2736 4778
177 332 225 410 82
392 374 395 379 ·
542 337 860 405 DISSERTATIO
893 336 921 402 I.

177 507 378 588 contractum
395 541 467 593 esse
489 530 526 584 ut
541 515 718 605 Ὀσκιὶπτω
734 517 948 600 circundatur,
960 513 1132 588 '‘Oorcons
1150 513 1286 606 ἀνέστη-

175 626 238 689 ’σαι
266 623 348 686 Η11.
383 642 497 707 parurn
529 621 684 689 credibile
717 635 781 701 est;
816 646 892 689 nam
924 622 1004 687 hacc
1033 619 1286 708 praepositionis

178 718 239 793 drot
261 723 424 810 corruptio
443 723 567 788 aeolica
584 736 642 800 est,
664 718 838 810 ipsumque
857 721 1057 802 ἆνάσκαλσις
1074 721 1287 806 incognitum.

176 824 292 909 Itaque
315 847 355 889 ex
378 847 417 889 eo
441 825 530 908 quod
546 823 753 910 Phrynichus
772 827 870 890 tradit
886 825 1017 890 Atticos
1035 845 1096 910 pro
1119 821 1288 904 σκαλίζειν
1329 804 1340 834 ⁸

178 927 285 992 dicere
308 921 505 1007 ἇσκαλίζειν,
528 928 745 1009 conjecturam
767 927 913 992 ducimus
937 926 1033 990 etiam
1052 921 1152 988 verbo
1175 921 1289 1008 primi-

175 1028 242 1092 tivo
264 1023 395 1094 σκάλλω
426 1027 560 1112 ejusque
586 1027 821 1094 inclinamentis
844 1028 1029 1092 adhaesisse
1049 1025 1194 1091 vocalem
1216 1045 1289 1089 mo·

176 1129 275 1197 bilem
295 1113 322 1196 ἆ
342 1138 374 1192 11
391 1113 421 1195 c.
466 1125 649 1211 Κιμβάζειν
677 1139 709 1194 11
738 1124 929 1214 ὂκιμβάζειν
956 1127 1143 1214 Hesychius
1172 1126 1289 1191 iisdem

178 1231 320 1318 explicat
333 1227 439 1294 verbis
462 1229 645 1313 διατρίβειν
666 1228 723 1297 καὶ
742 1226 1016 1315 στραγγειῖεσθαι,
1039 1250 1177 1313 quorum
1198 1227 1288 1291 alteri

176 1331 323 1399 vocalem
352 1330 550 1395 extrinsecus
580 1330 725 1395 additam
752 1351 825 1394 esse
854 1342 1115 1415 argumentamur
1139 1352 1178 1395 ex
1201 1328 1289 1393 affini

178 1432 371 1517 σκιμβάζειν
392 1433 497 1497 idest
518 1429 649 1514 σκάζειν
671 1431 862 1496 claudicare.
895 1433 961 1500 er
976 1433 1141 1497 mentione
1154 1430 1290 1516 dignum

175 1534 285 1600 'habeo
313 1531 480 1600 Theodori
514 1533 713 1619 grammatici
748 1542 965 1599 commentum
1000 1556 1020 1597 a
1054 1531 1287 1600 Choercbosco

179 1635 277 1704 Orth.
303 1636 375 1700 243.
408 1635 582 1699 memoriae
612 1633 778 1720 proditum
806 1633 902 1721 παρὰ
928 1635 965 1701 τὸ
990 1635 1072 1724 ῥιγῶ
1094 1635 1217 1719 γίνεται
1239 1631 1290 1720 ῥί-

178 1762 277 1823 ycaov
292 1735 349 1801 καὶ
370 1736 570 1821 πλεονασμῷ
590 1728 752 1819 ὀρίγανον.
787 1734 923 1823 Quippe
939 1735 1108 1802 Theodori
1127 1734 1289 1820 aequales,

180 1859 264 1922 quos
284 1836 342 1902 Du
369 1834 515 1919 Congius
536 1835 690 1912 nominat,
713 1837 858 1923 plantam
876 1837 963 1902 illam
981 1836 1114 1926 ρίγανον
1135 1845 1292 1902 vocarunt

179 1949 216 2003 ut
236 1948 268 2002 et
285 1935 383 2001 hodie
403 1935 593 2023 appellatur.
627 1936 761 2002 Noritia
777 1950 883 2003 autem
901 1939 1103 2004 consuetudo
1122 1926 1292 2006 omicron
1354 1990 1362 2004 .

178 2038 349 2128 principiis
370 2036 602 2103 vocabulorum
623 2040 721 2105 modo
745 2040 864 2106 addere
886 2051 972 2105 amat
997 2036 1096 2109 11111111
1118 2062 1179 2128 pro
1202 2039 1291 2117 σκιά,

134 2204 148 2219 ,,
179 2136 326 2225 ὅπτερον
355 2139 434 2226 filix,
459 2162 519 2226 pro
551 2138 688 2222 πτερόν,
724 2132 831 2227 dopna
869 2142 890 2206 i.
925 2165 956 2226 q.
989 2137 1092 2226 βρύον
1121 2140 1230 2207 lichen
1259 2162 1290 2204 v.

134 2212 947 2329 ’1111111111110111111111111.
969 2241 1291 2318 morosissimam

180 2334 271 2428 ψάρι
298 2341 384 2405 enirn
412 2341 529 2406 dicitur·
562 2341 599 2407 111
637 2337 800 2428 ὀψάριον,
835 2344 911 2431 cpida
941 2342 979 2410 τὸ
1007 2338 1158 2431 dolosos,
1189 2339 1293 2430 σπήτι

179 2441 377 2530 hospitium,
404 2443 514 2525 στρίόι
541 2453 698 2519 ostreum,
728 2439 822 2523 ξυνός
851 2467 911 2530 pro
939 2438 1073 2523 δ’ξυνος,
1103 2444 1209 2530 ρὲγειν
1231 2464 1292 2529 pro

182 2541 320 2629 ὀρέγειν,
342 2543 460 2628 hisque
485 2543 587 2608 simile
607 2554 656 2609 est
676 2541 821 2631 ρἰανον·
844 2566 1038 2631 graecumne
1061 2566 1103 2608 an
1120 2541 1293 2609 barbarum

182 2644 234 2721 sit,
258 2646 429 2710 nescimus.
469 2641 608 2734 Ὀκωχή,
631 2645 721 2730 quod
739 2645 819 2710 EM.
841 2647 913 2724 596,
936 2648 988 2711 50.
1008 2668 1081 2711 cunr
1099 2640 1225 2731 ὀπωπή
1248 2645 1293 2709 11·

183 2744 379 2833 milibusque
412 2747 579 2812 contendit
610 2758 741 2812 auctore
782 2749 918 2827 omisso,
960 2748 1206 2813 hindamcntum
1246 2758 1296 2810 est

183 2848 272 2912 verbi
295 2844 468 2930 ὄκωχεύειι
491 2859 524 2913 11
543 2849 682 2914 nominis
705 2843 864 2940 ἀνοκιυχή.
911 2848 1007 2937 Kasp}
1027 2870 1189 2934 nusquam
1209 2847 1293 2932 legi-

183 2972 255 3015 mus
278 2950 337 3014 sed
363 2949 513 3034 syntheta
534 2946 695 3036 ἀνακωχή,
719 2950 865 3039 cronopi
889 2948 1061 3036 κατακωχή
1084 2947 1293 3033 (1110111111.

183 3053 227 3117 ad
242 3052 362 3120 Marin.
384 3077 417 3140 p.
442 3054 528 3137 137.)
556 3063 589 3119 et
608 3051 742 3116 verbum
767 3051 843 3119 hinc
864 3051 1042 3117 derivatum
1063 3050 1097 3114 in
1119 3048 1295 3135 Sophoclis

182 3177 278 3219 versu
309 3151 425 3221 πιστοί
451 3181 492 3238 με
523 3151 722 3238 κωχεὺουσιν
752 3151 786 3220 ἐν
807 3158 900 3244 φορᾷ
926 3155 1044 3237 δέμας,
1071 3150 1162 3237 quod
1183 3151 1294 3235 Hesy-

186 3254 277 3319 chius
304 3257 532 3341 interpretatur
561 3249 685 3334 ὀχοῦσι,
729 3256 793 3319 His
815 3255 963 3319 omnibus
986 3255 1079 3319 facile
1102 3263 1152 3318 est
1171 3252 1297 3318 literam

184 3343 395 3423 {restituere
426 3356 484 3419 scd
509 3376 577 3418 non
604 3351 789 3419 laciendum
811 3354 949 3420 videtur.
992 3353 1127 3422 Praeter
1145 3351 1297 3430 Ὀπίπας

189 3450 344 3520 donastis
371 3457 452 3520 Hes.
484 3455 519 3518 id
551 3463 601 3519 est
625 3453 809 3540 speculator
831 3465 863 3518 et
883 3456 1069 3535 insidiator,
1099 3466 1196 3541 atque
1218 3476 1296 3540 syn·

187 3554 276 3618 theta
291 3557 513 3641 παιδοπίπης,
532 3552 795 3641 ιιαρθενοπίπης
806 3555 1014 3624 Grammatici
1032 3558 1171 3623 afferunt
1188 3556 1298 3634 πίπας

189 3668 222 3720 11
247 3653 381 3718 verbum
408 3661 518 3722 πιπᾶν
545 3657 662 3722 eodem
684 3676 749 3739 quo
773 3655 829 3719 illa
850 3657 1013 3725 intellectu
1032 3683 1063 3724 v.
1081 3658 1201 3726 Parall.
1223 3657 1296 3722 542.

189 3755 315 3823 Techn.
345 3756 363 3819 7
392 3779 440 3841 sq.
475 3781 559 3842 quae
594 3757 657 3823 nisi
685 3757 727 3821 ab
756 3756 819 3822 alio
850 3759 949 3825 verbo
979 3758 1056 3828 πάω
1088 3756 1297 3845 (convolvo)

183 3858 335 3947 ‘proiecta
358 3868 433 3920 sunt
454 3859 565 3923 addita
586 3858 844 3944 reduplicatione
861 3871 898 3924 ut
915 3860 1107 3948 πιφαύσκω,
1130 3859 1214 3925 effici
1231 3882 1299 3925 non

187 3960 310 4048 poterit
335 3959 413 4045 quin
435 3959 580 4025 vocalem
603 3959 788 4046 primariam
809 3961 981 4025 amiserint.
1015 3963 1052 4030 Si
1074 3962 1219 4027 omnium
1239 3983 1299 4026 vo·

190 4061 379 4126 cabulorum
419 4071 525 4147 styma
558 4081 765 4127 nosceremus
796 4061 1025 4146 integumentis
1059 4064 1126 4129 suis
1160 4064 1299 4140 evoluta,

191 4161 327 4227 fortasse
350 4164 514 4250 aliquanto
542 4165 635 4250 plura
656 4162 752 4246 hujus
777 4162 963 4249 aphaeresis
985 4166 1134 4253 exempla
1155 4165 1301 4252 prolerre

191 4284 362 4352 possemus
399 4277 431 4330 et
463 4265 609 4331 certiora.
663 4264 731 4330 Sed
765 4263 798 4328 in
833 4263 1062 4350 Olympiodori
1096 4267 1169 4332 loco
1203 4288 1301 4352 quem
