2736 4778
221 357 286 423 nn
308 317 528 426 svuoosn
549 355 695 424 muns
717 353 938 426 vocnnrs.
970 355 1009 424 c.
1020 357 1068 424 11.
1087 361 1113 445 §-
1122 357 1153 425 ο.
1183 363 1260 438 2⁶7

145 561 290 628 syncope
312 541 430 607 avolet.
472 540 546 606 Nec
567 539 780 606 concedenda
801 548 852 604 est
871 539 1032 607 adverbiis
1050 564 1134 628 quae
1150 543 1198 609 itti
1217 566 1261 610 ex

143 641 310 727 adjectivis
340 640 471 728 generis
499 638 645 705 neutrius
670 649 747 704 nata
765 640 889 706 ferum:
920 635 1009 709 ὠκέα
1032 635 1118 722 ὦκα,
1145 646 1258 732 οαφέα
1360 664 1365 670 ·

140 738 236 830 σάφα
259 738 468 827 ἀνεβιβάσθη
490 733 509 807 ὁ
530 738 627 818 τόνος
645 738 732 826 μετὰ
755 739 816 828 τὴν
839 734 1057 826 ὑπεξαίρεσιν
1080 746 1139 810 τοῦ
1162 731 1196 810 ε’·
1217 746 1256 809 τὸ

141 843 180 910 δέ
200 842 302 926 θαμά
325 838 481 922 ὄξὸτονον
501 835 570 907 ἀπὸ
593 844 654 909 τοῦ
675 836 791 923 θυμός
813 837 957 926 (danic)
975 834 1135 920 ὀξατόνοο
1148 842 1259 908 Hero·

141 941 259 1008 dianus
289 944 413 1011 Joanm
442 964 475 1028 p.
507 940 559 1006 29.
585 950 619 1006 et
641 939 843 1026 Apollonius
873 940 962 1006 Adv.
992 940 1066 1007 563.
1097 945 1193 1030 παρὰ
1220 943 1258 1011 τὸ
1305 1007 1314 1021 ,

139 1043 245 1124 ταχέα
266 1040 367 1123 τάχα,
388 1041 513 1129 κρατέα
535 1037 657 1128 κέρεα,
680 1039 771 1126 λίγα,
795 1034 882 1108 tiso·
911 1041 965 1109 διὸ
991 1044 1197 1129 σημειωτέον
1216 1044 1255 1110 τὸ

140 1137 242 1225 θαμά
266 1136 460 1225 ὀξονόμενον
491 1139 588 1225 παρὰ
619 1139 657 1207 sd
692 1138 816 1224 θαμῦς.
856 1142 924 1217 ¹Do
956 1142 1137 1221 nonnullis,
1171 1156 1284 1229 quae'

141 1241 373 1326 adjectivorum
389 1241 585 1309 adminiculo
603 1251 730 1319 carent,
753 1241 956 1329 disceptatur
974 1254 1082 1309 nuum
1104 1244 1181 1312 hinc
1201 1268 1254 1313 re·

137 1343 281 1429 petenda
312 1342 377 1408 sint
403 1366 445 1409 en
472 1366 493 1409 a
519 1342 646 1409 verbis:
676 1340 788 1428 ὥςπερ
819 1337 891 1411 tat
919 1346 980 1412 τοῦ
1008 1341 1099 1413 ὠκέα
1127 1343 1253 1430 γίνεται

136 1433 209 1509 ὦκα
224 1442 388 1523 -αὕτως
415 1438 516 1513 enta
545 1439 627 1510 ὄντα
644 1434 697 1528 ⁴⁸)
736 1439 757 1532 ἢ
788 1441 885 1528 παρὰ
914 1444 953 1511 τὸ
981 1439 1068 1511 ἇντῶ
1096 1441 1143 1525 ὡς
1168 1453 1253 1531 mysi

134 1547 232 1628 σῖγα,
265 1537 380 1632 ἢρεμῶ
407 1539 533 1633 ἠρέμα·
557 1539 769 1631 Ἡρωδιανός
797 1543 877 1609 ΕΜ.
909 1543 987 1621 111,
1014 1543 1067 1609 50.
1095 1567 1158 1611 nec
1184 1547 1252 1612 dis·

135 1654 250 1730 crepet
270 1643 471 1730 Apollonius
499 1645 520 1710 l.
549 1667 578 1711 c.
604 1644 679 1709 562.
708 1644 770 1710 sed
799 1645 926 1709 cantius
955 1645 1101 1730 loquitur
1121 1670 1155 1734 p.
1177 1648 1252 1714 549.

132 1744 172 1811 τὸ
201 1738 286 1811 ὄντα
315 1743 523 1831 παράκειται
548 1748 599 1833 τῷ
627 1740 717 1812 dno
746 1755 779 1810 et
796 1746 935 1811 fortasse
957 1747 1067 1812 omnia
1089 1744 1170 1813 haee
1192 1751 1251 1815 ad·

132 1843 244 1910 verbia
263 1868 332 1911 non
353 1867 374 1910 a
393 1845 501 1912 verbis
523 1857 555 1912 et
577 1846 745 1931 adjectivis
767 1847 913 1913 derivata
940 1848 1000 1914 sed
1021 1871 1095 1914 cum
1115 1850 1156 1915 iis
1179 1853 1251 1916 affi-

132 1945 233 2011 nitate
263 1945 374 2033 stirpis
402 1949 578 2033 conjuncta
606 1970 680 2014 esse
710 1948 859 2014 credidit.
907 1950 1040 2015 Etenim
1067 1963 1184 2017 nutura
1205 1954 1251 2017 ita

131 2046 196 2112 fert
214 2057 251 2112 ut
271 2047 440 2126 adverbia,
463 2070 548 2134 quae
570 2047 778 2133 distinctione
796 2070 969 2134 generum,
1000 2070 1149 2128 casuum,
1174 2074 1250 2138 per·
1299 2125 1303 2129 ,

132 2170 287 2214 sonarum
302 2160 422 2226 carent,
439 2149 548 2214 minus
567 2148 760 2214 articulatim
775 2160 967 2236 promantur
981 2170 1078 2235 quam
1093 2151 1251 2236 adjectiva

132 2259 166 2315 et
194 2249 293 2316 verba
318 2272 348 2315 v.
379 2249 499 2316 Par-nil.
531 2249 602 2316 163.
651 2249 721 2317 Sed
742 2251 815 2334 jam
845 2260 975 2336 tempus
1002 2261 1052 2317 est
1081 2252 1122 2319 de
1142 2253 1249 2319 verbis

131 2350 257 2437 aliquid
277 2351 396 2418 dicere.

216 2451 290 2545 539.
322 2450 511 2518 Praesentis
532 2450 657 2517 activae
675 2448 800 2518 formae
818 2451 883 2516 duo
901 2451 993 2516 modi
1013 2452 1048 2515 in
1066 2474 1249 2520 sermonem

130 2551 300 2621 incurrunt
307 2576 318 2631 ;
344 2576 430 2619 unns
453 2562 503 2618 est
527 2550 738 2639 imperativus
760 2551 944 2618 homericus
966 2553 1071 2641 φέρτε
1093 2547 1166 2619 ἀντὶ
1187 2560 1248 2623 τοῦ

129 2651 250 2739 φέρετε
275 2654 370 2720 Euat.
396 2653 473 2731 145,
497 2653 550 2718 24.
581 2675 665 2737 quae
696 2674 842 2740 syncope
869 2653 968 2718 latius
999 2653 1183 2719 dominatur
1211 2656 1248 2721 in

127 2751 229 2820 verbo
250 2753 361 2822 latino.
406 2753 492 2821 Cum
512 2753 576 2821 hoc
596 2754 813 2819 Buttmannns
835 2753 979 2820 Grsmm.
998 2754 1045 2820 11.
1068 2755 1142 2820 320.
1165 2779 1245 2823 con·

125 2853 190 2919 fert
205 2856 430 2943 προφύλαχθε
450 2855 485 2920 in
501 2856 547 2919 H.
559 2856 604 2921 H.
622 2854 713 2941 quod
733 2877 775 2921 ex
792 2852 1026 2943 προφολάκετε
1046 2868 1247 2924 contractum

125 2965 233 3042 putat.
284 2955 353 3024 Sed
382 2965 416 3021 et
443 2953 583 3044 φυλάττω
614 2956 768 3040 analogia
796 2966 885 3020 caret
915 2978 946 3020 v.
974 2955 1100 3023 Techn.
1128 2959 1180 3024 57.
1213 2971 1247 3025 et

126 3056 218 3142 quod
237 3056 292 3121 ille
310 3056 387 3123 hinc
404 3057 602 3122 declinatum
619 3065 732 3121 censet
746 3052 918 3139 φύλαχθε·
936 3054 971 3119 id
991 3056 1078 3120 enim
1096 3057 1246 3140 pitense

89 3152 97 3167 “
125 3157 302 3242 dicendum
324 3158 468 3242 eretfl),
489 3178 552 3222 nec
573 3166 650 3242 apte
671 3154 836 3220 confertur
856 3174 930 3218 cnm
953 3154 1145 3243 imperativo
1168 3178 1244 3244 per·

124 3258 201 3325 fecti
224 3251 351 3342 ἔνιοχθε
374 3251 517 3341 ἄνωχθε.
560 3253 769 3323 Probabilins
787 3253 1056 3322 Schneidewinm
1078 3257 1113 3321 in
1133 3257 1244 3325 libello

128 3359 186 3424 Die
206 3363 289 3425 hom
310 3360 428 3443 Hymet.
451 3359 513 3444 att!
529 3359 631 3441 Apoll.
652 3380 686 3444 p.
707 3356 760 3421 47.
784 3354 951 3421 substituit
972 3357 1152 3444 perfectum
1175 3360 1244 3425 usi·

124 3470 226 3525 tatum
252 3460 332 3548 νηὸν
354 3454 388 3527 d'
414 3450 450 3526 εὖ
474 3458 693 3548 nepotum,
723 3479 785 3523 nec
814 3467 923 3522 tamen
950 3458 1151 3524 demonstrat
1177 3484 1244 3549 φο-

192 3696 239 3761 to)
253 3693 300 3749 Sic
314 3692 424 3750 correxi
435 3692 551 3764 vulgata
564 3688 651 3755 οὕτως
661 3690 744 3748 ἀντία
755 3688 816 3748 ἀντὶ
826 3687 1027 3762 Ἀλεξάνδροιο,
1040 3711 1113 3766 quae
1125 3694 1242 3751 Homeri

122 3779 212 3833 verba
230 3781 267 3832 ad
285 3777 362 3834 aliud
380 3786 466 3851 caput
484 3784 624 3850 spectant.
662 3776 802 3833 Omissum
817 3774 866 3833 hic
882 3776 993 3854 drpspei
1005 3776 1112 3853 ἀτρέμα
1128 3780 1243 3835 additur

123 3882 152 3935 p.
167 3864 227 3929 165,
242 3866 281 3918 tt.
317 3864 444 3920 Alterum
461 3861 599 3918 rationem
616 3862 743 3934 sequitur
757 3862 920 3920 Euanthius
939 3866 1015 3932 12⁹1,
1027 3866 1071 3921 ³7.
1089 3864 1119 3922 τὸ
1136 3862 1243 3921 ἄναντα

122 3951 154 4004 tn
173 3952 221 4004 τοῦ
241 3947 360 4004 &verses
377 3948 415 4013 αἱς
430 3953 477 4004 καὶ
496 3948 525 4005 τὸ
543 3944 663 4004 κάταντα
679 3953 728 4005 καὶ
744 3948 879 4024 euripum.

191 4035 238 4101 47)
256 4035 420 4104 Σονοΐκτην,
439 4036 517 4106 quod
535 4032 671 4089 Matthias
688 4052 717 4106 p.
731 4038 790 4091 126.
808 4034 927 4101 aurietis,
945 4033 993 4108 qui
1011 4039 1158 4096 vocantur,
1176 4050 1241 4103 syn·

122 4118 231 4192 copatis
244 4121 418 4185 adnumeret,
434 4120 524 4174 multo
536 4126 602 4174 ante
618 4129 775 4177 correctum
790 4129 852 4175 crat
866 4121 920 4174 sed
936 4118 1050 4190 decepit
1065 4116 1149 4172 etism
1159 4117 1241 4172 Butt-

119 4221 253 4260 mannum
277 4205 347 4261 Lex.
367 4206 389 4261 1.
410 4208 449 4261 16.
473 4205 670 4263 adverbiorum
693 4205 844 4279 έτταέγέην,
873 4201 1138 4279 προπροκαταΐγδην
1165 4203 1240 4261 1οΜ

122 4291 251 4346 oblitum.
