2736 4778
359 396 642 466 namucum.
685 397 720 466 c.
740 398 800 467 m
822 401 841 486 p
867 400 893 467 1.
1122 400 1188 469 aaa

71 559 173 641 logice
194 559 371 642 generibus,
393 560 550 628 rhetorico
571 566 606 630 et
626 564 842 645 grammatico.
885 562 929 630 Et
950 561 1024 631 hnic
1045 563 1189 631 subiecta

73 667 146 727 sunt
169 664 216 729 δῶ
239 665 273 728 et
294 667 357 748 api,
380 663 485 745 specie
506 664 742 747 quidemperia,
766 652 907 733 sednon
928 665 1071 733 eiusdem
1091 667 1188 734 licen·
1209 681 1211 686 ·

71 765 152 844 tiae;
184 766 267 829 nam*
290 765 370 830 illud
401 767 485 831 ratio
515 768 653 850 respuit,
686 767 746 835 boc
778 769 980 835 consuetudo.
1030 768 1187 851 Utrinque

72 866 171 931 distat
191 867 321 932 tertium
342 860 589 951 Empedoclem
611 863 682 951 dua,
704 872 755 936 cui
776 891 839 938 non
860 872 984 953 integra
1000 870 1122 954 syllaba
1132 871 1187 937 de-

71 969 168 1033 cessit
199 970 256 1056 sed
277 989 353 1052 pars
375 971 524 1053 syllabae.
567 970 606 1037 Id
632 991 707 1040 vero
741 973 781 1039 eb
804 973 949 1056 analogia
979 991 1042 1039 non
1063 973 1187 1056 longius

70 1072 191 1139 recedit
211 1091 307 1155 quam
330 1071 405 1163 λίψ,
429 1071 509 1153 πύξ
529 1080 563 1140 et
585 1075 648 1141 alia
668 1076 892 1158 monosyllaba,
916 1094 1050 1159 quorum
1070 1076 1183 1158 pleris-

69 1191 130 1255 que
164 1192 268 1240 sermo
299 1181 517 1242 maturescens
549 1176 714 1243 substituit
745 1179 847 1260 magis
880 1178 1061 1258 ardculate,
1104 1177 1187 1243 sola·
1226 1234 1228 1239 .

69 1293 131 1355 que
163 1277 279 1341 raritas
312 1278 454 1344 vocabuli
486 1283 520 1345 ct
550 1279 744 1362 reliquorum
776 1296 907 1345 casuum
939 1278 1082 1346 deiectus
1114 1279 1187 1344 Ari-

69 1376 214 1443 stotelem
236 1379 397 1447 induxisse
418 1381 558 1461 videtur,
593 1386 630 1447 ut
652 1381 697 1447 ab'
714 1382 832 1448 usitato
861 1381 1019 1447 detortum
1047 1386 1185 1464 putaret

68 1476 196 1561 [Parall.
222 1480 282 1546 113
305 1483 387 1568 squ]

153 1650 223 1734 §2
267 1653 387 1718 Penum
422 1652 462 1717 ab
495 1652 666 1722 Aristotele
698 1653 820 1719 modice
853 1653 1043 1719 instructum
1075 1653 1185 1719 multis

65 1751 209 1832 partibus
232 1760 390 1819 auxerunt
409 1755 623 1837 grammatici,
646 1773 781 1838 quorum
802 1756 909 1836 copias
931 1755 1089 1821 incondite
1110 1774 1184 1837 pro·

65 1851 153 1919 farsas
175 1855 340 1938 disponam
362 1875 420 1937 pro
442 1875 573 1923 numero
606 1862 639 1923 et
670 1857 780 1922 ordine
812 1856 991 1937 literarum,
1026 1874 1105 1939 quas
1139 1856 1185 1921 illi

65 1955 219 2021 decidisse
240 1962 363 2038 putant
406 1958 468 2023 Pro
501 1960 594 2025 unius
627 1958 739 2025 literae
773 1957 899 2024 deiectu
926 1955 1058 2023 affertur
1085 1976 1183 2023 unum

64 2055 174 2142 plaja,
196 2058 281 2139 quod
302 2058 503 2125 Herodianus
525 2060 557 2125 in
581 2059 666 2126 Mon
691 2059 739 2126 16.
765 2059 805 2126 14
834 2066 945 2127 auctor
967 2066 1018 2127 est
1038 2060 1078 2125 ab
1100 2061 1183 2126 Her·

63 2161 256 2226 mesianacte
279 2162 397 2227 dictum
424 2180 495 2227 esse
527 2163 560 2226 in
591 2162 679 2227 exitu
710 2180 821 2228 versus
851 2162 986 2228 heroici:
1024 2160 1183 2249 ἐφλέγετο

64 2259 152 2347 ytp'v.
196 2262 254 2329 Ille
278 2265 361 2330 enim
383 2283 480 2347 quum
498 2264 650 2330 vocabula
659 2263 789 2351 μονήρη
813 2282 851 2329 ex
861 2261 1005 2346 professo
1020 2269 1183 2345 tuaebret,

62 2365 146 2430 inter
168 2365 384 2449 monosyllaba
410 2368 442 2432 in
464 2370 500 2453 ᾗ
520 2367 668 2433 exeuntia
688 2385 786 2432 unum
808 2367 928 2432 invenit
955 2366 1049 2432 avia
1070 2365 1181 2448 depul-

64 2485 134 2531 sum
166 2467 262 2549 idque
295 2470 328 2534 in
350 2471 488 2536 omnium
509 2489 571 2536 usu
597 2470 735 2552 positum
769 2474 803 2534 et
835 2468 1044 2534 immutabile:
1079 2465 1182 2555 pata

62 2588 137 2635 nam
157 2567 236 2658 μήν,
268 2568 344 2658 χήν,
377 2579 483 2638 cetera
510 2578 566 2638 aut
587 2571 753 2638 masculini
774 2570 899 2653 generis
921 2588 993 2635 esse
1020 2574 1077 2634 aut
1098 2586 1182 2634 com-

63 2672 183 2752 munia3
216 2672 275 2738 hoc
297 2680 404 2739 autern
438 2675 478 2741 ab
500 2676 618 2740 usitato
639 2671 738 2762 γλήνη
761 2674 841 2738 adeo
870 2671 949 2736 nihil
971 2669 1113 2751 Merra,
1146 2675 1183 2736 ut

63 2774 103 2839 ab
126 2792 163 2839 eo
184 2773 361 2856 proiectum
382 2778 482 2843 videri
504 2777 628 2843 debeat
664 2776 831 2855 ·At·enim‚
854 2774 881 2839 si
898 2778 1033 2841 naturae
1056 2790 1182 2839 cursum

62 2877 270 2957 attendimus,
292 2896 373 2960 quae
396 2898 417 2943 a
437 2878 633 2945 breuioribus
655 2880 697 2945 ad
717 2879 871 2960 ampliora
893 2875 1063 2942 ascendere
1086 2877 1181 2953 amat,

62 2976 141 3065 γλήν
163 2980 329 3045 dicendum
350 2984 400 3044 est
425 2980 514 3061 prius
535 2986 646 3045 natum
668 2999 739 3045 esse
761 2998 856 3062 quam
877 2975 978 3065 γλήνη
1001 2980 1034 3040 et
1055 2976 1181 3060 γλῆνος.

62 3080 96 3145 Si
118 3082 731 3164 veronovitatemauctorisreputamus‚
755 3079 972 3160 concedemus,
994 3075 1179 3159 lieriposse

61 3183 145 3265 quod
167 3182 367 3249 Herodianus
390 3184 473 3250 dicit
516 3183 599 3249 Nam
632 3201 714 3266 quae
746 3183 853 3264 paullo
885 3185 961 3263 post
993 3179 1032 3244 de
1054 3178 1181 3244 Philota

61 3285 330 3351 Hermesianactis
351 3292 558 3369 praeceptore
581 3291 614 3351 et
624 3284 826 3367 Euphorione
838 3281 1019 3363 afferentur,
1042 3281 1180 3346 ostentui

61 3392 144 3466 sunt,
167 3388 265 3453 semel
287 3390 422 3454 excitata
444 3405 601 3471 apocopae
616 3388 770 3470 opinione,
791 3391 903 3469 poetas
924 3374 1077 3463 literatos,
1100 3401 1178 3465 qua·

59 3490 107 3555 les
129 3491 244 3556 multos
267 3492 342 3556 tulit
363 3491 577 3557 Alexandrina
599 3497 702 3571 aetas,
731 3490 816 3556 etin
839 3488 1000 3570 palaestra
1021 3503 1178 3569 gramm-

60 3592 124 3658 tica
145 3593 242 3675 probe
265 3593 453 3660 exercitatos
474 3593 559 3659 idem
581 3592 642 3658 sibi
662 3592 740 3657 iuris
763 3608 938 3673 arrogasse,
960 3587 1045 3672 quod
1065 3587 1178 3671 priori-

59 3695 120 3760 bus
148 3714 330 3761 coucessum
356 3702 521 3778 putarent,
556 3700 593 3760 ut
628 3693 850 3760 vocabulorum
884 3693 988 3758 exitus
1020 3690 1177 3773 intrepide

60 3798 276 3879 deposcerent
303 3833 338 3844 -
374 3798 500 3881 insigne
532 3797 626 3863 huius
648 3795 795 3862 licentiae
823 3796 983 3879 specimen
1016 3794 1117 3861 edidit
1149 3794 1177 3856 is

59 4104 129 4173 νικὴ,
149 4100 393 4178 προσχηματιχμὸς
411 4100 526 4170 duranda,
545 4101 674 4170 ἆποκοπή
689 4104 707 4158 d
710 4104 723 4157 ὲ
733 4100 837 4172 duplari
847 4119 874 4155 aa
885 4098 956 4168 ὁμοῦ
970 4099 1017 4151 καὶ
1025 4091 1117 4163 ducaei
1126 4103 1188 4151 etc„

58 4196 155 4263 Draco
167 4211 192 4260 p.
213 4191 264 4246 loo
282 4210 312 4260 sq
357 4191 516 4244 Probabilor
534 4198 574 4242 est
591 4193 722 4243 distinctio
740 4193 768 4240 in
785 4190 865 4239 Exco.
885 4188 967 4238 Paria.
986 4185 1069 4237 Bastii
1087 4180 1173 4250 poet

59 4275 190 4345 ἂποκοπὴ
208 4273 300 4342 durand
328 4280 382 4336 μέν
404 4275 477 4330 ἔστιν
503 4274 534 4328 ἔν
555 4276 593 4342 τῷ
607 4272 730 4328 Ἀπόλλω
749 4274 795 4325 καὶ
813 4275 910 4335 Μίνω,
937 4266 1062 4337 ποιητικὴ
1086 4267 1118 4322 δὲ
1143 4265 1176 4321 ἐν

59 4367 96 4434 τῷ
112 4366 182 4435 ἱδρῶ
201 4366 246 4416 καὶ
264 4364 302 4432 cpi
321 4362 361 4415 co
380 4364 427 4416 acl
444 4361 475 4415 ἔν
492 4366 548 4420 τοῖς
563 4362 680 4419 λοιποῖς.

111 4448 227 4499 iactast,
239 4448 323 4519 balbul.
338 4447 365 4488 Π.
952 4422 990 4491 19
