2736 4778
287 365 457 435 ENOLISI
478 367 533 434 ET
556 367 702 435 SYNAL.
726 367 977 436 CONIUNGTA.
1022 373 1041 455 ς
1066 370 1092 436 1.
1180 371 1255 437 325-

123 537 187 612 est3
220 550 294 596 narn
316 532 389 597 hinc
411 550 506 613 saepe
528 533 646 612 pendet
668 534 811 614 quaestio
841 534 949 598 de't
902 553 935 598 ιιι
936 538 1082 614 tterpunc
1068 534 1161 600 t.ione
1204 534 1243 599 ld

124 635 239 700 clarius
261 632 427 716 apparebit
448 633 588 714 paullum
610 635 796 716 progressis.
1271 650 1272 654 ’

209 737 279 820 §2
323 734 428 801 Verbo
440 735 591 815 enclrtrco
614 736 783 818 qnodhact
770 742 862 802 tenus
872 702 1086 817 tracmvimus,
1109 690 1243 804 similem

122 840 364 905 inconstantiam
376 857 453 920 prae
465 856 500 903 se
511 837 618 903 lerunt
632 839 873 920 pronominis
889 840 1112 921 personalis
1130 858 1245 906 casus

122 940 389 1024 monosyllabi.
417 940 553 1006 Ηιειιιιιι
564 945 638 1021 post
647 940 800 1006 vocabula
810 943 1048 1025 paroxytonam
1060 947 1174 1024 parent
1159 942 1244 1009 thesi

122 1044 226 1126 posita
248 1062 310 1110 non
332 1043 426 1108 aliter
448 1042 629 1108 scribuntur
650 1062 746 1124 qnam
766 1044 799 1108 in
817 1062 962 1110 sermone
983 1063 1046 1110 non
1068 1045 1244 1127 lnterrnpto

120 1147 180 1212 hoc
207 1151 258 1212 est
278 1150 410 1212 accentu
438 1144 537 1210 nullo:
572 1140 612 1209 οὐ
634 1146 714 1230 γὰρ,
750 1144 830 1234 ἔφη,
863 1170 930 1226 μου
952 1154 1245 1234 καταμαρτυροῦσι

122 1247 281 1315 Plutarch.
305 1247 372 1313 Ser.
393 1236 601 1312 Num'Vind.
624 1264 650 1312 o
672 1246 752 1312 VIII
772 1246 836 1315 553
856 1247 895 1327 Ε,
920 1243 938 1312 ὃ
962 1248 1024 1333 γὰρ
1048 1249 1142 1328 Ζεὺς,
1167 1249 1243 1338 ἔφη,

121 1376 179 1433 μοι
203 1351 321 1438 φανείς
344 1349 530 1435 προσέταξε
563 1368 591 1413 v.
614 1347 719 1414 Crass
742 1347 805 1414 XII
828 1348 868 1415 19
896 1369 926 1430 p.
950 1350 1013 1416 550
1044 1351 1078 1416 Τ.
1100 1351 1134 1416 11
1155 1352 1244 1433 Sina,

123 1449 167 1530 ὡς
192 1447 327 1540 Μάνην,
351 1449 430 1540 ἔφη,
466 1476 508 1531 με
531 1446 704 1538 θεράπευε
724 1449 847 1516 Muson.
871 1450 958 1516 Siob.
980 1452 1063 1518 Flor.
1086 1454 1179 1519 XVII
1201 1453 1243 1522 li

122 1553 237 1638 plot,
258 1555 421 1635 χαλεπῶς,
446 1552 522 1641 ἔφη,
545 1576 588 1636 με
610 1546 649 1617 δν
674 1549 761 1631 ἴδοις
772 1552 863 1618 Dion.
875 1552 1043 1636 ChrysIV
1057 1555 1117 1620 118
1128 1555 1245 1637 Reisk„

121 1677 152 1738 p.
176 1657 226 1722 70.
252 1655 292 1721 18
313 1655 404 1737 Emp.
448 1654 536 1721 Haec
568 1655 701 1721 attalia
726 1653 862 1721 fortasse
887 1654 1001 1749 Grteci
1027 1658 1088 1739 ipsi
1110 1659 1244 1725 telerins

123 1778 218 1842 qnam
228 1777 285 1824 nos
297 1758 434 1824 solemus
445 1757 809 1838 pronuntiaruntvixut
819 1759 984 1824 anditetur
995 1760 1241 1843 interpositio.—

123 1863 228 1944 Atoue
266 1861 351 1926 idem
384 1859 539 1941 suspicari
576 1859 652 1925 licet
688 1859 728 1924 de
761 1860 928 1927 tritIssimo
960 1862 1014 1927 illo
1046 1863 1245 1944 parenthesis

123 1965 264 2046 exemplo
297 1970 366 2045 μοι
404 1963 531 2041 δοκεῖ,
567 1980 702 2044 quarum
722 1979 835 2028 vocum
857 1964 944 2045 prior
964 1983 1028 2029 ιιοιι
1049 1965 1150 2032 solnm
1172 1973 1246 2049 post

121 2073 316 2149 paroxytcna
337 2071 471 2134 accentu
493 2070 581 2130 caret
601 2062 865 2147 interpunctionis
887 2071 964 2131 nota
979 2067 1167 2150 plerumque
1188 2087 1245 2151 ap·

121 2169 239 2250 posita:
274 2166 447 2255 παρομίαν
470 2167 621 2234 παλαιὰν
643 2166 772 2244 δείσας,
796 2191 855 2250 μοι
879 2170 986 2245 δοκεῖ,
1010 2169 1048 2235 τδ
1072 2167 1247 2258 δίσφηιιον

123 2267 223 2357 αὐτῆς
255 2270 446 2339 διατίθεται
479 2270 689 2338 Plutarchi.
712 2270 800 2336 Arai.
828 2288 854 2336 c.
875 2269 910 2351 Ι,
944 2267 1015 2354 ὅτε,
1049 2296 1111 2356 μοι
1144 2274 1245 2356 δοκεῖ,

121 2370 288 2441 συνετίθει
322 2373 379 2441 τὸν
412 2371 509 2462 λόγον
543 2375 623 2440 Plat.
645 2373 768 2439 Mones.
792 2371 855 2438 236
878 2373 921 2453 Β,
956 2374 1012 2439 sed
1044 2374 1096 2440 hic
1129 2377 1247 2442 omittit

124 2475 350 2542 Stallbaumins
371 2478 403 2543 in
426 2478 501 2544 edit.
527 2475 619 2543 Goth.
655 2477 688 2541 in
709 2475 890 2543 huiusmodi
911 2477 1003 2556 locis,
1037 2477 1111 2562 ροία
1126 2500 1245 2563 paren-

124 2576 219 2641 thesis
241 2601 310 2643 cum
325 2580 489 2665 primario
510 2578 722 2643 enuntiatione
745 2579 841 2664 qnasi
867 2579 902 2642 in
918 2601 1017 2649 funum
1040 2601 1156 2664 corpas
1177 2602 1246 2643 coc-

123 2680 229 2761 ῐειεατ,
252 2681 531 2768 interpunctionem
551 2679 720 2746 tollendam
741 2681 893 2748 iudicans.
924 2680 969 2746 Et
979 2680 1098 2747 Tollius
1120 2684 1245 2765 quoqne

77 2869 81 2877 Ι
123 2784 155 2847 in
178 2782 308 2865 Longin.
330 2802 355 2849 c
378 2783 410 2848 11
432 2783 484 2850 fin.
518 2779 578 2851 οὐκ
601 2779 640 2849 iv
661 2783 723 2862 ἔτι,
745 2808 806 2869 μοι
829 2786 936 2862 δοκεῖ,
962 2783 1142 2871 περρισσῆν
1166 2781 1245 2870 ἡγή-

126 2909 223 2951 σαιτο
249 2923 283 2932 -
311 2885 469 2953 abdicavit
501 2872 656 2953 cancellos
688 2873 829 2952 wei'skio
863 2889 896 2949 et
929 2884 1054 2966 Eggero
1086 2886 1245 2965 probatos.

123 2988 242 3053 Verum
264 2988 360 3053 etiam
382 2987 409 3051 si
431 3005 522 3053 voces
544 2989 698 3054 eiusmodi
720 2986 927 3066 antecedunt,
956 3004 1039 3067 quae
1060 2991 1170 3052 tonum
1192 3007 1246 3052 en-

122 3090 244 3155 cliticae
266 3089 307 3155 ad
330 3107 364 3155 se
385 3090 526 3172 recipere
547 3090 689 3173 possint,
724 3090 765 3154 ad
798 3106 853 3154 eas
875 3106 937 3152 non
959 3087 1124 3153 transfert:
1160 3089 1247 3174 ἐξέρ-

106 3217 227 3274 ιχεται,
250 3189 305 3258 ἵνα
330 3190 615 3280 προαναβάληται,
637 3216 703 3275 μοι
720 3192 814 3258 δοκεῖ
833 3190 931 3255 Arist.
942 3190 1015 3255 Pac.
1030 3186 1112 3253 1260
1125 3187 1247 3272 (1267),

120 3295 180 3359 -ubi
201 3294 359 3375 Bergkius
383 3295 510 3376 scripsit
538 3290 812 3380 προαναβάληταί
838 3317 913 3376 μοι,
949 3292 1006 3357 sed
1039 3291 1106 3357 sine
1139 3292 1249 3357 enclisi

126 3402 252 3461 etcum
276 3397 403 3478 stigma:
432 3403 578 3486 σοφιστῇ
600 3394 730 3472 νεωστὶ,
754 3420 813 3479 μοι
834 3397 934 3468 δοκεῖ,
959 3393 1248 3460 καταπεπλευκότι

126 3498 207 3564 Plat.
240 3496 526 3581 animitate,
560 3499 615 3565 διὰ
644 3501 758 3578 τοῦτο,
790 3521 849 3580 μοι
884 3498 991 3569 δοκεῖ,
1028 3494 1086 3593 τδς
1116 3496 1248 3574 τελετὰς

127 3600 319 3680 κατέδειξαν
341 3602 424 3667 Plut.
446 3602 486 3668 de
507 3601 605 3667 Educ
626 3599 703 3666 XIV
726 3598 766 3664 10
794 3593 941 3680 et'paulo
964 3602 1037 3663 anie
1060 3595 1247 3684 ἐρωτήσαν-

127 3728 184 3782 τος
211 3699 331 3779 αδτδν,
365 3729 425 3787 μοι
454 3705 560 3777 δοκεῖ,
597 3698 741 3787 Γοργίου
763 3700 841 3767 VIII
864 3700 883 3767 6
906 3700 943 3765 A.
986 3700 1247 3783 wyttenbachius

126 3805 178 3870 hic
211 3810 244 3871 et
275 3804 351 3871 alibi
383 3806 559 3887 pronomini
591 3809 754 3870 accentum
775 3822 904 3886 gravem
926 3803 1041 3869 indidit
1062 3804 1176 3885 stigma
1197 3821 1247 3868 re-

127 3913 248 3991 tenta„
266 3909 464 3991 eundemque
486 3907 625 3974 Sintenis
656 3908 738 3972 inv.
761 3907 850 3973 Publ.
873 3906 966 3971 XVII
988 3905 1026 3968 31
1058 3924 1088 3984 p.
1111 3904 1173 3968 217
1209 3898 1247 3969 oi

128 4014 281 4090 τοσοῦτο,
303 4009 363 4092 μοὶ
385 4012 488 4088 δοκεῖ,
512 4006 609 4098 φόβῳ
634 4047 669 4058 -
695 4014 728 4077 et
749 4009 942 4076 Jacobitzins
962 4008 1002 4103 in¹
1017 4006 1146 4071 Lucian.
1168 4005 1248 4070 Piso.

129 4113 146 4198 ξ
171 4112 208 4178 31
234 4133 264 4194 p.
287 4111 350 4178 360
375 4107 434 4178 οίικ
458 4107 498 4177 δν
520 4108 704 4195 ἀνάσχοιτο,
728 4109 828 4191 ἀλλὰ,
850 4111 909 4193 μοὶ
933 4113 1034 4190 δοκεῖ,
1057 4105 1249 4194 ἐπιτρίψαι,

130 4222 226 4299 atque
248 4215 415 4282 Jacobsius
438 4215 584 4281 Philostr.
605 4213 724 4297 lmagg.
747 4212 880 4279 111866
903 4213 989 4296 (115.
1016 4211 1069 4294 15)
1093 4211 1150 4275 τὸν
1172 4207 1249 4277 ἑαυ-

129 4324 209 4409 τοῦ,
241 4319 300 4402 μοὶ
330 4321 455 4395 δοκεῖν,
490 4309 599 4385 ἆθλον
621 4312 867 4413 ἀφηγούμενος,
901 4319 1034 4394 uterque
1056 4306 1154 4381 'verba
1175 4314 1249 4381 olim
