2736 4778
178 472 221 589 16
557 468 835 538 Dlssnltuaulo
866 470 920 537 vl

181 636 367 720 approbavit
387 636 533 720 idemque
565 635 642 702 mihi
669 635 830 718 aliquanto
851 636 963 703 lectius
984 636 1112 703 videtur
1134 655 1249 719 quam
1273 637 1320 701 cis

176 740 300 825 fomes
326 739 458 806 Lehrsio
490 739 642 822 placitum
673 740 707 805 in
729 738 905 826 Populoere
925 737 1098 824 Anfractu
1118 758 1156 822 p.
1184 740 1252 821 77,
1287 738 1321 805 id

181 845 264 911 enim
295 843 414 909 nullam
448 841 568 925 figurae
600 843 770 925 imaginem
803 842 981 927 legentibus
1014 842 1156 908 subiicit
1224 841 1322 921 Quod

180 965 254 1013 vero
275 946 322 1012 illi
343 946 503 1027 adiiciunt
526 947 648 1012 Atticos
662 965 787 1030 quoque
798 948 1040 1030 quadrupedum
1053 946 1159 1029 pedes
1176 947 1321 1029 priores,

178 1051 255 1134 quia
273 1049 414 1116 humeris
427 1050 723 1130 laxiusadbaeront
743 1046 875 1137 ἀώρους
884 1051 1072 1129 nominasse,
1094 1052 1322 1132 praepostere

180 1154 337 1236 colligitur
359 1171 398 1218 ex
419 1153 613 1220 Philemonis
635 1152 780 1219 versibus
802 1154 837 1220 F.
859 1154 903 1219 LI
925 1174 952 1234 a,
974 1152 1029 1218 ubi
1054 1151 1157 1217 herus
1182 1170 1320 1219 servum

178 1259 330 1340 increpat
352 1257 437 1339 quod
459 1252 569 1335 πόδας
591 1250 722 1344 ἀώρους
744 1276 762 1323 1
784 1258 916 1324 macello
939 1255 1064 1323 auferre
1085 1254 1204 1321 iussus
1231 1260 1322 1323 attu-

179 1361 253 1428 lerit
288 1354 479 1438 ὀπισθίσνς.
545 1359 606 1426 Η11
638 1361 722 1427 enim
753 1360 893 1444 loquitur
925 1360 1102 1442 glossarum
1139 1357 1323 1427 affectator

181 1462 371 1545 Lexiphanis
393 1463 506 1529 similis
528 1468 562 1528 et
582 1464 623 1530 ob
644 1464 726 1530 hanc
747 1464 937 1531 cacozeliam
951 1462 1108 1541 acomico,
1132 1467 1175 1528 ut
1186 1456 1320 1546 opinor,

181 1566 364 1633 1011111-
379 1567 417 1632 In
440 1568 575 1633 decursu
607 1566 702 1632 huius
730 1584 882 1648 operosae
903 1565 1145 1631 consultationis
1170 1567 1328 1659 occurat,

180 1670 376 1752 Eustathiua
398 1671 452 1754 qui
474 1669 601 1736 insolito
623 1663 670 1755 dp
692 1671 880 1753 aequiparat
901 1661 970 1749 ὦλξ
990 1669 1127 1735 inomni
1151 1671 1320 1738 memoria

180 1774 371 1855 incudinum,
404 1772 556 1839 subnixus
582 1772 636 1838 ille
670 1773 848 1839 accusativo
875 1771 1113 1855 incomparabili
1137 1765 1254 1855 ὦλκα,
1279 1774 1320 1842 do

181 1896 243 1960 quo
276 1877 355 1943 nihil
386 1876 474 1942 ahud
501 1876 563 1941 dici
584 1880 691 1957 potest
711 1876 773 1942 nisi
793 1876 922 1941 11111111
944 1867 1061 1956 insa,
1096 1867 1241 1942 αίῖλακα
1267 1878 1320 1945 via

180 1980 317 2064 quadam
339 1979 488 2046 abstrusa
509 1977 649 2045 affictum
672 1998 752 2061 esse,
785 1999 814 2045 v.
836 1979 951 2044 Parall.
977 1978 1034 2047 111
1069 1978 1154 2063 [Vol.
1178 1977 1197 2044 1
1223 1978 1318 2070 2331

181 2083 218 2151 In
240 2088 275 2163 ff
297 2084 423 2150 omnino
443 2101 502 2148 vox
523 2083 611 2149 nulla
632 2083 757 2164 desinit,
779 2103 807 2148 v.
830 2082 904 2148 ibid.
919 2080 1094 2149 lou-ao
1117 2082 1183 2148 alia
1210 2084 1317 2169 stirpe

180 2192 291 2254 natum
314 2179 421 2272 6ωοος
442 2208 569 2251 somnae
580 2187 612 2252 in
623 2186 812 2271 bisyllabum
825 2178 912 2271 α’νρος
933 2186 1019 2267 abiit,
1042 2204 1070 2251 v.
1087 2205 1117 2268 p.
1131 2184 1174 2250 78
1193 2205 1249 2270 sq.

266 2289 389 2356 Eadem
410 2292 493 2356 crasi
515 2296 694 2357 contactum
715 2291 842 2356 videtur
863 2291 1052 2356 adiectivum
1074 2295 1140 2367 σῶς
1158 2283 1238 2355 ἀπὸ
1257 2294 1316 2357 τοῦ

183 2390 491 2473 cinomannico.
515 2395 543 2459 7.
567 2393 618 2475 31,
651 2412 725 2460 nam
758 2394 842 2476 quod
874 2393 934 2460 hoc
959 2394 1065 2476 ipsum
1090 2410 1154 2458 non
1175 2392 1314 2476 legitur,

181 2498 310 2563 minoris
332 2497 481 2562 momenti
504 2502 555 2562 cst
575 2516 670 2579 quam
691 2497 900 2578 necessitudo,
934 2515 1015 2580 quae
1037 2496 1120 2563 inter
1142 2492 1315 2585 σαόφρων

183 2607 217 2667 et
247 2602 405 2684 posterius
428 2606 537 2667 natum
560 2598 705 2690 σώφρων
726 2602 902 2667 intercedit.
968 2600 1031 2667 Sed
1061 2618 1123 2665 non
1146 2602 1314 2667 consentit

72 2797 74 2801 y
183 2705 317 2787 scriptor
339 2723 516 2788 synagogae
545 2706 577 2769 in
600 2705 717 2771 Anecd.
740 2704 840 2770 Bekk.
862 2704 932 2770 347.
951 2704 990 2770 18
1013 2700 1126 2790 ὥσπερ
1151 2696 1228 2769 ἀπὸ
1253 2706 1313 2790 τῆς

183 2815 269 2885 σῶος
296 2802 435 2887 salaciae
466 2806 589 2892 γίνεται
624 2812 689 2887 σῶς
721 2804 973 2893 μονοσύλλαβον
1005 2806 1060 2873 καὶ
1095 2801 1311 2894 patrantem}

183 2914 261 2993 σῶν,
297 2906 384 2976 οὕτω
419 2905 489 2978 dud
517 2915 575 2998 τῆς
597 2913 661 2994 ζὼς
683 2912 755 2996 (sic)
788 2906 809 2999 ἦ
844 2909 1010 2999 circuunt>
1044 2910 1107 2993 ζῶν
1141 2908 1195 2975 καί
1220 2909 1310 2978 κατὰ

184 3012 340 3081 σύνθεσιν
363 3010 482 3096 ἀείζων
505 3014 642 3101 [1065
662 3021 695 3080 11
716 3033 782 3098 cap.
806 3014 838 3079 11
861 3017 888 3102 §.
912 3016 955 3101 7]‚
978 3020 1011 3080 et
1032 3013 1105 3080 huic
1126 3012 1311 3098 adiungunt

184 3136 222 3184 cx
244 3119 355 3184 cadom
378 3119 511 3185 dialecto
533 3119 640 3186 Attica
669 3120 840 3202 repetitum
862 3115 990 3196 ἀείνων,
1021 3117 1105 3201 quod
1138 3117 1222 3182 siin
1245 3136 1312 3184 uno

182 3223 376 3304 reperiretur
398 3243 513 3306 genere
535 3229 657 3303 neutro,
692 3223 835 3289 crederet
868 3223 980 3304 aliquis
1015 3217 1127 3288 01ἆεὶ
1151 3223 1215 3285 νῶν
1239 3239 1311 3288 cor-

183 3332 310 3409 ruptum
334 3345 418 3408 esse,
453 3328 607 3409 quomodo
638 3328 671 3392 in
703 3326 793 3392 libris
821 3324 914 3391 scribi
936 3326 1030 3404 solet,
1064 3343 1092 3388 v.
1114 3323 1244 3390 Fritsch
1268 3326 1313 3392 ad

182 3429 428 3510 Rann.v.146,
463 3430 637 3512 sedsaepe
674 3430 770 3495 etiam
798 3424 1055 3518 1111ἢᾶ110ος
1087 3427 1240 3508 legimus,
1278 3436 1315 3496 et

183 3534 279 3600 verbo
301 3531 368 3599 νάω
383 3533 479 3599 Attici
502 3534 627 3599 omnino
644 3552 707 3598 non
725 3536 867 3613 utuntur,
891 3533 947 3598 sed
959 3531 1147 3597 adjectivum
1172 3525 1316 3611 ἀείναος

184 3643 414 3705 contraxerunt.
456 3632 590 3719 Ἀείζως
612 3655 695 3717 vero,
718 3638 801 3721 qnod
823 3636 1039 3702 Mehlhornius
1062 3634 1088 3720 ἕ.
1108 3632 1167 3698 112
1191 3632 1222 3698 (1.
1246 3634 1316 3704 huc

184 3742 290 3822 trahit,
314 3743 375 3807 alio
397 3743 535 3823 pertinet
557 3740 685 3829 [Parall.
708 3740 823 3826 88].'—
839 3739 946 3806 Verba
965 3739 1060 3805 huius
1083 3738 1200 3803 ordinis
1226 3739 1315 3822 epici

185 3845 324 3912 numeris
347 3846 583 3911 accommodant
603 3864 661 3926 per
693 3845 811 3911 crasin:
844 3843 1023 3926 κατέκλων,
1048 3863 1075 3906 v.
1098 3840 1208 3905 Rhem.
1238 3840 1316 3919 165.

184 3952 267 4034 quod
290 3951 322 4015 in
347 3950 448 4014 soluto
471 3966 616 4014 sermone
637 3949 684 4013 ita
705 3946 802 4013 fixum
824 3952 882 4027 111,
905 3954 942 4014 ut
962 3966 1020 4031 pro
1040 3947 1110 4028 lege
1133 3945 1249 4010 valeat.

270 4054 359 4120 Haec
381 4053 420 4117 de
442 4052 572 4137 syllabis
604 4051 763 4133 primariis
792 4048 968 4129 sufficiunt3
1003 4048 1208 4115 secundariae
1234 4067 1314 4118 con·

184 4160 325 4225 timentur
358 4154 631 4224 terminationibus
663 4154 824 4220 nominum
847 4154 1084 4237 verborumque,
1118 4169 1196 4234 quas
1221 4171 1315 4219 com-

184 4262 301 4344 pendia
323 4261 511 4329 scholastica
541 4261 572 4325 in
602 4259 719 4324 tabulis
748 4256 890 4324 flexionis
913 4257 1062 4324 exlribent
1083 4255 1229 4321 ordinate
1253 4256 1315 4324 de-

186 4366 328 4447 scriptas,
351 4383 449 4448 quare
470 4365 522 4435 bic
543 4365 697 4431 duntaxat
713 4361 892 4444 speciminis
914 4360 982 4427 loco
1004 4360 1208 4442 attingentur.
1256 4359 1317 4429 Sic

187 4473 283 4552 igitur
306 4487 376 4536 sese
398 4468 517 4536 habent
538 4467 668 4553 genitivi
688 4466 809 4550 primae
832 4464 1059 4544 declinationis,
1093 4479 1226 4547 quorum
1250 4463 1315 4533 ali-
