2736 4778
209 313 273 382 on
290 311 561 417 Pnnnrnnsr
577 310 640 381 nr
659 311 933 407 scamnum.
956 308 996 382 ο.
1007 310 1053 381 11.
1071 311 1134 400 §.a
1167 317 1244 393 565
1283 372 1292 384 s

131 500 391 590 γοςττοταμίτης,
416 500 599 584 eodemque
620 499 718 566 modo
739 498 948 566 Grammatici
964 500 1123 584 adjectiva
1146 495 1245 579 ὁλσς-

132 606 287 682 οἱνδινος,
319 595 538 685 ὁοςκυάμτνος
568 623 588 666 a
617 599 747 667 duobus
777 601 950 688 separatim
972 601 1101 688 scriptis
1121 602 1242 692 repoti-

129 707 215 772 visse
243 703 404 768 videntur.
453 702 519 768 His
548 701 698 769 omnibus
728 702 834 789 sigma
862 702 997 790 genitivi
1025 703 1171 779 relictum
1195 716 1244 770 est
1294 738 1297 743 ·

130 829 237 894 eoque
270 804 425 870 difforme
457 801 507 875 ab·
529 803 570 869 iis
604 827 688 890 quae
717 827 738 870 a
765 805 924 890 syntbetis
957 814 1140 892 propagata
1170 816 1246 871 sunt

130 909 314 984 Atticulae,
332 901 554 994 Διοπολίτης,
574 900 774 984 Πανόπολις
791 907 1047 993 Πανοπολίτης,
1060 901 1263 995 ‘Hpcaieri-x

131 1011 231 1086 πολις
248 1007 339 1093 quod
355 1004 501 1093 plerique
515 1007 611 1073 codd.
626 998 798 1076 Strabonis
813 1006 971 1095 praebent
982 1008 1042 1075 VI.
1054 1007 1128 1072 264.
1141 1001 1246 1089 Ἡρα-

132 1106 351 1196 κλεοπολίτης
367 1107 466 1174 Phot.
478 1106 562 1175 Cod.
576 1108 678 1176 ccl..
689 1110 763 1176 276.
782 1132 952 1197 perperam
967 1131 1044 1176 vero
1064 1109 1154 1195 apud
1169 1105 1245 1174 Ste-‘

130 1211 276 1299 phanum
291 1209 447 1298 scriptum
463 1206 1171 1298 οοτἩρακλτοίπσλις-Ἡρακλεωπολίτης
1183 1230 1244 1296 pro

125 1305 392 1398 Ἡρακλοὸπολις
413 1312 481 1377 sive
498 1307 699 1398 Ἡρακλέους
715 1308 815 1391 πόλις
836 1323 869 1378 et
885 1307 1189 1401 Ἡρακλεοπολίτης
1200 1311 1243 1396 ⁴),

131 1414 222 1501 quod
244 1402 335 1478 alitdr
356 1413 421 1479 dIci
442 1422 554 1500 potest
569 1408 770 1498 Ἡρακλέους
790 1411 931 1502 πολίτης
952 1423 988 1478 ut
1004 1406 1244 1499 Ἀλεξάνδροιο
1298 1421 1311 1439 “

130 1517 270 1604 πολίτης
291 1516 392 1582 Anth.
416 1518 508 1605 App.
531 1514 721 1582 CCXLIV.
749 1515 784 1579 id
810 1524 860 1580 est
884 1512 1137 1578 Alexandrinus.
1187 1513 1245 1581 Sic

128 1619 225 1683 etiam
246 1639 306 1705 pro
327 1614 656 1709 Πομπηϊουπολίτης
677 1616 815 1682 Lucian.
839 1616 880 1681 de
901 1615 976 1681 bist.
999 1634 1125 1679 consor.
1147 1617 1172 1699 ς.
1192 1614 1242 1680 15.

127 1720 224 1785 codd.
256 1718 344 1783 baud
371 1719 469 1806 pauci
495 1718 636 1815 offerpnt
659 1718 844 1807 Πομπηΐου
872 1715 1027 1804 πολίτης,
1057 1715 1249 1802 pariterque

125 1821 318 1887 Herodotus
330 1820 375 1886 11.
384 1821 415 1886 3.
428 1819 597 1907 scripsisse
608 1820 735 1886 videtur
744 1816 860 1887 Ἡλίου
876 1819 1030 1905 πολίτης,
1043 1817 1134 1903 quod
1145 1819 1242 1884 codd.

126 1924 230 1991 Diod.
241 1924 269 1989 Ι.
281 1923 333 1989 96.
345 1933 485 2001 tuentur,
501 1917 850 2008 οοτιἩλιουπολίτης,
867 1918 1049 2004 eodemque
1064 1920 1242 1986 reforman-

128 2026 206 2091 dum
225 2035 306 2112 puto
325 2022 585 2111 Ἓρμουπσλίτης
607 2034 639 2087 et
657 2021 685 2087 si
703 2021 783 2106 quid
805 2021 908 2086 simile
931 2020 1021 2107 apud
1042 2031 1168 2086 veteres
1190 2021 1241 2085 in-

126 2127 264 2195 venitur.
297 2125 366 2193 Sed
382 2123 609 2191 revertendum
625 2135 675 2190 est
691 2124 779 2189 unde
794 2121 995 2201 defleximus,
1011 2123 1055 2187 ad
1072 2123 1242 2207 adjectiva.

212 2232 238 2315 ξ.
256 2228 287 2293 2.
319 2226 485 2293 Peculiari
502 2225 646 2311 quodam
662 2225 762 2290 modo
782 2224 905 2290 relativi
924 2220 1005 2301 ὅσος
1023 2223 1242 2293 nominativus

126 2329 262 2419 pluralis
295 2328 420 2393 numeri
452 2323 531 2394 ὅσαι
562 2338 595 2393 et
626 2323 689 2396 ὅσα
722 2348 797 2392 oum
827 2324 1012 2392 nominibus
1045 2324 1241 2411 quibusdam

125 2446 255 2518 tempus
285 2426 543 2516 significantibus
565 2429 771 2495 consociatur
798 2425 914 2494 eodem
937 2427 1103 2493 intellectu
1125 2428 1239 2493 adver-

124 2533 204 2602 biali
224 2553 291 2618 quo
312 2553 380 2597 non
399 2530 551 2597 sociatus.
594 2530 783 2596 Priscianus
807 2528 940 2597 XVHI.
962 2528 1015 2606 25,
1036 2526 1110 2594 229.
1133 2528 1240 2595 1211.

124 2636 221 2702 Attici
228 2684 237 2711 ,
266 2633 388 2719 inquit,
411 2627 577 2721 ὁσημέραι
598 2632 654 2701 καὶ
675 2629 753 2701 ὅσαι
776 2628 909 2722 ἡμέραι.
949 2626 1125 2718 Ὑπερίδης
1153 2625 1240 2710 ,,Ἕν-

124 2734 231 2802 caedi
252 2739 300 2823 τῷ
324 2729 512 2824 Ἀπόλλωνι
536 2730 663 2801 θύεται
683 2728 847 2822 ὁσημέραι
856 2739 875 2770 “
890 2731 934 2816 ³).
977 2732 1023 2797 Et
1044 2733 1241 2801 contrarium

124 2833 204 2904 ὅσοι
231 2833 343 2914 νύκτες
370 2835 509 2901 Lucian.
534 2832 685 2922 Philops.
712 2838 738 2920 ξ.
763 2835 813 2899 18.
843 2832 977 2899 Heliod.
999 2832 1064 2898 IX.
1088 2836 1142 2914 11,
1164 2834 1239 2902 364.

125 2948 162 3003 nt
189 2933 266 3004 ὅσοι
293 2939 393 3023 μῆνες
421 2948 497 3020 quot
524 2939 681 3003 mensibus
709 2936 777 3001 sive
804 2947 956 3019 quotquot
982 2939 1144 3003 meatibus
1166 2938 1238 3002 De·

123 3036 242 3104 mosth.
269 3059 297 3103 c.
321 3037 462 3103 Timocr.
487 3037 558 3114 744,
577 3036 629 3102 25.
652 3032 718 3102 ὅσα
739 3033 796 3125 έτη
809 3039 989 3120 quotannis
1010 3036 1139 3101 Arrian.
1162 3037 1237 3104 Ind.

123 3138 295 3207 XXXVI.
312 3138 384 3205 190.
407 3149 440 3204 et
461 3161 535 3204 oum
557 3138 652 3224 signo
675 3135 819 3203 elisionis
838 3130 894 3201 δυ’
916 3133 972 3221 ἔτη
988 3135 1090 3201 Arist.
1103 3136 1237 3204 Thesm.

123 3234 308 3327 624squod
330 3263 417 3306 nuno
435 3239 601 3308 Sohaeieri
623 3262 722 3306 suasu
743 3232 840 3329 ὁσέτη
862 3237 1022 3316 scribitur,
1046 3235 1159 3307 ὁπόσα
1182 3237 1238 3329 ἔτη

124 3343 284 3410 Themist.
305 3342 365 3410 Or.
377 3343 439 3408 IV.
455 3341 507 3409 52.
525 3341 564 3411 C.
586 3338 666 3411 ὅσοι
687 3330 773 3428 ὧραι
794 3341 891 3440 Ales.
908 3340 1061 3429 Aphrod.
1081 3341 1122 3408 de
1138 3341 1237 3410 Febr.
1279 3366 1285 3371 ·

192 3583 221 3648 λ)
243 3578 290 3635 sio
310 3580 406 3655 censui
430 3579 459 3636 in
481 3579 651 3653 prosodosi3
674 3579 748 3635 idem
767 3578 878 3649 judicat
897 3576 1065 3633 Meiuekius.
1101 3578 1237 3635 Nonnun-

123 3685 207 3739 quam
225 3666 379 3721 recurritur
396 3669 432 3722 οδ
451 3665 605 3739 simplicia:
619 3662 717 3737 Ἄρεος
734 3669 815 3734 νῆσος
834 3662 863 3720 τὸ
882 3663 995 3720 corrasa
1007 3659 1114 3738 ’,Ἄρειος
1131 3667 1160 3729 ἐξ
1177 3665 1238 3730 ἐνὸς

123 3760 184 3810 τοῖν
200 3754 282 3807 δυοῖν
298 3757 489 3825 παρηγμένον,
504 3749 612 3823 Μόψου
631 3753 708 3808 ἑστία
726 3749 740 3806 ὁ
758 3754 869 3821 πολίτης
885 3749 1041 3821 Μοψεάτης
1056 3751 1124 3809 κατὰ
1143 3774 1238 3825 παρα-

122 3837 219 3911 γωγὴν
236 3840 304 3910 μιᾶς
319 3841 372 3907 τῶν
389 3840 471 3893 δυοῖν
486 3843 595 3908 λέξεων,
611 3842 761 3910 Παρθένου
779 3833 921 3913 ἱερόν-ὁ
939 3835 1053 3913 ολκητωρ
1070 3839 1235 3913 Παρθένιος,

120 3922 137 3982 ‘d
154 3922 284 3999 παρίηηθη
302 3922 361 3980 ἆπδ
376 3920 425 3981 τοῦ
436 3929 587 3997 Παρθένου
604 3921 694 3999 μόνου
713 3917 846 3996 δνὸμαιος
862 3926 959 4000 steph.

193 4022 221 4090 5)
241 4021 305 4075 Hoc
323 4030 352 4075 et
368 4016 431 4074 ὅσαι
447 4018 546 4094 ἡμέραι
563 4020 592 4075 iu
610 4021 692 4076 codd.
706 4029 899 4093 permutantur
916 4040 972 4076 non
988 4037 1051 4075 raro
1067 4036 1094 4074 ν.
1107 4019 1233 4096 Intorpp.

123 4109 158 4161 ad
173 4106 301 4178 Thucyd.
315 4106 392 4161 VIII.
408 4109 450 4172 ot,
462 4108 487 4160 3.
501 4115 530 4162 et
544 4110 581 4162 nd
594 4107 710 4162 Lucian.
722 4107 801 4177 Nigr.
816 4109 886 4174 §.Id
897 4107 930 4160 Τ.
945 4108 967 4160 Ι.
981 4127 1008 4178 p.
1016 4110 1056 4160 to.
1072 4109 1117 4162 ed.
1130 4109 1233 4177 Jacob.

120 4191 266 4266 Ὀσημεραι
288 4200 539 4266 proparoxptouou
558 4202 600 4249 est
621 4193 650 4249 in
671 4192 765 4249 Photii
786 4194 949 4264 apographo
968 4192 1158 4260 Poreoniano‚
1182 4198 1234 4252 aad

124 4288 218 4336 cetera
236 4280 365 4354 exempla
382 4283 536 4339 ostendunt
554 4283 606 4338 hac
625 4280 796 4354 synaloephe
814 4288 959 4335 accentum
977 4296 1034 4335 nou
1051 4279 1165 4338 retrahi.
