2736 4778
190 351 240 427 70
557 342 875 415 DISSERTATIO
909 342 938 409 Ι.

192 528 258 622 ἤδη
278 531 354 622 plus
375 531 531 619 ponderis
554 530 652 597 habet
674 553 772 616 quam
794 525 849 618 ἆρ’,
879 527 970 615 quod
999 527 1167 615 particulis
1192 530 1305 616 exple-

191 633 265 700 tivis
290 635 520 701 adnumeratur
539 632 652 720 Apoll.
679 631 774 717 Conj.
797 631 870 696 519.
913 631 1055 716 Dionys.
1076 629 1219 697 Gramm.
1231 631 1304 698 643.

192 734 355 804 Choerob.
389 734 484 803 Orth.
516 734 587 801 197.
617 732 735 815 stupa
766 739 799 797 et
823 726 883 818 ἠδέ
912 730 973 798 etsi
995 731 1132 817 quilibet
1154 733 1308 820 intelligit

191 833 251 905 οιίκ
273 829 358 904 alvea
380 833 606 916 πλεονάζοντα
628 828 699 901 dud
722 836 783 898 τοῦ
803 833 864 916 μίν
881 832 936 900 καί
953 835 997 906 δέ,
1020 843 1127 900 tamen
1148 835 1305 901 admone·

190 960 263 1006 mur
296 936 429 1025 saepius
460 936 542 1001 ΕΜ.
573 933 648 1012 465,
681 933 711 1000 5.
743 933 853 1019 Epim.
888 934 916 998 I.
948 934 1022 1000 284.
1056 934 1168 1002 Schol.
1202 937 1304 1004 Dion.

192 1039 335 1108 Gramm.
357 1037 430 1102 959.
461 1038 518 1123 qui
540 1037 630 1122 quod
651 1034 853 1102 refutationis
877 1057 975 1101 causa
1004 1035 1115 1101 subdit
1143 1033 1307 1105 odds'nore

192 1141 317 1226 γίνεται
342 1137 553 1216 πλεονασμὸς
577 1137 699 1222 μείζων
724 1141 784 1225 τῆς
814 1137 989 1223 δεχομένης
1019 1138 1076 1202 τὸν
1096 1138 1306 1223 πλεοναομίιν

193 1240 323 1320 λέξεως,
343 1238 497 1313 adversus
520 1261 578 1305 eos
602 1238 667 1303 dici
689 1248 800 1325 potest
821 1238 877 1324 qui
901 1231 1036 1326 ἢθεῖος,
1059 1230 1186 1327 ἤειρεν,
1210 1233 1306 1330 viride]

194 1349 247 1407 eta
273 1339 511 1426 pleonasticum
539 1339 660 1406 habere
692 1339 898 1406 crediderunt
923 1378 965 1387 -
994 1338 1032 1405 τὸ
1058 1340 1122 1424 γὰρ
1143 1328 1307 1426 ’ἧμεῖζιίν

37 1436 44 1444 ”
154 1468 160 1474 ·
194 1438 266 1512 ἔστι
295 1446 353 1528 τῆς
367 1428 418 1509 εἶ’
433 1438 623 1528 διφθιίγγου
644 1441 826 1506 Herodian.
850 1442 891 1506 de
913 1441 1023 1508 Genit
1051 1462 1164 1527 parag.
1196 1440 1304 1508 Cram.

193 1541 234 1612 Τ.
257 1543 322 1609 ΙΠ.
344 1541 714 1629 234,12.Aphaeresis
739 1542 888 1629 exempla
910 1544 1000 1609 nulla
1020 1542 1199 1630 proferunt.

655 1842 758 1913 CAP.
780 1845 841 1914 IV.

358 2035 410 2109 Dr
430 2035 612 2133 prostherr‘
636 2046 673 2108 et
697 2035 886 2132 aplorrrri
910 2035 1033 2108 literae
1060 2037 1141 2110 ιὀίο.

276 2241 305 2338 ’1.
329 2254 359 2318 1.
401 2253 457 2320 De
483 2252 544 2317 hae
574 2275 657 2337 quae
687 2252 821 2319 strictim
849 2252 1001 2318 adnotavi
1029 2254 1072 2319 ad
1095 2255 1151 2339 Aj.
1179 2278 1211 2341 p.
1233 2257 1307 2323 313.

194 2376 282 2422 nunc
297 2353 502 2443 explanatius
518 2352 694 2420 edisseram
708 2354 836 2419 initium
851 2377 982 2421 sumens
1000 2379 1020 2420 a
1033 2357 1165 2421 nornine
1181 2357 1308 2423 divino:

185 2447 265 2523 Ἤιε
285 2451 361 2522 κατ’
387 2452 583 2543 ἀφαίρεσιν·
609 2450 828 2539 Ἀρίσταρχος
855 2456 988 2524 derivet
1014 2452 1082 2526 ἀπὸ
1107 2463 1167 2544 τῆς
1191 2458 1308 2537 dorma·

196 2554 228 2626 oi
251 2558 289 2625 dd
313 2555 392 2642 περὶ
413 2555 473 2624 τὸν
497 2552 654 2643 Κράτητα
679 2557 788 2640 ψιλοῖς
811 2553 879 2624 ἀπὸ
905 2562 965 2644 τῆς
991 2553 1112 2635 ἰάσεως
1135 2558 1245 2625 Schol.
1268 2561 1307 2626 Il.

195 2659 275 2726 XV.
301 2657 374 2724 364.
406 2679 437 2722 v.
461 2657 580 2723 Lehrs.
601 2657 703 2722 Arist.
729 2657 803 2723 346.
849 2655 1012 2723 Cratetem
1041 2681 1109 2723 non
1136 2682 1307 2727 moramur.

197 2760 266 2829 sed
290 2760 332 2826 de
353 2758 543 2826 Aristarcho
566 2781 714 2844 quoque,
743 2759 769 2824 si
791 2759 872 2823 illud
900 2781 919 2824 a
940 2759 1040 2824 verbo
1067 2761 1208 2846 aspirato
1234 2761 1308 2846 ίρμι

197 2863 375 2929 derivatum
391 2862 527 2950 putavit.
548 2861 642 2926 valde
662 2859 932 2925 considerandum
954 2872 1065 2925 estne
1088 2873 1181 2927 erret.
1224 2864 1309 2929 Nam

196 2964 224 3031 si
246 2964 322 3030 hinc
345 2963 571 3029 denominatus
596 2972 682 3028 esset
704 2962 785 3026 deus
800 2960 976 3046 jaculator,
1000 2962 1069 3026 sine
1093 2962 1192 3028 dubio
1216 2963 1310 3051 ἤσιος

196 3064 358 3133 diceretur
377 3076 414 3130 ut
430 3065 517 3144 Ζεὺς
537 3061 674 3152 στήσιος
696 3075 729 3128 et
747 3063 824 3130 θεοί
847 3060 986 3148 κτήσιοι,
1007 3063 1059 3128 vel
1082 3063 1172 3141 ίσιος
1190 3076 1227 3128 ut
1244 3067 1308 3132 Ju-

85 3173 94 3182 '
196 3168 282 3257 piter
303 3163 448 3254 ἇφέοιος
469 3177 503 3232 et
521 3165 645 3252 Apollo
669 3160 832 3248 ίνβιίσιος.
865 3155 966 3240 ’Ἡιος
987 3163 1096 3249 potius
1119 3165 1166 3229 sic
1188 3165 1309 3251 figura-

196 3282 266 3335 tum
288 3279 396 3334 estut
417 3264 506 3354 ίήιος
527 3278 560 3331 et
581 3261 683 3342 είίιος,
705 3265 768 3330 hoe
791 3274 841 3330 est
861 3263 902 3329 ab
924 3264 1147 3348 interjectione
1169 3259 1202 3351 ἢ,
1226 3287 1310 3349 quae

196 3393 265 3438 non
285 3367 448 3434 invenitur
470 3365 602 3451 quidem
623 3365 686 3429 nisi
708 3364 819 3428 addito
841 3365 924 3443 iota,
953 3367 1012 3431 sed
1041 3367 1137 3430 etiam
1163 3366 1310 3432 breviore

198 3493 279 3537 sono
309 3467 446 3556 exprimi
473 3465 594 3552 potuit,
626 3465 710 3530 sicut
736 3475 843 3531 cetera
864 3467 1115 3553 epiphonemata
1138 3469 1226 3534 varie
1252 3492 1310 3535 en·

200 3581 390 3659 promuntur
410 3590 471 3655 pro
492 3566 610 3631 affeetu
629 3567 830 3653 loquentium
848 3567 908 3646 ἰαί,
931 3566 981 3647 ld,
1005 3567 1049 3656 ἰή,
1071 3566 1135 3646 lori,
1160 3567 1220 3648 ίεῦ,
1244 3568 1310 3648 ἰαῦ,

201 3669 294 3738 ίαοοῖ
316 3682 349 3735 et
370 3671 440 3734 sine
461 3668 529 3732 iota
551 3660 586 3746 ἆ,
610 3666 660 3745 ul',
684 3663 727 3746 ιῖί,
750 3665 782 3735 ht
804 3671 842 3736 τὸ
868 3672 1109 3752 auricomum,
1136 3663 1157 3733 t*
1180 3672 1311 3755 λέγεται

199 3771 257 3840 καί
284 3768 339 3858 imi
367 3771 476 3858 Epim.
499 3771 546 3836 11.
570 3772 598 3836 1.
629 3769 668 3835 ci.
696 3770 813 3836 Lehrs.
839 3771 940 3835 Arist.
967 3771 1040 3836 339.
1069 3794 1172 3856 eaque
1203 3775 1312 3837 omnia

199 3872 372 3940 thematica
400 3881 476 3938 sunt
504 3883 541 3935 ut
569 3868 712 3939 ἀτταταί
739 3883 772 3937 et
801 3867 974 3948 ἶατταταί,
1006 3869 1101 3956 αἰβοῖ
1132 3884 1165 3937 et
1194 3870 1312 3957 ἰαιβοῖ.

199 3977 316 4064 Itaque
338 3972 527 4061 Tryphonis
554 3972 731 4038 sententiae
757 3968 797 4039 ίιί
820 3994 861 4037 ax
884 3965 911 4038 ὦ
931 3971 1050 4038 factum
1072 3996 1144 4039 esse
1160 3975 1236 4060 jure
1259 3998 1311 4041 re·

201 4087 325 4163 pugnat
345 4075 573 4142 Herodianus:
602 4073 848 4154 σχετλιαστιιιὸν
870 4067 907 4139 ὃν
933 4067 990 4157 οίιχ
1013 4070 1201 4143 ὑποπίπτει
1233 4075 1313 4144 ἀνα-

201 4176 296 4265 λογίᾳ
317 4177 396 4243 ΕΜ.
408 4177 482 4254 481,
497 4176 547 4241 11.
590 4174 663 4240 Nec
680 4173 815 4239 dubium
833 4172 988 4241 hahemus
1006 4176 1085 4261 quin
1099 4172 1312 4264 ίαλεμίστρια

201 4287 232 4345 et
261 4271 456 4370 ἧλεμίοτρια
486 4276 587 4349 Prcll.
614 4273 684 4345 158.
712 4276 752 4345 ab
783 4276 897 4345 eadem
922 4276 1146 4367 interjectione
1172 4272 1207 4368 ἰή
1234 4271 1314 4369 ειῆ
