2736 4778
440 337 498 404 DE
519 336 721 405 APOCOPE.
766 325 800 405 (λ
820 336 863 406 11.
885 338 903 424 ᾗ
928 338 955 404 1.
1194 337 1253 406 281

142 523 203 569 non
225 502 366 586 reperiri.
390 540 427 553 -
452 500 532 568 uun
553 502 826 569 hisButtmannus
848 501 866 588 ς
889 499 930 567 56
952 501 1024 568 adn.
1047 500 1083 568 11
1109 506 1257 569 anteon·

144 606 247 671 tendit
279 606 492 673 Zenodoteam
530 606 719 689 scripturam
757 607 855 672 trium
894 606 1258 688 comparativorum,

143 727 224 791 quae
258 709 360 774 sexies
395 706 539 789 affertur,
573 707 698 792 ἀμείνω
731 708 768 775 Π.
790 708 853 774 VH
875 705 952 788 114,
986 702 1106 794 γλυκίω
1137 709 1156 773 I
1185 706 1258 788 249,

143 808 285 898 κρείσσω
307 810 396 890 180,
419 810 469 875 111
491 810 530 875 71
554 814 589 877 et
608 808 665 892 92,
686 810 763 876 XVI
784 809 865 891 6883
899 811 939 876 de
960 814 1096 892 quatuor
1118 809 1259 910 eiusdem

143 912 267 995 generis
290 907 419 995 ἀρείων,
442 909 575 987 κακίων,
598 912 726 1000 χείρων,
759 909 869 1001 ἥσσων
889 912 967 978 nihil
989 912 1174 978 adnotatum
1195 916 1259 992 a'st3

141 1020 301 1097 postremo
321 1014 433 1081 horum
454 1014 531 1080 XVI
539 1015 605 1096 ‚722
625 1015 654 1081 si
674 1014 693 1086 ἱ
714 1013 849 1093 deesset
870 1013 977 1080 hiatus
998 1012 1157 1079 existeret
1199 1012 1260 1092 Qui

141 1118 174 1183 in
196 1117 264 1183 loco
285 1122 486 1184 controverso
505 1115 610 1183 x252
633 1113 827 1203 παρῴχηκω
850 1116 888 1183 δὲ
910 1115 1021 1184 πλέων
1036 1115 1095 1195 νὺξ
1114 1123 1176 1183 uir
1198 1111 1259 1183 δύο

121 1216 292 1304 -μοιράων
313 1219 507 1301 scripserunt
538 1217 646 1299 πλίω,
679 1218 712 1284 id
733 1238 796 1285 non
817 1237 875 1302 pro
905 1219 1117 1302 comparativo
1150 1238 1259 1301 ampu-

116 1364 119 1369 -
141 1325 210 1386 tato
230 1322 380 1387 habuisse
400 1321 561 1401 ridentur,
594 1321 651 1387 sed
673 1327 729 1387 aut
749 1340 807 1404 pro
828 1326 955 1389 neutro
973 1322 1105 1405 pluralis
1137 1323 1260 1388 numeri
1347 1324 1350 1336 '

142 1424 182 1489 τὰ
205 1422 363 1504 πλείονα,
396 1428 452 1488 aut
472 1441 530 1504 pro
556 1421 705 1489 feminino
727 1424 874 1489 adieetivi
895 1424 1014 1504 πλέος,
1042 1430 1079 1491 ut
1109 1424 1142 1490 in
1164 1424 1259 1490 schol.

141 1526 222 1593 vict
246 1526 360 1592 dieitur
382 1523 475 1593 πλέω
498 1525 583 1590 κατὰ
606 1525 733 1613 τροπὴν
754 1529 813 1592 τοῦ
838 1528 861 1610 ἦ
883 1521 930 1604 εἷς
952 1527 1028 1610 ωἸ),
1049 1527 1134 1609 quod
1155 1528 1259 1609 sequi·

141 1634 195 1694 tur
206 1628 401 1695 Aristonicus
411 1626 459 1693 lx
470 1627 509 1692 71
523 1627 637 1693 πλεῖαι
650 1623 722 1694 ἀντὶ
733 1631 794 1695 τοῦ
806 1623 945 1715 πλήρεις
956 1627 1043 1716 πρὸς
1063 1625 1102 1693 τό
1124 1653 1259 1715 ,wap-

141 1728 288 1820 ᾦχηκεν
313 1730 355 1798 ll
377 1728 482 1796 urta
510 1725 605 1808 νύξ’*
628 1724 700 1795 ἀντὶ
723 1733 782 1796 τοῦ
804 1726 943 1819 πλήρης.
994 1730 1063 1798 Hoc
1087 1731 1257 1812 repudiata

142 1834 326 1900 insolentior
347 1832 462 1914 aliquis
483 1831 624 1896 dativum
647 1832 736 1917 πλίῳ
746 1833 896 1898 substitui
910 1833 1019 1900 iussit:
1041 1834 1190 1901 τουτέστι
1212 1821 1260 1923 τῷ

143 1934 269 2003 πλείονι
292 1935 348 2002 καί
369 1931 495 2017 μείζονι
522 1933 624 2019 μέρει·
658 1934 747 2001 cuius
778 1932 899 2018 figurae
931 1935 1073 2003 dativum
1104 1954 1259 2019 nusquam

141 2038 286 2104 vidimus
331 2034 448 2102 Similis
469 2035 570 2101 videri
591 2040 698 2118 potest
728 2036 796 2117 ille,
829 2055 923 2120 quem
944 2037 1016 2104 EM.
1038 2037 1090 2105 82.
1112 2037 1155 2104 42
1186 2058 1259 2121 pro-

142 2140 243 2219 ducit,
277 2139 334 2205 sed
356 2139 396 2204 ab
419 2138 480 2204 alio
501 2138 692 2223 nominativo
713 2139 845 2221 repetit:
877 2136 1000 2224 ἀμείνω
1020 2139 1120 2227 χωρίς
1150 2145 1208 2208 τοῦ
1225 2145 1259 2214 ῐ

142 2242 197 2307 καί
221 2236 421 2327 interamni)
434 2240 544 2326 γένους
564 2241 726 2330 salvant·
748 2240 818 2308 ἔστι
841 2241 904 2329 γὰρ
916 2238 1074 2326 ἀμείνονα
1095 2242 1151 2310 καί
1166 2238 1258 2327 cipal-

141 2368 199 2409 νοω
220 2343 277 2410 καί
298 2342 382 2408 κατὰ
405 2345 521 2429 κρᾶσιν
532 2339 657 2427 ἀμείνω
681 2337 726 2423 ὥς
748 2339 889 2412 ἐλάσσω.
924 2344 973 2410 Τὸ
986 2344 1024 2413 δὲ
1035 2339 1159 2433 ἇμσίνῳ
1175 2343 1259 2427 μετὰ

141 2449 199 2512 τοῦ
223 2446 247 2515 ἶ
270 2443 338 2512 ἔστί
355 2444 470 2531 dodach
493 2438 562 2511 dut
585 2449 644 2532 τῆς
665 2444 686 2532 ἡ
710 2441 1065 2535 ἇμείνωςτῆςίιμείνω.
1110 2445 1144 2513 Si
1166 2442 1258 2532 ἆμεί-

143 2572 207 2630 νως
229 2547 350 2614 sineere
372 2548 524 2629 scriptum
546 2552 604 2628 est
626 2547 688 2615 fuit
707 2549 763 2631 qui
782 2550 842 2615 hoe
860 2549 1049 2625 adjectivum
1059 2548 1166 2617 Arriae
1187 2568 1259 2616 oon·

141 2650 294 2718 formaret
314 2655 352 2716 nt
373 2649 485 2729 πλέως
508 2649 612 2738 πλέῳ,
646 2651 703 2716 aed
724 2649 787 2717 fide
809 2651 966 2719 abhorret
1011 2650 1116 2730 Quare
1137 2653 1258 2720 coniec-

141 2759 247 2819 turam
266 2752 337 2833 feei,
359 2752 449 2818 illum
470 2753 516 2819 sie
540 2752 720 2835 scripsisse:
743 2747 815 2820 ἀπὸ
837 2758 896 2840 τῆς
918 2750 1060 2838 'Aprem
1093 2750 1259 2840 (εὐθείας)

140 2858 200 2941 τῆς
229 2849 398 2936 ilprando,
429 2858 470 2943 τῇ
502 2859 641 2943 Αμεωῷ
673 2856 846 2922 secundum
868 2855 1077 2923 choerobosci
1109 2874 1259 2925 oenonern

140 2976 171 3039 p.
193 2954 266 3022 332.
290 2955 330 3021 18
351 2950 372 3042 ἡ
394 2953 541 3042 Σαπφώ,
564 2960 623 3043 τῆς
643 2960 807 3044 lamprid,
836 2963 876 3045 τῇ
897 2960 1045 3044 Σαπφῷ.
1085 2956 1169 3023 Illud
1190 2978 1259 3025 mu·

103 3056 110 3067 '
140 3058 228 3124 lieris
260 3074 375 3150 nomen
407 3057 607 3139 cognovimus
629 3076 669 3124 ex
690 3058 784 3125 hnth
806 3056 853 3123 Vl
874 3057 946 3123 356.
1003 3057 1249 3143 Compar-auvos,

141 3176 221 3242 quos
243 3159 423 3226 Zenodotus
444 3158 582 3224 Homero
603 3158 741 3241 intorsit,
778 3161 991 3227 Buttmaunus
1016 3162 1196 3245 suspicatur
1226 3164 1259 3230 in

142 3262 331 3345 quibusdam
353 3260 495 3327 dialectis
516 3262 677 3343 proprium
698 3263 847 3330 habuisse
883 3263 1089 3345 domicilium
1122 3271 1157 3331 et
1187 3265 1260 3332 hine

58 3431 62 3441 ,
139 3364 276 3431 fortasse
300 3363 438 3430 librariis
460 3363 648 3431 advolarunt
662 3366 838 3448 scripturae
859 3366 946 3447 vitia,
967 3384 1049 3448 quae
1070 3366 1104 3432 in
1125 3366 1258 3434 aliorum

140 3468 328 3557 scriptorum
348 3465 439 3564 lihris
461 3466 627 3548 aliquoties
650 3468 937 3550 deprehenduntur,
969 3469 1106 3552 primum
1128 3470 1172 3552 [in
1194 3469 1257 3537 De-

139 3569 254 3636 mosth.
277 3567 429 3661 Symmor.
454 3566 524 3634 166.
546 3568 588 3633 27
611 3567 698 3652 (185.
719 3569 771 3652 R.)
794 3566 901 3637 πλείω
924 3568 1017 3638 ἔσται
1040 3570 1153 3657 γέλως,
1175 3572 1259 3655 quod

139 3689 221 3737 unus
243 3671 382 3737 melioris
403 3675 497 3737 notae
519 3670 617 3737 codex
638 3671 771 3753 praebet
791 3690 849 3754 pro
872 3668 1008 3751 πλείων,
1042 3678 1111 3740 tum
1132 3673 1165 3740 in
1186 3675 1258 3741 Ari·

140 3772 278 3838 staeneti
292 3771 310 3837 I
326 3774 354 3837 7.
376 3768 418 3837 33
441 3765 525 3859 ίίγρα
546 3770 669 3859 βελτίω
691 3777 725 3838 et
744 3772 823 3839 111.
846 3770 888 3840 54
910 3771 995 3865 κόμη
1018 3776 1155 3857 καλλίω,
1177 3795 1259 3859 quae

141 3871 305 3940 Mereerus
326 3873 400 3940 olim
432 3877 583 3956 tanquam
615 3874 849 3943 indeclinabilia
880 3876 1035 3958 defendit,
1068 3878 1258 3960 posteriores

140 3979 357 4056 correxerunt,
379 3992 482 4057 neque
504 3976 566 4041 erit
586 3978 641 4060 qui
663 3994 753 4044 secus
776 3975 894 4045 laetum
927 3978 1012 4044 velit.
1057 3977 1120 4045 Sed
1152 3981 1257 4047 minus

139 4079 225 4145 iusta
245 4086 296 4145 est
314 4074 494 4160 repudiatio
516 4094 646 4145 casuum
677 4078 846 4162 pluralium
882 4080 1025 4146 neutrius
1057 4082 1197 4163 generis,
1230 4084 1258 4149 si

210 4321 240 4381 1)
257 4320 411 4388 spumam
429 4320 522 4374 πλίων
538 4319 655 4387 configit,
671 4320 742 4388 qnod
759 4312 904 4373 ”nuntiae
920 4320 1043 4378 rllmun.
