2736 4778
527 372 775 442 PRAEFATIO.
1178 375 1207 443 V

84 539 214 605 nimium
236 544 415 621 augeretur,
438 555 477 603 ea
498 554 580 618 quae
601 538 711 618 paucis
722 536 826 603 verbis
838 539 1073 605 continerentur
1094 540 1205 620 plera-

86 678 156 742 que,
178 661 314 726 maxime
336 658 436 738 ipsius
459 655 609 721 Lobeckii
620 676 751 738 operum
767 658 860 738 locos,
883 658 1030 724 cancellis
1042 658 1205 740 quadratis

86 780 323 860 circumscripta
345 797 383 842 eo
404 778 473 859 ipso
495 778 572 856 loco,
595 777 636 843 ad
657 796 751 858 quem
772 777 983 859 pertinebant,
1006 779 1147 860 apposui.

172 897 370 980 Quamquam
401 897 497 978 igitur
525 898 559 962 in
584 896 643 962 hoc
664 898 789 978 negotio
812 898 1060 964 administrando
1082 901 1206 962 tantum

86 1037 137 1084 me
159 1018 235 1083 mihi
259 1019 410 1084 sumsisse
431 1016 552 1098 liquido
574 1014 732 1082 affirmare
743 1035 881 1098 possum,
903 1023 1057 1100 quantum
1079 1024 1113 1082 et
1127 1015 1205 1083 fides

86 1144 119 1205 et
131 1140 267 1220 dignitas
279 1138 418 1203 creditae
439 1138 487 1202 rei
508 1155 637 1219 poscere
660 1135 1077 1221 acllagitareuidebatur*),
1099 1143 1206 1202 tamen

84 1260 131 1324 ita
152 1278 256 1324 meam
284 1276 355 1323 cum
376 1258 469 1322 huius
495 1258 568 1323 libri
590 1275 686 1322 causa
708 1259 905 1323 coniunctam
928 1275 998 1323 esse
1020 1259 1137 1338 sentio,
1161 1263 1205 1337 ut,

86 1379 234 1460 quonium
266 1396 356 1443 meae
390 1396 505 1459 operae
542 1379 720 1443 accuratius
758 1378 914 1442 rationem
946 1377 1080 1443 reddere
1112 1378 1206 1456 nolui,

86 1497 238 1581 quidquid
259 1498 328 1563 vitii
350 1498 383 1562 in
404 1497 463 1562 hoc
484 1497 566 1562 libro
586 1497 789 1577 remanserit,
813 1497 896 1578 quod
918 1516 981 1562 non
1003 1497 1114 1562 deceat
1135 1496 1206 1562 dili·

85 1625 210 1699 gentem
233 1619 427 1699 scriptorem,
449 1637 511 1683 non
532 1635 676 1683 recusem
698 1618 863 1699 quominus
884 1619 918 1682 in
932 1637 983 1683 me
1002 1617 1095 1698 culpa
1105 1617 1206 1681 omnis

85 1737 272 1817 conferatur,
301 1740 388 1805 velut
418 1739 496 1804 illud
519 1738 604 1820 quod
631 1737 737 1802 nescio
764 1756 825 1820 qno
853 1743 984 1820 peccato
1012 1757 1083 1803 meo
1110 1738 1205 1803 etiam

85 1876 168 1923 nunc
202 1865 304 1924 restat
337 1858 509 1924 absurdum
537 1878 566 1940 p.
594 1858 654 1923 100
682 1877 729 1922 ex.
753 1857 794 1924 59
827 1858 867 1923 de
894 1859 1083 1924 accusativis
1114 1858 1206 1935 inst

86 1979 281 2059 exeuntibus
330 1998 434 2061 neque
471 1979 548 2044 mihi
585 1980 647 2061 ipsi
685 1977 802 2043 iudicia
833 1977 994 2043 hominum
1027 1996 1065 2043 eo
1101 1978 1205 2043 minus

86 2098 251 2164 subeunda
282 2100 422 2164 animum
454 2098 583 2178 induco,
615 2098 699 2179 quud
721 2096 934 2178 compluribus
955 2097 989 2161 iu
1010 2097 1105 2163 rebus
1133 2117 1205 2163 meo

86 2219 201 2284 iudicio
219 2217 341 2284 diffisus
359 2225 487 2285 auctore
505 2237 581 2283 usus
599 2236 669 2282 sum
685 2216 930 2298 locupletissimo
945 2216 984 2280 Κ.
995 2216 1127 2282 Lehrsio
1138 2217 1205 2282 viro

86 2340 268 2419 clarissimo,
292 2340 346 2421 qui
368 2357 440 2404 cum
461 2339 524 2403 iam
546 2338 618 2402 inde
641 2336 681 2401 ab
704 2342 905 2417 eotempore,
928 2354 989 2417 quo
1005 2337 1141 2417 primum
1156 2336 1205 2400 his

86 2459 199 2524 studiis
221 2477 349 2540 operum
372 2459 449 2523 dare
471 2458 573 2538 coepi,
601 2475 725 2522 summa
744 2475 795 2521 mc
816 2455 1036 2520 benevolentia
1056 2457 1205 2538 prosequi

85 2597 148 2643 non
169 2578 301 2659 destitit,
323 2585 391 2643 turn
412 2579 444 2642 in
466 2578 525 2643 hac
546 2597 581 2642 re
593 2577 715 2642 nullum
726 2574 863 2641 officium
874 2575 951 2640 mihi
962 2594 1024 2640 non
1036 2576 1205 2657 praestitit,

85 2698 163 2762 nihil
185 2718 324 2781 unquam
350 2698 475 2779 roganti
496 2698 636 2778 negarit,
663 2714 825 2777 nunquam
847 2695 1022 2760 consulenti
1044 2694 1152 2761 deluit

171 2818 296 2884 Indices
319 2836 373 2884 eos
395 2815 527 2896 conieci,
560 2816 674 2898 quibus
697 2834 820 2894 eorum,
853 2815 907 2896 qui
928 2815 978 2879 his
1000 2815 1115 2880 litteris
1139 2823 1205 2881 stu·

86 2936 176 3016 dent,
210 2937 371 3003 commodo
405 2955 500 3018 quam
528 2936 663 3000 maxime
696 2935 874 3000 consultum
898 2933 1075 3014 videretur,
1110 2943 1205 3016 utque

85 3074 195 3120 eorum
217 3056 352 3138 quidem,
376 3074 455 3137 quos
478 3055 537 3119 toti
560 3054 647 3135 operi
669 3053 796 3132 subieci,
821 3053 959 3134 priorem
983 3071 1111 3134 operum
1133 3053 1206 3118 dedi

84 3181 181 3240 utne
203 3177 273 3258 quis
295 3176 468 3257 pleniorem
495 3173 677 3239 desiderare
704 3179 825 3254 posset,
859 3173 960 3238 altero
988 3191 1104 3254 operae
1132 3192 1205 3254 pre·

84 3296 164 3360 tium
187 3315 238 3361 me
259 3294 416 3361 facturum
428 3294 615 3372 arbitrabar,
638 3294 665 3358 si
687 3293 837 3374 neglectis
860 3293 975 3358 ceteris
998 3293 1205 3374 scriptoribus

84 3417 361 3496 grammaticorum
385 3416 580 3496 aliorumque
601 3415 685 3480 locos
708 3432 776 3494 eos,
799 3413 906 3494 quiin
929 3414 1025 3478 rebus
1046 3430 1205 3496 gramma·

153 3604 179 3669 *)
197 3607 230 3656 In
246 3623 276 3657 rc
292 3605 497 3673 orthographica
504 3605 633 3656 Lobeelrii
650 3619 748 3654 morem
765 3608 871 3654 secutus
889 3618 955 3657 sum.
975 3604 1027 3653 nisi
1047 3604 1126 3670 qnod,
1145 3620 1205 3655 cum

84 3697 155 3742 totns
174 3691 240 3742 libor
257 3692 320 3742 mihi
339 3692 527 3743 describendus
545 3697 627 3755 esset,
654 3690 757 3742 duabus
775 3692 802 3739 in
820 3689 898 3740 rebus
916 3705 974 3740 meo
992 3707 1034 3741 me
1052 3706 1128 3740 usum
1147 3706 1206 3741 esse

84 3793 143 3828 acro
162 3778 343 3837 animadverti,
362 3773 526 3845 προσβᾰὶλω
549 3777 619 3844 quod
638 3777 733 3842 scripsi
756 3782 782 3826 ct
800 3776 897 3841 simm,
920 3793 972 3828 non
995 3782 1025 3828 nt
1041 3776 1108 3827 Lob.
1127 3792 1207 3844 προς-

83 3858 185 3927 βάλλω,
207 3869 233 3914 et
251 3863 347 3928 quodi
366 3865 418 3929 etj
437 3881 490 3916 non
507 3865 622 3915 distinxi.

156 3950 244 4000 Locos
264 3950 422 4014 scriptorum
448 3967 465 4001 a
482 3951 549 4002 Lob.
567 3949 663 4000 allatos
680 3963 733 3998 non
760 3963 806 4013 per
830 3965 871 3999 me
889 3949 960 3998 stetit
978 3949 1116 4012 quominus
1135 3945 1206 3996 evol-

84 4050 174 4085 verem
193 4051 293 4099 omncs,
313 4038 336 4086 si
354 4037 417 4102 quid
434 4037 495 4088 falsi
514 4041 571 4086 erat
588 4037 758 4101 corrigerem,
777 4033 824 4085 sed
840 4050 887 4099 por
904 4033 1030 4083 librorum
1047 4032 1161 4096 inopiam
1180 4039 1207 4083 et

83 4124 221 4187 angustias
240 4127 365 4188 temporis
383 4130 444 4175 autc
462 4123 523 4173 mihi
541 4121 679 4187 praefiniti.
715 4122 765 4171 Est
782 4135 859 4184 quem
882 4118 982 4170 aLob.
1010 4117 1083 4168 nullo
1102 4120 1206 4168 nomino

83 4224 132 4258 nec
151 4225 260 4262 numero
287 4217 406 4263 notatum
432 4225 466 4260 ne
494 4224 543 4275 ego
567 4207 671 4272 quidem
692 4190 818 4271 indagare
841 4206 970 4270 potuerim
997 4200 1033 4268 (p.
1051 4199 1103 4256 iso
1121 4204 1209 4268 med),

86 4300 148 4345 sunt
166 4311 234 4361 quos
254 4314 313 4348 curn
332 4298 448 4349 invenire
473 4310 526 4346 non
547 4309 661 4360 possem,
680 4297 709 4342 nt
725 4291 877 4342 Lobeekiu·
905 4289 988 4340 falsos
1015 4305 1093 4354 quam
1120 4290 1206 4342 nullos

82 4398 180 4448 ponere
198 4384 335 4436 maluerim
354 4390 384 4434 ut
400 4400 424 4449 p.
443 4379 477 4434 93
497 4398 529 4432 m.
548 4379 609 4431 ΕΜ.
628 4374 687 4432 770.
