2736 4778
140 361 204 426 DE
226 359 444 428 SYNCOPE
465 357 612 427 UNIUS
633 358 853 427 VOCALIS.
880 358 926 427 -0,
940 362 982 429 V.
1001 364 1026 447 ξ.
1040 359 1069 428 1.
1100 360 1174 439 323

64 547 218 635 scriptum
248 544 380 634 putant,
408 547 464 611 alii
492 568 566 611 cum
593 546 688 611 simili
717 545 829 632 glossa
853 544 943 636 Νώψ
972 543 1117 637 ἀσθενὴς
1135 552 1175 638 τῇ

63 643 144 733 duat
175 650 364 727 conferunt,
399 647 490 734 quod
519 649 724 713 confirmatur
753 648 995 734 quodammodo
1024 648 1176 717 affinitate

61 750 235 817 verborum
262 751 354 834 μύω,
384 746 467 816 satiro
493 772 561 814 uuo
590 749 745 831 ναστάζω.
803 749 902 817 Cena
928 751 1029 838 igitur
1054 751 1089 815 in
1116 750 1177 818 hac

61 864 155 938 parte
175 850 410 918 vocabulorum
440 873 605 939 syncopae
634 851 783 938 exempla
808 852 936 918 desunt.
980 852 1048 920 Sed
1073 870 1177 941 appa·-

62 964 136 1018 rent
155 954 191 1019 in
212 952 346 1037 syllabis
368 952 579 1018 secundariis:
602 951 685 1041 κῆυξ
704 948 723 1019 ὁ
747 952 851 1039 λάρος
871 955 927 1021 καὶ
951 958 1103 1045 ααγκοαῄ
1118 954 1180 1043 κήξ

65 1054 177 1120 Schol.
202 1055 270 1121 Od.
288 1054 365 1120 XV.
381 1054 455 1119 479.
477 1077 661 1140 quanquam
679 1055 939 1140 monosyllabum
961 1056 1178 1142 antiquiorem

64 1167 231 1221 auctorem
247 1153 346 1220 habet
360 1157 540 1222 Homerum
555 1169 586 1222 et
603 1157 673 1222 fieri
689 1168 800 1245 potest
814 1168 850 1222 ut
869 1169 1042 1245 utrumque
1057 1180 1178 1225 nomen

64 1258 186 1342 pariter
202 1257 344 1321 nativum
366 1257 408 1321 sit
432 1257 556 1345 quippe
579 1283 769 1346 expressum
793 1283 835 1325 ex
858 1281 940 1326 sono
965 1259 1056 1326 vocis
1078 1274 1177 1346 quam

63 1360 131 1423 avis
153 1359 266 1437 mittit3
295 1357 481 1443 hnjusmodi
512 1372 621 1426 autem
649 1361 723 1426 soni
748 1361 790 1427 ab
812 1362 883 1427 aliis
903 1362 996 1429 aliter
1017 1374 1050 1428 et
1071 1364 1176 1428 audiri

63 1471 97 1524 et
125 1460 260 1548 exprimi
287 1461 393 1527 solent
418 1484 448 1526 v.
471 1462 592 1527 Parall.
624 1464 695 1528 102.
710 1462 740 1547 ¹)
774 1454 915 1548 ’Ἀγκλον
938 1460 1073 1530 σκολιόν
1093 1465 1176 1530 Hes.

62 1562 204 1628 Guietus
226 1584 292 1628 non
315 1562 477 1629 diversum
496 1575 590 1651 putat
609 1562 650 1628 ab
673 1558 829 1650 ἆγκιῖλος,
862 1585 922 1629 nec
951 1564 1130 1648 seimrctum
1158 1579 1178 1629 a

63 1665 262 1730 substantivo
293 1663 414 1755 ζάγκλη
445 1664 508 1732 hoc
541 1678 590 1732 est
619 1663 799 1753 δρέπανον,
829 1663 930 1750 idque
950 1664 1069 1733 Strabo
1096 1686 1176 1733 con-

62 1768 168 1831 firmat
195 1765 339 1832 Zanclen
367 1767 462 1852 παρὰ
494 1767 531 1833 τὰ
558 1762 693 1836 σκολιόν
721 1765 961 1831 denominatam
979 1767 1090 1834 dicens
1112 1766 1176 1835 hoc

65 1879 113 1932 est
134 1891 154 1933 a
174 1869 239 1933 situ
260 1868 395 1935 sinuoso
413 1868 497 1934 sicut
510 1869 608 1935 Luna
624 1868 774 1935 Etruriae
791 1889 821 1932 v.
836 1866 956 1933 Parall.
976 1869 1047 1935 141.
1082 1870 1177 1935 Idem

63 1968 322 2057 glossographus
353 1968 489 2057 praebet
517 1969 650 2054 Θόρβος
682 1970 778 2055 (post
809 1968 950 2056 Θόοοιο)
984 1968 1110 2058 ταραχή
1145 1981 1178 2035 et

64 2072 199 2156 Μολβίς
229 2070 400 2155 modulor
432 2098 466 2138 τι
492 2095 553 2159 pro
578 2069 732 2154 μολοβίς,
768 2070 933 2156 vulgoque
960 2069 1036 2134 lana
1064 2070 1178 2135 sucida

63 2170 185 2259 οἷόοη.
203 2172 319 2238 dicitur
351 2182 384 2237 et
416 2170 554 2262 οἷούοη,
590 2171 680 2257 quod
711 2171 837 2236 sicum
870 2192 967 2236 sucus
988 2165 1077 2250 ὀπός
1096 2192 1176 2237 con-

56 2275 212 2357 junctum
234 2285 283 2340 est
303 2273 396 2360 quasi
421 2270 493 2351 οἷὸς
514 2269 601 2352 ὀπός
629 2295 668 2339 eo
691 2273 856 2338 intellectu
885 2270 1114 2373 quo-suoidus
1144 2286 1177 2340 et

65 2396 203 2439 sucosus
233 2375 366 2454 dicitur,
396 2373 554 2462 bisyllabo
582 2374 703 2441 excidit
720 2373 852 2462 ypsilon
883 2398 923 2441 ex
953 2400 972 2443 ο
1005 2385 1118 2440 natum
1132 2377 1176 2460 ²).

64 2478 105 2541 In
127 2476 244 2544 Galeni
272 2478 383 2545 Gloas.
416 2501 476 2566 pro
510 2477 659 2563 περσέας
690 2474 708 2542 ὁ
745 2477 922 2563 nara-arvos
951 2465 1042 2554 οἶνος
1076 2471 1177 2542 οἱονεὶ

63 2576 226 2663 περυσίας
248 2579 455 2647 scribendum
475 2578 603 2644 videtur
623 2575 780 2661 περαίας,
810 2599 886 2642 nam
911 2577 993 2642 haec
1020 2586 1071 2641 est
1093 2575 1176 2663 legi·

63 2680 142 2744 tima
169 2682 439 2768 appellativorum
465 2680 662 2758 terminatio,
692 2701 759 2743 non
789 2666 852 2756 aa}
878 2688 911 2745 et
939 2679 1090 2745 convenit
1116 2679 1176 2743 ad·

55 2782 215 2864 jectivum
245 2784 410 2870 Πέρωνος
438 2777 456 2849 ὃ
487 2782 524 2863 ἐξ
549 2777 683 2871 ἐφήβων
709 2781 791 2846 Hes.
823 2781 914 2866 quod
938 2781 1085 2847 nonnulli
1116 2803 1175 2867 pro

63 2879 240 2965 περυσινός
262 2883 427 2971 scriptum,
449 2885 658 2949 Hermannus
683 2893 791 2947 autem
813 2891 878 2946 tam
899 2881 1061 2967 integrum
1082 2893 1177 2967 putat

63 2996 100 3048 ut
121 2983 208 3048 idem
235 2985 411 3051 Theocrito
437 2987 586 3050 restituat
608 2985 736 3072 Opuso.
765 2982 806 3047 Τ.
828 2984 870 3050 V.
893 2981 1009 3066 117.³)
1057 2976 1176 3069 Κορφή
1206 2998 1213 3026 ·

63 3086 153 3174 apud
183 3087 358 3174 scriptores
384 3087 512 3152 mediae
541 3085 655 3151 aetatis
684 3085 804 3170 legitur
828 3106 887 3170 pro
915 3078 1043 3170 κορυφή
1051 3130 1060 3158 ,
1088 3083 1177 3146 unda

63 3209 182 3252 nomen
202 3188 317 3276 κύρβις
337 3199 507 3275 repetunt:
531 3183 663 3270 κύρβεις
685 3185 786 3251 οἱονεὶ
810 3180 968 3272 κοριῖοεις
993 3183 1077 3248 sord
1097 3203 1176 3268 σογ-

63 3289 172 3376 κοπὴν
205 3293 262 3356 καὶ
292 3292 422 3378 τροπὴν
456 3294 515 3355 τοῦ
544 3272 702 3377 palad
731 3283 841 3355 Schol.
872 3285 985 3374 Apoll.
1013 3284 1074 3351 IV.
1102 3283 1176 3350 280.

136 3526 163 3594 l)
183 3525 410 3596 Monosyllabum
429 3528 497 3588 καῦξ
516 3542 572 3580 non
592 3531 668 3580 extat
685 3524 736 3579 sed
755 3519 940 3608 accusa-tivum
958 3522 1039 3578 affert
1053 3522 1176 3580 Cboero·

61 3612 165 3666 boscus
183 3611 251 3667 Can.
272 3614 331 3666 421.
354 3614 520 3684 περισοᾶταε
538 3613 614 3665 πᾶσα
633 3608 764 3678 olricum)
785 3614 823 3671 εἰς
843 3632 860 3664 α
880 3606 1003 3678 λήγουσα
1026 3604 1175 3680 διαθῖγγῳ

61 3700 280 3767 οαοαληγομένη
298 3702 419 3769 γλαῦκα,
439 3701 544 3766 andan,
566 3702 667 3767 προῖκα
688 3706 742 3751 etc.
778 3697 878 3768 Aeque
896 3693 1022 3767 ignotum
1041 3706 1084 3750 est
1105 3700 1176 3759 δαῦξ

61 3781 91 3836 in
106 3782 196 3836 Crem.
212 3784 323 3924 Appcd.
339 3785 434 3840 Oxon.
447 3786 507 3850 213,
526 3785 565 3838 10.
584 3799 726 3853 unumque
745 3779 871 3838 novimus
888 3786 962 3846 Ταῦξ
979 3781 1055 3838 fluvii
1074 3800 1176 3838 nomen

60 3888 89 3921 v.
103 3869 232 3924 Parall.l
273 3909 281 3924 .

132 3964 163 4031 2)
181 3959 574 4035 Olfnra'rnEM.proolfndrr1
592 3959 648 4016 dici
664 3968 745 4033 putat
763 3960 910 4019 onomius
928 3958 1020 4024 πάτος.
1049 3958 1176 4030 Longius

60 4048 352 4120 circumspicientibus
382 4047 504 4104 occurrit
533 4045 634 4110 αοάιας
665 4043 790 4118 (ordros)
820 4052 951 4116 οοαιίλη,
977 4064 1034 4117 quo
1056 4045 1177 4099 evitatur

59 4135 152 4206 sigma
172 4152 418 4206 supervacaneum.

131 4231 160 4295 3)
175 4227 393 4301 Aristophanem
407 4228 498 4282 Rsnn.
512 4230 570 4282 080.
586 4244 643 4282 οοο
656 4221 806 4296 neptunia
818 4224 960 4298 scripsisse
975 4224 1025 4278 sed
1038 4219 1176 4295 nspcvrdr

59 4316 82 4370 F
86 4314 210 4369 ritzschii
231 4314 393 4388 conjectura
411 4324 454 4370 cst
471 4333 568 4386 parum
586 4312 753 4385 probabilis.
956 4395 972 4430 '

907 4397 943 4444 91
