2736 4778
126 338 201 417 582
465 334 795 449 'DISSERTATIO
822 336 865 406 V.

80 562 83 567 ·
127 524 215 609 ανχί,
239 517 358 593 ὁσονοά
380 533 440 590 etc.
484 522 624 590 Articuli
652 522 798 589 feminini
823 524 952 610 generis
981 546 1055 590 cum
1082 523 1237 590 adverbio

120 628 227 715 juncti
249 626 434 714 exemplum
460 626 591 692 unicum
613 636 663 691 est
683 624 866 714 τηνάλλως,
903 628 995 713 cujus
1023 626 1073 691 vis
1102 626 1240 720 prppria

126 736 264 818 apparet
290 729 325 795 in
345 728 547 797 Philemonis
569 727 685 794 comici
706 727 780 794 loco
803 729 844 793 T.
867 726 923 795 lv.
953 752 986 816 p.
1008 727 1058 793 16.
1089 725 1239 812 περίεισι

124 828 294 920 τρνάλλισς
314 830 372 896 sed
390 829 520 917 penitus
536 829 726 896 obscuratur
743 830 776 896 in
787 828 1238 908 Demosth.Prooem.1431,

127 931 157 998 8.
188 926 246 1015 οὐχ
273 933 328 998 ἵνα
355 927 524 1020 τηνάλλως
548 927 637 1016 ὑμᾶς
663 932 864 1016 dedissemus
892 943 925 998 et
953 931 1025 996 aliis
1050 931 1239 997 Atticorum

127 1033 321 1122 scriptorum
341 1033 422 1099 loeis
444 1056 473 1098 v.
494 1036 568 1098 Ast.
591 1033 634 1098 ad
655 1034 740 1100 Plat.
759 1033 867 1121 Legg.
894 1056 927 1122 p.
951 1034 1002 1100 88.
1024 1031 1145 1120 quibus
1170 1054 1238 1099 om·

125 1134 223 1201 nibus
244 1133 414 1202 Beldrems
438 1145 470 1200 et
490 1135 577 1201 hunc
599 1137 728 1221 sequuti
757 1136 890 1224 hyphen
912 1146 1116 1213 exemerunt,
1150 1135 1240 1223 quod

128 1259 227 1325 saepe
248 1237 370 1303 tollitur
389 1236 576 1325 parenthesi
593 1239 771 1325 particulae
793 1240 851 1327 τήν
874 1264 909 1326 γε
921 1230 1029 1317 άλλως
1037 1261 1068 1302 v.
1082 1236 1238 1305 Boisson.

128 1338 172 1403 ad
190 1339 370 1462 Herodian.
402 1362 435 1426 p
461 1340 532 1405 133.
559 1361 667 1426 neque
695 1339 867 1406 adhibetur
893 1340 1087 1406 dativoT‘
1038 1343 1087 1430 η
1119 1333 1238 1420 αλλως,

45 1490 49 1501 .
126 1442 167 1562 τῇ
194 1436 348 1523 ματαίως
373 1442 455 1506 Hes.
485 1439 570 1506 redit
599 1464 676 1508 vero
705 1441 739 1508 in
767 1435 1220 1530 adverbiottttpdttog‘
1197 1464 1240 1523 ως

127 1534 219 1623 ἔτυχε
244 1540 337 1609 Snid.
361 1553 393 1609 et
414 1543 465 1629 ad
468 1543 572 1608 ectrvo
595 1537 695 1632 αλλον
697 1545 799 1621 αλιος
821 1536 1011 1628 ἅνθρωπος,
1036 1564 1103 1628 qno
1117 1542 1264 1637 Busta·⁸

128 1640 215 1706 thius
236 1642 316 1722 618,
341 1645 390 1710 19.
413 1568 612 1711 hoinericum
637 1638 845 1730 άλλοπρόςαλ
842 1646 910 1723 ,λος
931 1644 1092 1732 exprimit.
1136 1645 1240 1712 Plura

128 1742 267 1809 dicenda
295 1757 370 1810 sunt
398 1747 440 1812 de
468 1746 622 1815 societate
651 1769 734 1832 quae
766 1747 850 1811 inter
880 1745 1033 1811 adverbia
1061 1748 1241 1814 numeralis

130 1854 163 1910 et
182 1847 316 1913 nomina
343 1848 525 1914 intercedit:
567 1850 696 1915 Horum
719 1847 865 1913 ordinem
888 1847 978 1913 ducit
997 1848 1088 1927 illud,
1113 1848 1238 1937 dequo

127 1947 339 2016 Herodianus
363 1950 507 2036 loquitur
525 1949 559 2014 in
580 1951 674 2017 Mon.
698 1950 750 2016 25.
778 1948 816 2017 τὸ
823 1946 994 2088 άπαξῌνέ
977 1953 1064 2037 ντῇ
1087 1948 1239 2034 συντάξει

128 2053 186 2116 τοῦ
216 2046 361 2131 ἅπαντας
392 2049 530 2121 ἐκκλίνει
542 2053 573 2137 ²)
603 2051 662 2118 τὸν
686 2048 781 2117 τόνον
807 2045 884 2127 alget
905 2043 1070 2128 άξάναιτο·
1102 2046 1238 2134 ἁπαξά-

128 2174 251 2230 παντες
273 2151 335 2239 γὰρ
358 2153 504 2241 λέγομεν.
546 2153 753 2240 Phrynichus
774 2153 866 2273 App.
887 2148 975 2217 18.
960 2147 1055 2232 άπαξ
1076 2148 1237 2233 ἅπαντες·

127 2253 224 2319 τοῦτο
247 2251 283 2318 ἓν
304 2252 339 2320 τί
367 2254 438 2322 ἐστι
459 2254 545 2322 κατὰ
565 2251 820 2341 παράθεσιν·’
803 2278 822 2342 η
845 2253 959 2335 μέντοι
980 2248 1097 2342 πρώτη
1119 2254 1238 2321 πολλα·

128 2351 171 2440 βῆ
193 2348 505 2443 βαριτονηθήσεταῖ
524 2355 559 2422 ἕν
580 2354 730 2443 oswi-up
762 2347 846 2421 οὖσα
872 2361 928 2418 aut
947 2352 1170 2440 negligentius
1191 2355 1237 2423 lo·

129 2465 249 2539 quutus
272 2465 323 2521 est
343 2468 400 2522 aut
415 2457 611 2546 interposuit
630 2458 720 2543 quod
741 2456 901 2523 Lehrsius
926 2454 1034 2543 poscit
1055 2455 1098 2521 ad
1112 2457 1238 2526 Herod.
1263 2447 1270 2470 '

129 2555 149 2620 l.
174 2577 201 2622 c.
224 2550 310 2635 ὦςεί.
353 2559 439 2623 Nam
462 2582 481 2623 a
501 2560 646 2644 synthesi
669 2559 856 2624 adverbium
867 2555 961 2637 ἅπαξ
972 2557 1124 2624 abhorret
1143 2583 1237 2646 quam

129 2655 329 2744 longissime.
374 2659 442 2727 Sed
464 2660 491 2724 si
515 2683 587 2726 cum
619 2657 762 2739 ἅπαντες
792 2684 857 2727 uno
880 2659 1171 2746 comprehenditur
1191 2674 1235 2729 te·

128 2780 218 2837 nore,
240 2760 420 2846 parathesis
446 2762 555 2828 existit
576 2772 613 2827 ut
629 2758 867 2851 Ἐλλήςποντος
887 2785 917 2829 v.
941 2761 980 2828 C.
994 2760 1017 2828 l.
1041 2765 1066 2848 ξ.
1081 2764 1110 2828 1.
1133 2784 1237 2850 neque

128 2860 221 2926 aliter
243 2861 438 2929 existimavit
459 2863 569 2933 Schol.
591 2864 679 2930 Plut.
706 2865 777 2930 117.
806 2858 1046 2942 ἁπαξάπαντες
1073 2861 1134 2930 δύο
1157 2868 1236 2952 μέρη

128 2959 307 3048 τοῦλόγου
334 2962 415 3047 εἶσὶ,
442 2963 617 3034 τάττονται
646 2964 684 3032 δὲ
706 2961 765 3053 ὑφ’
797 2961 832 3032 ἓν
858 2965 915 3030 καὶ
943 2963 1174 3053 προφέρονται
1198 2961 1237 3044 ὡς

130 3060 273 3153 δηλαδή,
304 3061 525 3147 ἁπαξαπλῶς.
571 3069 639 3137 Sed
663 3067 744 3133 haec
765 3066 929 3133 consortio
956 3066 1143 3132 dissolvitur
1168 3091 1236 3134 rur-

129 3188 185 3231 sus
207 3167 258 3233 vel
287 3167 535 3257 interpositione
560 3167 655 3250 ἅπαξ
680 3170 718 3237 δι’
752 3167 866 3247 πάσας
892 3167 1046 3234 Philostr.
1075 3169 1182 3257 Soph.
1203 3169 1236 3236 ll.

128 3267 181 3347 25,
204 3268 232 3336 1.
253 3292 286 3358 p.
311 3269 383 3335 609.
409 3272 459 3336 vel
485 3273 674 3358 trajectione
695 3273 836 3358 partium
861 3265 972 3338 πάνθ’
1000 3266 1096 3349 α’παξ
1117 3273 1237 3339 στλλα·

128 3375 236 3457 dodon
258 3372 328 3460 lph.
352 3373 392 3438 Τ.
422 3374 494 3439 531
528 3299 616 3441 JDuo
644 3376 794 3462 proxima
816 3372 1040 3461 complectitur
1062 3373 1142 3439 EM.
1168 3374 1238 3473 767,

128 3474 181 3539 37.
204 3475 330 3553 (ι1279,
354 3475 404 3541 10.
426 3473 464 3542 (ὁ
490 3476 646 3559 διςχίλιοι
668 3475 726 3540 καὶ
748 3474 933 3559 ιριςμι’ριοι
954 3469 999 3551 ὡς
1021 3470 1137 3556 ἔχοντα
1160 3475 1239 3545 τὸν

130 3573 165 3640 ἒν
192 3577 383 3660 παραθέσει
414 3576 497 3644 ἐστι’·
538 3576 576 3645 τὸ
610 3575 648 3643 δὲ
670 3575 722 3654 (λίς
749 3575 807 3641 καὶ
838 3576 908 3663 τρίς
941 3575 974 3641 ἒν
1008 3578 1048 3662 τῇ
1083 3576 1239 3646 σννθέσει

129 3668 372 3759 ἀποβάλλει
338 3702 376 3745 το
398 3700 433 3745 o·
458 3677 680 3769 σεσημείωται
699 3676 738 3744 τὸ
762 3676 937 3755 διςθανέες
953 3674 1011 3742 καὶ
1032 3675 1237 3762 τρλςφσλλον,

129 3799 195 3863 quo
219 3775 325 3843 edicto
348 3780 409 3844 tria
425 3780 657 3848 vocabulorum
672 3801 794 3866 genera
805 3779 1049 3844 concluduntur.
1082 3778 1237 3858 Primum,

130 3879 220 3965 quod
248 3901 298 3945 ex·
324 3880 476 3947 adverbio
506 3883 663 3949 numerali
696 3893 729 3948 et
758 3882 888 3948 nomine
917 3880 1072 3946 cardinali
1102 3893 1238 3960 constat,

129 3983 222 4049 facile
245 3981 378 4069 quidem
399 3983 630 4053 interveniente
654 3986 762 4073 aliqua
788 3983 945 4072 particula
973 3983 1132 4049 dirimitur
1161 4010 1239 4052 πεν-

198 4223 226 4289 2)
239 4222 341 4295 Aptius
354 4229 398 4279 cst
410 4225 537 4296 ἐγκλίνει,
549 4225 627 4298 quod
637 4222 797 4281 Skrzeczka
809 4228 902 4279 noster
913 4221 959 4278 hic
968 4223 1167 4296 reponendum
1180 4237 1240 4279 esse

130 4306 197 4364 mihi
210 4308 352 4366 indicavit.
