2736 4778
171 373 236 439 DE
256 368 529 439 PROSTHESI
550 367 612 432 ET
636 367 898 439 APHAERESI.
922 370 961 439 C.
972 373 1020 438 X.
1037 375 1062 458 5.
1073 374 1105 438 4.
1139 379 1212 450 211

92 559 194 645 μένην
229 551 297 636 &aa
327 548 400 620 dmi
428 555 488 617 τοῦ
516 545 613 637 ἡλίου
637 548 697 638 τὴν
722 550 830 618 θέσιν.
885 555 962 620 Hoc
993 558 1145 623 convenit
1173 560 1216 625 ad

93 658 195 725 Ceus.
217 655 271 722 Pl.
293 653 356 722 v1.
383 653 414 730 8,
438 652 468 716 9.
490 649 547 716 ubi
568 651 642 716 loca
660 646 825 736 πρόςειλα
842 652 878 717 id
894 664 944 718 est
959 656 1070 742 aprica
1088 670 1120 723 et
1137 661 1216 725 solis

94 757 274 825 luminibus
297 754 437 821 obversa
458 763 570 819 eontra
590 762 761 838 ponuntur
781 757 854 831 wig
872 752 1077 833 παλισκίοις.
1119 761 1173 825 Ac
1189 762 1218 825 si

96 860 161 925 hoo
183 859 252 924 iere
274 853 426 921 omnibus
446 853 536 930 locis,
559 853 616 939 qui
639 874 660 916 a
673 850 866 920 Wernickio
889 855 933 920 ad
947 855 1076 942 Tryph.
1097 880 1127 923 v.
1143 860 1217 929 209.

97 972 133 1025 et
150 961 186 1025 in
207 958 381 1023 Thesauro
401 955 599 1030 indicantur,
630 975 704 1018 curn
726 950 910 1034 πολύσκιος
935 960 1128 1023 commutari
1155 983 1217 1048 po-

101 1074 175 1138 test,
196 1072 304 1125 tamen
327 1055 513 1122 adverbium
531 1055 599 1119 vim
621 1076 714 1120 suam
735 1078 803 1120 non
830 1056 965 1133 amittit3
995 1079 1072 1124 uam
1099 1071 1136 1124 ut
1162 1065 1218 1129 ob-

99 1163 244 1226 audilam
271 1158 387 1223 dicitur
414 1157 504 1241 quod
533 1155 665 1239 objectu
696 1154 794 1222 nubis
827 1170 986 1243 opacatur
1015 1160 1217 1248 verbumque

96 1263 284 1326 obumbrare
304 1257 460 1345 oppositu
484 1256 620 1321 umbrae
642 1255 833 1335 obscurare,
854 1258 901 1323 ita
919 1259 1017 1324 etiam
1034 1260 1217 1344 παλίσκιος

94 1372 128 1426 et
157 1361 350 1446 quodcum
378 1357 443 1424 hoc
473 1357 637 1424 confertur
666 1360 849 1424 olo-scuras
877 1359 966 1425 haud
994 1384 1088 1427 secus
1117 1387 1216 1450 quam

97 1455 346 1543 ἆνεισνοτοὶζαιν
374 1481 416 1524 ex
443 1457 636 1524 notionibus
658 1458 804 1545 oppositi
824 1468 857 1523 et
883 1459 1017 1526 umbrae
1039 1466 1216 1533 conflatum

96 1562 268 1628 credimus.
290 1598 333 1608 —
356 1555 490 1644 Χρόνον
514 1555 714 1647 παλιμμήκη
735 1557 869 1626 τιθέναι
885 1561 1072 1648 Aeschylus
1093 1567 1216 1634 dixisse

94 1664 224 1729 videtur
253 1683 316 1749 pro
349 1671 479 1746 tempus
508 1660 693 1747 duplicare,
722 1660 899 1727 extendere
928 1684 1037 1748 neque
1059 1688 1144 1752 opus
1167 1679 1217 1735 est

95 1765 243 1851 recipere
266 1759 468 1850 πολομμήκη
494 1763 585 1847 quod
605 1762 640 1826 in
661 1761 751 1826 Flor.
773 1760 901 1847 legitur.
943 1764 1026 1830 Plus
1053 1788 1130 1834 vero
1158 1794 1213 1836 su·

97 1865 254 1953 spicionis
277 1861 376 1928 habet
396 1862 614 1951 παλινηνεμίο
637 1862 740 1928 Anth.
751 1862 798 1928 X.
815 1885 848 1926 n.
862 1864 933 1929 102.
957 1887 1017 1949 pro
1040 1890 1106 1952 quo
1118 1870 1214 1938 Plan.

98 1962 323 2052 πολυνηναμλη
339 1962 475 2050 praebet
490 1961 697 2049 improbante
711 1966 735 2030 J
736 1963 886 2038 acobsi03
908 1962 1022 2044 πάλιν,
1044 1968 1160 2053 inquit,
1179 1976 1217 2038 ιἰι

96 2070 280 2150 compositis
306 2066 470 2132 smaltis
497 2068 562 2129 uim
583 2059 777 2149 ἒπιτατικήν
798 2067 889 2131 tutet
908 2077 946 2131 ut
967 2069 1004 2132 iu
1024 2068 1215 2151 παλίσκιος,

95 2166 375 2250 παλλγιιραιπνος.
430 2163 498 2231 Sed
529 2163 611 2228 illud
639 2163 796 2228 dissimile
818 2176 882 2242 est,
911 2165 975 2232 boo
997 2170 1087 2251 quod
1107 2172 1215 2241 Brun-

99 2267 192 2333 clrius
212 2267 325 2354 posuit
345 2267 380 2330 in
399 2264 555 2333 Simmiae
579 2264 655 2330 Ovo
673 2286 704 2329 v.
717 2265 747 2329 9.
760 2264 854 2349 (XV.
875 2290 908 2333 n.
920 2268 988 2353 27.)
1004 2292 1066 2357 pro
1088 2275 1215 2344 παλαι-

97 2367 278 2456 κραίπνοις
303 2365 400 2446 ποσί,
429 2366 568 2432 fortasse
595 2388 664 2430 non
690 2365 944 2454 πολύκοαιπνος
970 2371 1134 2457 significat
1155 2376 1215 2442 sed

96 2465 319 2548 παλίσσυτος,
345 2463 614 2556 ὀπισθόρμητος.
647 2468 722 2532 Hac
739 2477 847 2540 autem
863 2470 1025 2556 particula
1043 2495 1062 2536 a
1078 2494 1214 2541 numero

96 2568 324 2655 epitaticarnm
349 2579 475 2634 remota
501 2568 603 2632 multa
631 2579 822 2634 succurrunt
849 2570 930 2648 alia,
960 2593 1046 2657 quse
1075 2575 1216 2641 eundern

95 2692 191 2736 usum
212 2669 406 2757 praebeant3
436 2668 577 2756 primum
605 2670 765 2755 adjectiva
789 2671 1023 2756 magnitudinis
1053 2683 1086 2739 et
1104 2676 1215 2740 multi-

95 2772 221 2838 tudinis
237 2768 472 2857 μεγαθαοσής,
495 2767 729 2852 πολύμοχθος,
754 2769 994 2861 παμπόνηρος,
1012 2787 1047 2841 ct
1060 2797 1214 2844 nonnun-

96 2896 196 2958 quam
211 2864 328 2955 ἔαρος,
346 2867 550 2956 ἀκρομανής,
567 2864 782 2955 οἰιιριλθεριιος
799 2894 923 2939 summe
938 2875 1093 2956 fervidus,
1112 2901 1131 2943 a
1148 2901 1214 2964 quo

96 2975 207 3041 differt
227 2967 454 3057 αἰνιοοχλλαρος
480 2991 621 3058 superno
648 2970 795 3056 tepidus,
826 2984 895 3038 tum
924 2998 963 3041 ex
989 3000 1109 3066 magna
1130 2983 1214 3046 mul-

95 3075 236 3140 titudine
266 3070 510 3148 adverbiorum,
543 3092 628 3157 quae
659 3071 870 3139 Grammatici
902 3077 1056 3164 epitalica
1085 3093 1214 3162 vocant,

96 3176 164 3242 duo
185 3175 242 3239 illa
264 3171 459 3257 quibuscum
481 3166 666 3256 ἇγάνλντος
687 3185 720 3236 et
737 3169 911 3264 ἀδηφάγος
933 3181 1108 3264 conjuncta
1128 3195 1214 3263 sunt,

94 3277 303 3360 eundemque
324 3273 367 3338 ad
388 3293 559 3337 numerum
578 3272 720 3339 adscribi
747 3292 887 3363 possunt
914 3275 1133 3367 εὐδάιρινιος,
1162 3280 1214 3351 αι’·-

92 3376 277 3461 ψιὲιιαθος,
301 3378 375 3440 bene
392 3392 543 3457 macnus,
567 3376 642 3441 beas
662 3377 760 3459 lorice.
805 3378 891 3445 Tum
913 3384 1102 3461 numeralia,
1123 3385 1215 3470 τρίλ-

94 3476 210 3554 λιστος
233 3483 266 3540 et
283 3482 392 3540 cetera
410 3472 452 3539 ab
474 3473 537 3540 hoe
557 3474 690 3551 nomine
707 3481 971 3569 compositast),
993 3482 1112 3568 quibus
1124 3484 1213 3574 Hip·

92 3597 205 3663 ponax
222 3574 410 3640 assimilavit
430 3568 636 3654 ἓπτάόουλος
656 3575 713 3641 τὸν
734 3576 811 3659 τρία
832 3575 1047 3666 ὑπεραναβὰς
1065 3578 1214 3670 ἀριθμόν

91 3678 189 3743 Euat
220 3676 298 3755 725,
327 3677 381 3743 30.
411 3675 472 3743 scd
502 3686 535 3743 et
561 3676 690 3743 Boreae
723 3699 858 3762 specum
887 3679 1106 3751 Callimachus
1135 3688 1213 3755 Del.

92 3777 146 3843 65.
176 3772 368 3860 {mmmm
392 3776 523 3843 vocavit
546 3775 611 3842 hoc
641 3787 692 3841 est
718 3775 909 3862 πολιλμοχσν
943 3794 980 3847 ut
1008 3784 1214 3854 Scholiastae

162 4078 212 4148 ³3)
229 4078 293 4135 Hoc
311 4080 417 4135 acutuli
436 4078 550 4152 quidam
568 4076 773 4133 transtulerunt
791 4078 827 4133 ad
846 4079 965 4152 simplex
983 4082 1146 4138 adverbium
1159 4087 1217 4163 ιρλς

93 4161 194 4238 λούσας
212 4167 277 4236 περὶ
296 4159 365 4221 doru
383 4163 443 4221 drrl
466 4167 514 4220 τοῦ
530 4161 663 4226 πολλιλκιλ
683 4162 779 4219 Schol.
799 4163 831 4217 ll.
850 4164 957 4220 XXIV.
974 4168 1014 4221 ld.
1034 4186 1060 4223 v.
1081 4168 1156 4230 Adn.
1176 4175 1215 4230 ad

92 4248 161 4305 Hes.
175 4269 198 4304 s.
218 4252 287 4323 Τρία
299 4257 329 4307 et
344 4252 418 4325 Τρίς.

890 4354 894 4361 ’
936 4353 998 4418 14*
