2736 4778
168 349 218 428 ⁶2
530 339 848 413 DISSERTATIO
883 340 910 410 Ι.

168 534 215 601 sie
241 532 384 620 prolatos
412 550 483 596 esse
515 539 552 594 ut
583 540 699 617 posteo
730 529 871 618 scriptae
903 539 987 596 sunt.
1036 527 1108 598 Sed
1137 530 1279 615 quaein

166 635 247 702 ΕΜ.
277 645 310 699 et
335 630 445 719 Epion
476 631 497 697 l.
520 654 549 697 c.
578 651 653 697 cum
680 630 912 716 monosyllabis
940 632 1011 697 istis
1040 643 1280 719 componuntur

168 731 372 824 polysyllebo
401 728 536 820 ἑήνδανε
564 743 625 798 eto.
642 734 696 817 ²⁰)
731 755 832 818 quum
866 731 947 799 nihil
977 733 1021 798 ed
1051 732 1278 819 probationem

168 836 400 903 conferent-
433 834 600 918 quomodo
635 833 722 900 enim
755 843 908 901 occentus
941 846 1280 923 properoxytonorum

167 937 285 1004 retrahi
306 936 435 1024 potest?
457 972 499 982 -
531 957 573 1000 ex
594 935 658 1000 nlio
681 934 825 1020 quodem
845 958 970 1002 conone
990 937 1145 1003 omum
1165 938 1280 1004 viden-

167 1050 236 1116 tur,
266 1059 332 1123 quo
360 1058 429 1103 non
456 1048 608 1102 accentus
636 1036 718 1102 ratio
747 1038 807 1102 sed
828 1037 962 1124 spiritus
986 1039 1167 1104 traderetur
1188 1040 1280 1105 utin

165 1139 245 1206 EM.
271 1137 419 1215 31148.
447 1135 486 1205 τὰ
504 1125 538 1207 ἶ
557 1135 740 1221 πλεονάζον
761 1139 830 1223 πρὸ
863 1135 1053 1226 φωνήεντος
1075 1140 1280 1227 φιλουμένου

166 1243 227 1326 μὲν
247 1240 488 1326 σσμψιλσῦται,
510 1238 734 1322 δασυνσμένσυ
756 1238 793 1306 δὲ
809 1238 1056 1318 συνδασὺνεται,
1080 1233 1157 1309 σΙκα
1174 1239 1279 1314 ἔοικα,

168 1338 294 1427 ἑώρων,
328 1336 477 1430 ἑήνδανε,
510 1338 609 1426 ἐέρσα
634 1337 712 1424 (hoc
734 1341 903 1424 accentu),
935 1336 990 1418 ἑός
999 1342 1010 1418 ,Α
1037 1339 1117 1421 ἕεις,
1145 1339 1179 1410 i'e
1202 1340 1278 1425 (sic)

168 1442 279 1511 Schol.
303 1441 416 1529 Apoll.
438 1440 485 1506 11.
508 1441 560 1507 21.
586 1440 626 1508 τὸ
652 1442 916 1527 προςτιθέμενσν
941 1447 1014 1519 τοῖς
1044 1442 1281 1527 δασανσμένσις

166 1535 270 1615 {soi
297 1539 378 1611 αιἰτό
411 1537 603 1620 δασύνεται,
633 1537 748 1627 ἐέρση,
778 1539 891 1620 ἔεδνα,
915 1538 991 1617 ἑῶν,
1016 1543 1117 1628 idque
1142 1543 1278 1630 abipso

167 1645 357 1714 Herodiano
382 1641 581 1730 praecipitur
612 1643 656 1708 ed
681 1642 722 1709 Il.
741 1640 844 1709 XIII.
866 1643 940 1709 453.
961 1643 1072 1731 Epim.
1095 1645 1123 1711 Ι.
1145 1646 1216 1712 132.
1237 1645 1277 1712 ‘ri

168 1741 430 1832 αρσςαρχόμσνσν
450 1748 527 1821 ταῖς
553 1744 791 1828 δασσνσμέναις
822 1745 930 1825 λέξεσι
956 1745 1206 1835 μεταληπτικὸν
1232 1744 1281 1832 yi-

167 1872 260 1917 νεται
277 1851 336 1935 τῆς
358 1840 559 1931 δασύτητος,
588 1840 702 1930 ἑέρσα,
722 1843 832 1922 ἔεδνα,
860 1842 1051 1934 utpium).
1095 1846 1281 1933 Trisyllnbe

167 1959 292 2026 entem,
320 1956 358 2012 ut
383 1944 460 2011 illuc
488 1944 636 2022 redeam,
668 1955 701 2010 et
719 1946 922 2032 proceriore,
950 1970 1035 2034 quee
1058 1960 1226 2016 accentum
1246 1950 1281 2015 in

166 2050 279 2117 ultime
296 2047 349 2114 vel
369 2045 548 2136 penultimo
568 2045 699 2125 habent,
723 2048 828 2135 epsilo
849 2048 1039 2141 amplificari
1058 2049 1147 2115 haud
1165 2051 1280 2136 cogni·

167 2166 237 2219 tum
257 2150 424 2217 hebemus.
467 2151 559 2235 Ergo
580 2149 728 2234 quaestio
745 2149 928 2217 continetur
942 2150 977 2215 in
992 2149 1174 2237 -bisyllobis,
1196 2175 1281 2238 quoe

167 2252 368 2340 Apollonius
395 2263 564 2318 occentum
590 2250 752 2316 remittere
781 2253 843 2330 nit,
871 2269 904 2318 ot
934 2255 1051 2341 paucis
1072 2255 1143 2320 istis
1163 2276 1279 2320 mono·

167 2353 312 2441 syllabis,
335 2351 378 2418 de
402 2351 520 2437 quibus
540 2351 640 2417 modo
662 2351 784 2418 dictum
809 2364 868 2419 est.
918 2357 1041 2423 Verum
1066 2356 1200 2422 dimisso
1220 2356 1281 2422 hoo

168 2478 247 2524 curo
274 2453 460 2521 devenimus
489 2453 533 2519 ed
561 2452 773 2539 adjectivum,
806 2454 896 2541 qnod
927 2457 1067 2524 eandem
1096 2457 1282 2544 prosthesin

168 2580 248 2647 pree
276 2578 313 2623 se
343 2557 420 2622 fert:
447 2553 520 2641 ἔΐση
550 2552 763 2639 πλεονασμός
788 2554 892 2636 ἐστιν,
921 2553 962 2625 οὗ
985 2557 1149 2644 διαίρεσις
1170 2546 1280 2628 Schol.

171 2660 239 2728 Od.
260 2660 302 2726 V.
326 2656 397 2721 175.
425 2654 485 2743 τὴν
513 2651 587 2740 ἴσην
609 2655 709 2722 δαῖτα
732 2652 750 2725 ὁ
775 2658 920 2748 ποιητὴς
940 2658 1134 2739 ἐπεκτείνας
1153 2658 1283 2749 εἴρηκεν

169 2758 261 2847 elops
279 2755 403 2823 Athen.
428 2755 456 2822 L
480 2755 529 2821 12.
557 2756 603 2822 D.
632 2756 768 2824 Praeter
788 2759 852 2826 hoo
872 2782 973 2826 unum
994 2761 1154 2849 reperitur
1174 2784 1281 2849 eppo·

168 2861 268 2928 situm
295 2861 355 2926 sed
384 2858 524 2944 antiquis
545 2858 749 2945 incognitum
770 2858 924 2944 ἕέσχατσς
945 2863 1039 2931 Suid.
1063 2873 1096 2930 et
1114 2861 1225 2949 cyrill.
1248 2863 1282 2928 iu

170 2960 351 3029 Tittmnnni
374 2960 476 3048 prael.
503 2960 619 3026 Zonnr.
646 2985 679 3049 p.
703 2960 796 3029 CIII.
838 2962 928 3029 Huic
952 2957 1122 3044 δάσπετσς
1143 2964 1281 3031 conferri

170 3075 280 3155 potest
300 3074 334 3131 et
354 3064 418 3130 elie
439 3063 515 3131 huic
537 3063 655 3130 similis
677 3086 706 3131 v.
731 3064 769 3133 Ο.
782 3065 809 3132 Ι.
832 3067 858 3151 ξ.
869 3065 901 3130 3.
914 3064 1032 3150 quibus
1046 3065 1127 3131 illud
1143 3061 1281 3151 diplosis

168 3190 288 3236 nomen
309 3165 413 3254 magis
435 3166 587 3234 convenit
600 3189 696 3253 quom
712 3166 897 3256 pronomini
920 3163 962 3236 ἑέ.
986 3203 1025 3216 -
1048 3167 1112 3232 His
1131 3165 1281 3234 omnibus

239 3444 286 3512 2⁰)
309 3442 357 3498 Sic
379 3440 461 3496 etiem
487 3437 655 3514 Apollonius
674 3436 758 3491 Pron.
781 3435 838 3489 ¹07.
868 3444 898 3490 ut
922 3421 1283 3509 probet'l'pleonestioom

171 3527 251 3592 seui,
262 3526 376 3582 nomine
389 3524 477 3598 ἠέλιος
491 3524 577 3580 utitur
590 3519 669 3594 quasi
682 3527 856 3590 argumento.

239 3613 285 3679 21)
298 3611 478 3667 Herodianus
496 3611 533 3664 ed
550 3608 600 3663 v1.
617 3607 676 3661 318.
696 3622 781 3677 quum
798 3605 937 3661 docuisset
954 3607 1066 3662 vocales
1079 3592 1282 3680 autep'fnon
1328 3611 1334 3616 ’

170 3695 303 3770 ospitari,
319 3697 400 3752 addit
418 3693 500 3770 ταύτῃ
517 3690 727 3764 ἀναλσγῶῐερσν
741 3690 770 3746 τὸ
784 3691 866 3764 depost
878 3688 1068 3765 τρισυλλάβως.
1104 3693 1180 3748 Hnio
1197 3693 1284 3764 igitur

170 3784 341 3858 apponendo
358 3789 402 3836 est
419 3787 488 3838 note
510 3779 639 3853 psilosis;
660 3794 724 3832 num
741 3776 763 3831 si
781 3784 812 3831 ut
829 3771 917 3850 ἄρσας
934 3787 962 3832 et
979 3772 1061 3850 ’όρσεσ
1080 3777 1121 3834 sie
1139 3780 1205 3850 ἔρσρ
1224 3777 1282 3834 sive

171 3872 239 3945 ἔρσα
250 3867 336 3925 scribi
347 3868 435 3922 debet
443 3866 502 3922 sine
512 3883 624 3938 cepero,
633 3862 807 3944 nieyllnbum
816 3880 929 3936 quoque
939 3865 1148 3937 συμψααῦσδαι
1159 3871 1282 3937 oportet

171 3957 267 4012 Minus
285 3952 415 4010 restricte
427 3953 496 4008 Lex.
514 3954 549 4006 de
561 3949 635 4024 Spir.
650 3951 708 4004 215.
728 3948 756 4003 ιδ
774 3969 787 4004 ε
808 3946 863 4018 πρὸ
881 3949 979 4004 ἑαυτοῦ
997 3952 1126 4016 ψιλοῦται
1136 3951 1215 4022 ἔεργε
1227 3958 1282 4005 ete.

171 4041 244 4113 πλὴν
265 4046 313 4097 rori
333 4041 430 4114 ἔερσα,
450 4038 566 4109 ἐέλδωρ·
588 4038 665 4091 roriro
687 4033 718 4088 dl
739 4038 784 4087 καὶ
807 4030 979 4104 φιλούμενον
998 4023 1088 4106 εὗρον.
1133 4033 1181 4089 sic
1203 4034 1284 4105 ἑέρσρ

172 4128 306 4201 scriptum
319 4127 402 4183 estin
418 4125 479 4182 cod.
496 4123 574 4178 Harl.
589 4123 647 4178 Od.
659 4119 740 4174 XIII.
754 4120 779 4172 7.
795 4110 915 4188 ἐερσῆεις
927 4116 956 4171 in
969 4119 1020 4174 lld.
1032 4119 1112 4175 Rom.
1126 4119 1158 4174 11.
1171 4118 1283 4175 XX1V.

171 4217 232 4272 4111.
251 4210 354 4270 ιἸἰδνον
363 4230 416 4285 pro
428 4209 485 4268 leni
498 4224 574 4264 nnnc
592 4220 722 4279 asperum
743 4203 864 4274 occepit,
885 4202 982 4259 ἔιδνον
996 4223 1050 4277 pro
1063 4223 1163 4278 aspero
1175 4207 1283 4276 lenem3

169 4299 304 4376 antiques
318 4299 390 4357 Ildd
402 4296 519 4355 renent
