2736 4778
164 353 229 420 DE
252 338 470 420 SYNCOPE
492 347 637 415 UNIUS
658 347 879 417 VOCALIS.
902 349 940 416 Ο.
953 347 1006 415 lll.
1027 352 1053 434 ξ.
1064 350 1096 414 3.
1119 352 1195 429 289

76 540 168 605 deest
199 533 439 624 ε’γχεσίπαλλοι
470 533 554 595 Hes.
588 540 620 593 et
653 526 870 614 ἕγχέςπαλοι,
890 527 1127 623 ’ὄρεσσιβᾶτης
1160 542 1193 600 ct

73 635 243 727 ὀρέςβιος,
268 626 549 714 τελεοσιδώτειρο
568 641 600 695 ct
620 624 832 716 τελεςᾳόρος,
857 625 1061 715 ἀνθεσίχρως
1082 644 1114 699 et
1135 628 1193 700 ἀν·

74 734 256 827 θεςφόρος.
309 734 375 798 His
408 732 507 817 igitur
532 730 689 816 exemplis
719 730 845 796 inducti
881 741 956 796 sunt
983 733 1026 795 cd
1055 734 1194 818 ellipsin.

78 839 148 908 Sed
169 835 332 903 contraria
353 833 478 898 ratione
499 831 694 897 succurritur
716 831 874 916 epitheto,
898 834 991 919 cujus
1014 855 1091 919 pars
1107 834 1197 919 prior

79 938 236 1013 verbulis3
267 935 331 1000 hoc
358 935 443 1000 enim
465 932 577 998 eadem
606 955 672 1019 quc
694 930 868 1020 θὲςῳοτος
890 955 1037 999 consona
1066 945 1197 999 unctum

85 1061 159 1104 esse
181 1037 343 1102 dictitant:
369 1030 415 1112 ὡς
435 1032 619 1123 φερέπονος
643 1031 730 1101 οὕτω
749 1030 807 1098 καὶ
830 1033 991 1122 φερέβιος
1011 1033 1070 1099 καὶ
1093 1037 1198 1101 πλεο-

83 1143 205 1223 νασμῷ
228 1125 329 1203 τοῦδ
355 1132 543 1223 φερέςβιος·
563 1132 642 1221 περὶ
664 1136 790 1200 παθῶν
811 1134 891 1200 ΕΜ.
924 1135 1003 1213 789,
1032 1135 1085 1200 39.
1116 1121 1200 1202 criu

78 1232 245 1313 πολλάκις
264 1229 439 1313 πλεονάζει
461 1231 574 1319 ὥςπερ
587 1232 621 1300 ἐν
638 1239 687 1320 τῷ
705 1231 998 1321 φερέςβιοςΕρίω.
1011 1235 1035 1301 Ι.
1054 1237 1125 1302 146.
1143 1239 1195 1322 ¹⁹)

78 1338 136 1422 qui
166 1335 255 1420 quod
285 1334 326 1398 dc
353 1333 537 1418 frequentia
559 1333 656 1417 hujus
678 1334 859 1419 pleonasmi
881 1336 970 1415 dicit,
994 1339 1196 1404 adulterum

80 1460 184 1524 genus
204 1435 344 1523 pertinet
366 1435 457 1519 quod
480 1456 554 1499 cum
571 1435 703 1499 nomine
720 1435 938 1521 compositum
954 1449 1004 1503 est
1019 1433 1196 1526 τεοχεςοό-

81 1562 148 1625 ρος,
180 1530 386 1624 σακεςφόρος
420 1545 481 1600 etc.
513 1558 682 1620 nunquam
710 1557 788 1601 vero
820 1537 981 1622 reperitur
1012 1531 1198 1625 ἇγέςχορος,

82 1632 294 1723 ἅρχέςκακος,
316 1633 529 1718 μενέςμαχος,
553 1634 771 1724 φερὲςπονος,
798 1631 989 1716 tutemus·
1019 1639 1200 1705 sedunum

83 1747 133 1803 est
159 1733 343 1825 ρερέςβιος.
385 1733 443 1799 Ad
475 1734 538 1800 hoc
565 1746 674 1800 cutem
707 1736 951 1821 explanandum
974 1740 1098 1826 duplex
1125 1738 1199 1804 iniri

83 1846 194 1924 potest
213 1835 315 1910 rutio;
337 1857 403 1899 una
432 1835 652 1921 pleonustica‚
680 1860 777 1921 quum
798 1848 923 1903 veteres
951 1838 1090 1925 ingrcssi
1113 1851 1199 1917 sunt,

83 1939 183 2002 ultera
205 1936 249 1999 ad
271 1957 439 2023 syncopen
462 1959 609 2022 vergens.
653 1939 791 2002 Eunus
820 1937 911 2002 ducit
937 1938 979 2001 ad
1009 1938 1203 2025 φερεσίβιος

82 2038 272 2103 inusitatum
294 2036 427 2121 quidem
455 2037 536 2101 illud
563 2037 709 2122 nullique
732 2037 927 2102 usitatorum
949 2037 1053 2101 simile
1075 2049 1203 2123 practer

84 2134 345 2226 φερεσσίπονος,
380 2146 411 2201 et
437 2137 501 2202 hoc
530 2159 662 2221 quoqne
693 2137 793 2202 semel
821 2136 941 2220 legitur
969 2137 1004 2202 in
1025 2138 1201 2224 Epigram-

83 2248 171 2302 mate
194 2246 312 2324 poetae
338 2237 453 2300 novitii
481 2247 513 2302 ct
537 2237 652 2323 ignoti.
696 2237 781 2301 Nam
805 2237 894 2321 quod
920 2237 1080 2305 Matthiae
1108 2239 1141 2304 in
1163 2239 1200 2306 ll.

83 2340 185 2403 Hom.
206 2337 327 2402 XXX.
357 2359 418 2422 pro
433 2344 559 2422 ,χοροῖς
584 2335 807 2423 περιοανθέσι
836 2338 947 2423 posuit
974 2339 1202 2428 φερεοανθέσι

84 2439 185 2523 idque
212 2438 247 2502 in
275 2437 420 2502 Animm.
449 2460 482 2523 p.
507 2437 581 2502 454.
605 2437 750 2503 similiter
770 2438 943 2504 formatum
966 2461 1038 2504 esse
1061 2441 1139 2503 dicit
1164 2451 1202 2505 ut

84 2537 270 2626 φερέςβιος,
284 2532 500 2626 φερεσσακής,
524 2560 563 2608 ec
573 2540 731 2605 correctio
743 2549 794 2604 est
810 2539 941 2604 minime
954 2538 1133 2626 probabilis
1145 2542 1200 2624 ²⁰)

84 2631 294 2726 proseucticis
314 2647 425 2703 cutem
443 2637 656 2724 diplasiasmo
679 2651 809 2706 suctum
829 2650 865 2704 ut
889 2636 1122 2727 φερεμμελίης.
1164 2639 1201 2706 Si

83 2748 193 2802 tamen
215 2737 423 2803 concedimus
446 2738 594 2807 Graecos
614 2740 806 2832 φερεοίβιος
827 2739 1025 2825 cogitatione
1046 2739 1201 2805 informa-

83 2835 329 2914 tumhsbuisse‚
346 2837 423 2903 hinc
440 2840 547 2925 potuit
559 2841 733 2930 φερέςβιος
745 2841 881 2906 coartari
900 2851 936 2903 ut
954 2837 1201 2928 φοβεσιοτράτη

81 2938 255 3004 Minervae
273 2959 457 3024 cognomen
477 2941 511 3006 in
533 2938 741 3029 φοβεστράτη
764 2939 846 3003 obiit
869 2940 959 3022 quod
984 2951 1034 3001 est
1055 2941 1203 3021 ejusdem

88 3038 172 3104 dese
193 3036 363 3124 epitheton
382 3041 463 3107 EM.
487 3042 558 3118 797,
585 3041 637 3105 54.
661 3040 700 3104 cl.
717 3038 897 3119 Gocttling.
917 3037 960 3098 ad
976 3038 1057 3099 IIee.
1072 3037 1202 3123 Theog.

82 3138 213 3203 v.127.
255 3139 386 3204 Etenim
408 3164 469 3229 pro
492 3132 745 3228 φοβηοιοτράτη
773 3135 930 3200 successit
957 3133 1203 3226 φοβεσιστράτη

86 3248 239 3324 correpta
265 3238 363 3304 luturi
389 3241 495 3307 vocali
521 3250 558 3303 ut
582 3234 824 3312 Πενθεσίλεια,
848 3230 1066 3321 εὑρεοίλογος,
1089 3232 1202 3322 dyocl-

85 3341 184 3416 λᾶος·
207 3338 284 3404 hinc
313 3353 421 3407 autem
445 3343 590 3406 detracto
618 3338 686 3402 iota
714 3332 940 3424 ροβεςοτράοη
970 3336 1062 3402 nasci
1084 3337 1202 3424 potuit,

96 3487 242 3494 --—-—-.-

160 3561 203 3623 to)
215 3557 271 3612 Hic
282 3556 469 3628 proficiscitur
486 3574 504 3610 s
517 3557 628 3611 nomine
642 3556 728 3626 ἵστωρ
736 3593 744 3621 ,
763 3556 840 3622 quod
852 3553 954 3607 Nonuo
970 3556 1145 3612 reddendum
1162 3561 1202 3616 vi·

88 3645 172 3698 detur
180 3642 263 3696 XXI.
276 3643 337 3694 254.
351 3635 531 3713 φυτοσπόρον
545 3639 638 3712 ἔπορ’
652 3636 778 3710 ἀρότρων
789 3653 840 3708 pro
853 3633 948 3707 ἑσμόν.
968 3639 1087 3713 Proprie
1099 3643 1139 3700 sic
1151 3665 1201 3701 vo·

90 3737 169 3784 catur
187 3725 309 3797 paxillus
326 3726 445 3780 temonis
462 3729 513 3780 scd
530 3724 656 3779 similiter
675 3716 816 3784 πάσσαλος
833 3723 1000 3780 transfertur
1015 3729 1052 3781 cd
1072 3731 1199 3799 corporis

87 3819 198 3885 partem
209 3812 390 3875 obscoenam,
407 3827 492 3880 quum
507 3808 625 3864 Nonnus
636 3806 814 3862 XV111.228.
833 3803 936 3880 στάχυν
954 3807 1058 3886 ἄρσενα
1075 3810 1202 3885 ἀρότρων

87 3895 223 3968 appellat.

157 3981 205 4048 2⁰)
217 3980 395 4035 Hermsnnus
413 3978 611 4049 recepitquod
627 3977 656 4033 iu
668 3980 750 4035 codd.
769 3979 901 4050 scriptum
919 3988 961 4034 est
978 3975 1048 4047 παρ’
1070 3974 1201 4030 elevetur

89 4066 193 4121 omisso
204 4062 426 4137 praepositione.
449 4062 555 4118 Poetae
567 4070 707 4134 promtum
725 4071 785 4119 srst
796 4068 966 4136 ρερεανοέοι
978 4064 1086 4129 fingere
1099 4067 1129 4113 ut
1147 4079 1202 4132 φε-

89 4147 216 4225 ρεαυγὴς,
230 4150 276 4203 vel
286 4151 461 4219 tcpsrordtce
476 4156 507 4202 ut
517 4165 603 4222 sccpc
616 4147 734 4219 legimus
747 4146 836 4220 τέρεν’
851 4143 950 4201 ἄνθεα.

140 4236 274 4284 hobed,
288 4235 379 4276 Pathol.
952 4227 992 4292 19
