2736 4778
367 374 650 444 numoooeu.
692 375 729 443 o.
749 375 809 443 us
831 379 850 463 s
876 378 903 443 r.
1134 378 1197 447 ass

83 535 173 600 latim
194 536 404 619 praecipitur,
437 556 541 621 neque
570 542 662 604 extet
694 537 780 604 aliud
810 538 905 603 huius
932 539 1058 620 generis
1083 558 1198 607 nomen

84 637 272 720 bisyllubum
293 640 326 705 in
348 640 476 706 eusdem
496 641 607 707 literas
629 640 838 720 exiens;.sed
857 641 1032 707 musculiue
1054 647 1087 707 et
1107 641 1198 709 iomi-

83 741 167 820 nina,
189 759 270 823 quae
280 743 449 826 ancipitem
461 743 701 810 snteoatalexin
723 746 770 821 οῖ,
790 741 910 808 habent
924 738 993 825 μοι’
1011 741 1199 832 ἐπιπλοκῆς

85 840 275 928 συμφώνου,
296 846 503 927 penultimam
524 846 654 911 brevem
674 845 793 912 hebere
820 850 854 910 et
875 850 1024 911 uooeutus
1045 847 1197 914 ostendit:

85 944 221 1029 ῥάμνος,
244 945 396 1031 πρύμνος.
420 944 532 1031 ὕμνος,
556 944 698 1033 πρύμνα,
722 953 757 1013 et
777 948 977 1014 omsentimt
991 949 1198 1030 grammatici,

87 1046 244 1114 vuemo
267 1050 307 1114 de
329 1048 434 1116 Dichr.
455 1050 519 1117 361
542 1051 671 1131 Lelrrs,
703 1069 806 1134 neque
833 1050 925 1116 aliter
950 1053 1198 1133 pronunciantur
1330 1054 1332 1059 ’

84 1149 181 1215 verba
202 1147 331 1232 κάμνω,
364 1153 483 1235 μίμνω.
527 1152 640 1235 Itaque
670 1171 730 1235 pro
752 1157 899 1238 κρῖμνον,
932 1153 1017 1235 quod
1037 1152 1087 1218 bis
1109 1159 1199 1218 terve

85 1252 131 1316 sio
153 1253 306 1335 scriptum
327 1256 498 1335 reperitur,
531 1255 649 1337 ubique
675 1255 801 1320 restitui
830 1259 955 1337 oportet
975 1260 1198 1338 pauonytonon,

83 1353 172 1419 ouius
193 1356 338 1437 exemplu
358 1356 494 1437 plurima
518 1362 652 1422 exstant
696 1356 784 1423 Haeo
805 1362 911 1423 autam
939 1357 1106 1439 prosodiae
1133 1358 1198 1423 ‹lis-

81 1458 243 1537 crepantia
252 1458 366 1538 obstat,
388 1460 554 1540 quominus
577 1464 632 1544 ιιρῖ
662 1477 684 1523 a
705 1455 840 1545 κρίμνον
861 1464 967 1525 ortum
992 1460 1198 1526 existimetur.

84 1558 135 1623 Ad
157 1552 259 1645 ιιριθὴ
287 1579 328 1625 ue
349 1561 562 1640 resolvemur,
594 1560 767 1643 interponit
793 1578 828 1626 so
850 1560 952 1643 Epim
974 1561 1075 1627 1255
1104 1580 1197 1644 argu-

84 1665 190 1726 mento
212 1662 354 1743 spinoso:
387 1667 443 1748 epi
463 1657 482 1748 ἦ
506 1659 607 1749 κριθή
631 1659 683 1729 uri
712 1662 795 1728 ιαὀὰ
823 1659 1018 1750 ἀποκοπὴν,
1051 1658 1129 1731 ἐπεὶ
1158 1659 1198 1731 οὗ

86 1767 292 1848 περιεσπᾶτο
321 1759 409 1848 (ἄν),
445 1761 529 1830 ἀλλὰ
563 1760 646 1830 uerti
681 1760 845 1847 διώνυμον
876 1762 987 1851 ὥςπερ
1021 1757 1110 1851 ἦμαρ
1143 1764 1199 1832 καὶ

85 1859 201 1950 ἡμέρα.
246 1865 306 1931 Hic
327 1883 398 1931 oum
419 1867 524 1933 verbis
546 1863 621 1933 inei
643 1860 684 1933 οὔ
710 1902 746 1913 -
774 1867 880 1932 nescio
907 1867 984 1949 quid
1005 1868 1092 1934 aliud
1114 1885 1198 1934 oom-

84 1968 237 2048 prehendi
258 1969 361 2051 possit
381 1986 477 2051 quam
498 1970 689 2035 eontrarium
711 1965 795 2035 ἀλλὰ
818 1971 1040 2053 neptunium,
1058 1969 1115 2037 utri
1137 1965 1198 2037 οὔκ

86 2065 243 2159 ἀποκοπή
264 2067 344 2138 ἐστι.
371 2069 462 2148 Quod
482 2068 579 2153 igitur
589 2056 686 2153 uulgo
698 2071 841 2150 edicitur,
864 2071 1063 2138 substantiis
1073 2073 1198 2154 generis

84 2174 228 2238 neutrius
259 2172 475 2254 monosyllaba
503 2174 677 2258 eudenmue
705 2173 966 2239 muorooataleota
987 2173 1197 2257 circumflecti,

84 2275 119 2340 id
138 2274 193 2341 ills
215 2274 374 2342 vocabulis
400 2275 517 2341 natiuis
549 2281 583 2342 et
613 2276 746 2358 integris
778 2275 1000 2356 adstrinxisse,
1033 2277 1199 2343 imminuta

85 2382 206 2457 autem,
238 2396 322 2460 qaue
343 2378 383 2444 ub
405 2379 548 2461 orytouis
569 2383 641 2444 orte
662 2383 783 2458 essem,
817 2383 950 2444 uoceutu
971 2378 1083 2446 itidem
1103 2385 1199 2448 sento

85 2480 227 2561 signasse
248 2480 383 2546 videtur.
426 2481 514 2546 Haeo
539 2481 568 2547 si
595 2479 663 2562 ejus
689 2478 750 2545 iuit
771 2480 889 2561 opinio,
922 2498 994 2546 eam
1014 2477 1200 2547 confirmare

84 2582 189 2663 potuit
210 2583 351 2665 exemplo
372 2582 519 2649 adieetivi
547 2578 657 2670 λιοοῆ,
692 2584 754 2662 tic,
787 2583 981 2648 contraitum
1007 2587 1114 2649 eutem
1142 2588 1200 2670 ppt

84 2690 142 2749 aut
162 2702 225 2750 non
247 2682 452 2751 circumfluxit
472 2690 529 2751 aut
547 2704 612 2751 uon
632 2684 780 2764 uotiuum,
803 2685 861 2750 sed
877 2685 1006 2767 plenum
1026 2683 1197 2751 illibatum·

86 2804 147 2868 quo
178 2804 251 2853 esse
277 2787 398 2853 statuit
441 2786 560 2852 Verum
581 2786 655 2853 huis
674 2785 868 2853 distinctioni
892 2794 1051 2871 repugnat
1070 2788 1199 2855 Arcadii

85 2905 198 2954 eunom
221 2893 289 2955 πᾶν
309 2885 559 2971 μονοσύλλαβοι
573 2884 744 2975 οὐδέτερον
760 2890 957 2972 (μοιογινὲς)
973 2886 1040 2956 εἴτε
1061 2887 1200 2969 ἀπαθὲς

85 2985 148 3077 εἴη,
169 2986 237 3058 ei'ts
260 2987 451 3068 πεπονθός,
475 2992 697 3074 respuentium,
729 2990 781 3054 cui
809 2989 942 3055 suutinit
963 2988 1197 3057 Choerobostus

86 3090 232 3173 Orthogr.
254 3091 339 3158 226:
349 3091 401 3158 28.
433 3091 521 3157 Haec
542 3091 639 3172 igitar
659 3108 717 3172 pro
738 3108 848 3155 eorum
870 3091 1028 3157 sententia
1049 3092 1110 3158 diui
1124 3112 1197 3176 pos-

85 3199 169 3274 sunt,
192 3194 247 3276 quui
267 3201 329 3279 κοῐ,
350 3212 414 3276 quo
434 3192 594 3259 Homerus
614 3193 647 3257 in
667 3198 801 3274 utroque
823 3193 962 3259 mumius
973 3194 1076 3261 sexies
1087 3196 1197 3278 utitur,

85 3295 292 3376 primitivum,
327 3293 571 3383 spatiantem,
604 3313 667 3376 quo
688 3294 791 3359 tribus
817 3294 849 3358 in
871 3293 948 3360 loeis
980 3301 1014 3360 et
1033 3296 1199 3378 pluraliter

85 3401 218 3477 tuntum,
241 3397 417 3465 derivatum
437 3403 559 3481 putant
601 3395 758 3477 vulgatae
780 3413 855 3460 vero
877 3394 1030 3477 opinionis
1053 3404 1197 3466 suctores

84 3496 144 3565 hoo
164 3500 296 3565 rationis
316 3500 467 3566 habuisse
493 3500 654 3578 nomem,
687 3497 772 3580 quod
790 3496 1062 3565 substantivorum
1088 3500 1121 3566 iu
1143 3519 1197 3567 vo-

85 3601 185 3666 talem
207 3603 387 3671 exeuntium
411 3600 758 3668 nullumiuseuissont
790 3599 883 3665 unius
911 3601 1064 3683 syllabae3
1098 3621 1198 3687 quare

83 3703 295 3785 prinoipstum
315 3704 474 3771 deueuaut
494 3704 527 3770 ei
547 3703 629 3782 roci,
662 3719 745 3783 quoe
765 3700 798 3766 in
819 3719 882 3768 usu
901 3705 1139 3795 praevaluisset
1165 3711 1199 3774 ot

85 3809 170 3870 uerte
192 3805 313 3889 aliquas
336 3806 385 3871 sui
406 3805 525 3872 similes
546 3804 694 3871 haberet:
709 3797 787 3889 ’lap
810 3799 830 3891 ἡ
853 3800 1049 3894 εὐφροσύνη,
1075 3807 1196 3896 Heius

85 3901 105 3991 ἡ
131 3909 263 3988 πεῦοις,
286 3901 386 3995 Ὄθη
409 3902 429 3994 ἦ
453 3905 603 3994 φροντίς,
629 3894 720 3989 'quae
740 3905 917 3988 Hesychius
939 3908 1130 3988 asservavit,
1164 3916 1198 3976 et

84 4006 208 4074 notiora
227 4010 334 4097 μέθη,
360 4006 465 4095 ποθῆ,
491 4006 604 4097 πάθη,
628 4004 736 4097 σάθη,
760 4005 927 4095 σπάθηῆ.
972 4006 1108 4077 Causam
1130 4027 1197 4079 cor·

152 4196 182 4258 2)
199 4196 277 4251 Justo
294 4199 398 4266 puruior
414 4194 599 4262 Thooguostus
618 4196 683 4250 Oen.
694 4194 753 4251 los.
772 4193 805 4248 17
827 4194 879 4248 duo
896 4202 998 4263 tentum
1015 4198 1103 4252 effert:
1122 4200 1196 4272 Σίθπ

84 4274 238 4350 μορῦτονον
255 4286 301 4335 καὶ
319 4278 400 4354 κριθή
420 4278 563 4347 ὀξύπονον,
581 4282 652 4348 quod
669 4282 798 4336 Arcadius
817 4277 909 4335 lota
939 4282 1024 4336 solum
1049 4303 1108 4339 essu
1133 4288 1197 4343 diuit

84 4369 332 4434 mseropurelootum
348 4375 427 4423 uouto
444 4385 509 4423 sono
525 4368 635 4420 linitum.
