2736 4778
188 341 250 409 aaa
452 324 454 329 ’
568 337 847 407 DISSERTATIO
869 339 922 407 vr

187 505 380 588 diphthongo
401 503 529 586 propria
550 502 582 574 a:
606 504 640 568 in
660 503 864 587 impropriam
890 505 921 594 ἠ’
946 506 1121 583 contracto,
1147 502 1314 584 quomodo

185 609 279 690 vulgo
300 606 350 673 fit:
375 605 670 696 φιλέ-εαι-φιλξη
692 614 725 674 et
746 609 862 674 iterata
884 607 965 674 crasi
978 607 1073 695 φιλῇ,
1089 611 1198 696 pao-93⁸1.
1245 603 1314 673 Sed

185 717 314 794 recepta
336 711 492 792 scriptura
514 708 849 793 utiturEpim.1327
873 711 915 775 ad
937 709 1157 791 explicandum
1181 705 1312 798 ὅρηαι

187 815 234 900 (id
256 819 306 879 est
328 796 434 903 dpqigj,
468 813 552 894 quod
585 813 684 878 ectasi
706 817 832 877 auctum
854 812 931 878 dicit
963 808 1036 879 ἀντὶ
1059 816 1118 879 τοῦ
1141 807 1242 902 ὅρέαι
1267 809 1314 892 ὥς

184 917 324 1002 μυθέαι,
358 916 472 998 quibus
498 914 570 980 EM.
594 914 666 981 621.
688 914 729 979 37
763 916 853 981 addit
885 913 992 999 δίζεαι
1026 915 1146 1004 δίζηαι.
1193 915 1311 999 Neque

186 1028 296 1088 contm
316 1018 402 1085 valet
424 1018 636 1100 discrepantia
656 1022 819 1098 accentum
841 1038 915 1084 nam
937 1020 964 1084 is
988 1024 1209 1087 conhoversus
1232 1017 1311 1084 luit:

184 1122 222 1191 τὸ
258 1118 339 1213 ὁρᾷς
357 1120 506 1211 Ὅμηρος
538 1125 719 1208 ποιητικῶς
751 1117 849 1209 ὅρηαι
883 1122 967 1211 φησὶ
999 1117 1312 1208 προπαροξυτόνως

186 1221 255 1293 ἀπὸ
279 1225 456 1304 ἐνεστῶτος
478 1231 537 1292 τοῦ
559 1220 669 1313 ὅρημι,
695 1212 734 1291 οὗ
754 1230 871 1312 χρῆσις
893 1223 986 1312 παρὰ
1015 1222 1194 1311 Θεοκρίνην·
1221 1224 1310 1291 κατὰ

186 1328 225 1397 δέ
246 1353 336 1405 τινας
358 1322 459 1416 ὃρῆαι
482 1327 810 1415 προπερισπιομέναις
831 1323 867 1394 ἐκ
889 1333 948 1394 τοῦ
971 1322 1089 1415 ὁρᾶται
1113 1325 1225 1417 ἐνδείᾳ
1249 1331 1311 1395 τοῦ

185 1431 214 1502 ς’
227 1430 282 1497 καὶ
304 1437 411 1520 τροπῇ
439 1436 499 1498 τοῦ
520 1433 547 1502 ἶ
570 1425 617 1509 εἷς
639 1430 674 1515 ἶ
697 1429 786 1495 Euat
812 1429 903 1496 1763.
926 1428 977 1511 td,
1011 1429 1049 1496 οἱ
1070 1430 1244 1496 Duentzer.
1269 1431 1309 1496 de

187 1532 302 1599 Zenod
325 1532 376 1598 63.
425 1532 529 1599 Hruus
561 1533 727 1615 prosodiae
761 1538 905 1599 auctores
937 1533 1145 1615 penultimam
1171 1533 1310 1599 choum·

186 1635 341 1702 flexerunt
362 1635 518 1701 subeunte
540 1636 691 1702 memoria
712 1636 801 1702 verbi
821 1635 920 1702 Ionici
947 1633 1097 1724 ὁρέομαι.
1122 1637 1211 1702 cuius
1233 1655 1308 1719 per-

186 1757 264 1805 sona
287 1739 425 1805 secunda
446 1735 556 1826 ὁρέεαι
579 1739 655 1805 eliso
678 1740 777 1821 epsilo
805 1740 837 1804 iu
861 1734 955 1827 ὁρέαι
977 1742 1117 1821 transit,‘
1138 1740 1212 1806 hinc
1232 1759 1308 1823 pro-

187 1842 332 1908 ductione
353 1842 470 1908 vocalis
492 1842 616 1907 mediae
651 1842 683 1905 iu
706 1837 803 1929 ὅρηαι
826 1848 863 1908 ut
883 1849 1030 1924 μυθεῖαι.
1045 1880 1079 1891 -
1096 1842 1169 1909 Sine
1193 1843 1310 1909 idonea

99 1993 104 2000 ,
184 1946 308 2010 ratione
329 1943 547 2021 Blomfieldius
580 1944 621 2010 ad
643 1943 764 2010 Gallim.
786 1946 819 2010 in
841 1945 933 2011 Dian.
957 1944 1019 2011 148
1049 1952 1133 2013 νεῖαι
1154 1945 1307 2012 hocloco

185 2053 219 2114 ct
240 2048 324 2130 apud
346 2046 518 2114 Homerum
552 2048 585 2113 iu
618 2046 685 2137 νιίη
708 2047 894 2113 mutandum
916 2050 1108 2130 suspicatur,
1141 2050 1175 2114 id
1198 2055 1307 2115 autem

185 2169 257 2216 esse
278 2149 419 2217 futurum
434 2149 576 2233 acicam,-
600 2151 657 2217 sed
678 2157 728 2216 est
749 2169 933 2233 germanum
954 2169 1106 2233 praesens
1126 2149 1307 2240 profuturo

184 2255 323 2336 positum
344 2260 381 2320 ut
401 2255 474 2343 βέῃ,
509 2256 594 2337 quod
614 2253 791 2337 Hesychius
825 2253 940 2335 duplici
962 2255 1054 2319 modo
1076 2255 1306 2336 interpretatu

186 2354 295 2443 ζήσεις
317 2363 351 2423 et
372 2355 530 2447 πορεύσῃ.
1037 2387 1048 2407 ν
1205 2368 1217 2379 “

270 2460 427 2542 Longiore
460 2460 592 2541 ambage
626 2458 796 2525 deductum
829 2463 879 2524 est
910 2463 992 2549 μνᾷ,
1026 2460 1110 2541 quod
1137 2458 1307 2527 Homerico

183 2560 273 2652 μνάᾳ
307 2564 463 2644 subsidet;
497 2565 613 2629 atenim
646 2563 746 2643 primo
781 2563 848 2627 loco
882 2564 955 2643 poni
992 2567 1116 2644 oportet
1147 2559 1305 2645 μνάεοαι,

185 2667 322 2730 secundo
344 2662 473 2748 μνάεαι,
498 2665 581 2746 quod
603 2660 680 2729 καθ’
697 2660 861 2731 ὑπόθεσιν
883 2664 1099 2747 proficiscitur,
1121 2665 1195 2730 hinc
1217 2661 1306 2753 μνάη

185 2769 329 2833 consistit
362 2767 522 2831 vocalibus
556 2770 607 2837 ἐῶ
630 2767 662 2832 in
683 2771 709 2858 ᾖ
732 2770 914 2849 contractis,
948 2769 1006 2834 hoc
1040 2774 1161 2859 {vero
1194 2787 1306 2832 rursus

185 2871 380 2937 contrahitur
403 2888 473 2935 cum
497 2869 599 2952 alpha,
623 2871 706 2952 quod
729 2871 900 2937 antecedit:
922 2875 987 2960 μνᾷ
1004 2871 1180 2936 etdiectasi
1194 2871 1305 2952 ampli·

184 2973 312 3040 ficatum
334 2971 434 3061 μνᾰρ.
480 2972 583 3038 Huius
600 2974 799 3039 continuatae
822 2975 920 3039 orasis
939 2975 1160 3040 documentum
1172 2973 1307 3055 praebet

183 3081 245 3165 χρῇ
268 3078 356 3156 illud,
379 3076 418 3141 de
441 3095 502 3158 quo
525 3077 620 3142 schol.
643 3076 679 3141 Il.
702 3076 717 3140 I
740 3075 802 3142 216
838 3071 907 3142 αἰπό
931 3083 990 3143 τοῦ
1011 3081 1142 3165 χρῶμαι
1165 3075 1204 3141 τὸ
1228 3072 1303 3142 δευ-

184 3205 282 3266 τερον
306 3187 365 3264 τῆς
387 3184 500 3262 κοινῆς
535 3181 711 3248 διαλέκτου
734 3177 802 3244 ἐστὶ
835 3182 898 3267 χρᾷ
932 3174 1080 3256 ἷιυνικῶς,
1115 3174 1248 3243 ἀστικὸν
1273 3177 1309 3246 δὲ

182 3286 245 3370 χρῇ
268 3280 529 3369 περισπώμενον.
574 3281 656 3346 Nam
679 3280 739 3345 huc
761 3299 818 3362 per
840 3281 967 3345 eosdem
989 3281 1080 3361 quasi
1101 3279 1304 3362 gradusper-

183 3392 312 3451 ventum
335 3392 398 3451 est:
420 3382 570 3471 χρῶεσαι,
593 3381 722 3470 χράεαι,
744 3379 839 3471 χράῃ,
862 3388 925 3472 χρᾷ
938 3389 970 3447 et
979 3387 1052 3470 χρῇ.
1098 3382 1304 3449 Contractum

182 3493 301 3574 χρᾶοαι
335 3488 412 3553 mihi
445 3507 507 3552 uon
539 3488 662 3565 incidit,
697 3486 753 3550 sed
787 3487 931 3550 convenit
953 3503 1024 3550 cum
1047 3489 1184 3562 κιᾶοαι,
1219 3486 1305 3567 quod

183 3590 379 3673 Phrynichus
403 3596 605 3672 aspematur‚
629 3606 687 3653 nec
709 3588 821 3653 melius
844 3590 971 3671 sapiunt
993 3593 1099 3654 cetera
1121 3589 1216 3654 huius
1237 3596 1302 3654 ter·

183 3693 380 3758 minationis:
405 3696 559 3780 φαινεοαι
585 3691 680 3756 schol.
702 3691 777 3756 Eur.
791 3691 895 3756 Orest.
907 3688 969 3755 304
986 3695 1018 3754 et
1041 3689 1072 3755 S.
1083 3691 1189 3757 Lucae
1204 3691 1304 3757 verba

183 3791 329 3883 φάγεσαι
363 3795 419 3861 καὶ
454 3795 577 3861 πίεσαι.
606 3830 642 3841 —
679 3793 870 3860 inveteravit
902 3812 977 3860 vero
1010 3793 1089 3859 haec
1121 3794 1304 3860 terminatio

182 3897 330 3980 perfectis
352 3898 501 3979 passivis:
531 3897 694 3986 κέκτησαι,
729 3897 899 3985 κέχρησαι,
923 3896 1103 3984 βέβλησαι,
1125 3896 1303 3984 μέμνησαι,

182 4002 240 4066 sed
262 4001 383 4066 duobus
411 4000 496 4064 hisce
519 3999 676 4066 Homerus
699 4001 800 4081 sigma
821 3999 972 4065 detraxit:
999 3999 1136 4085 βέβληαι
1160 4003 1303 4066 κενεῶνα

182 4103 218 4169 Il.
241 4104 268 4168 V
292 4102 354 4169 ael
377 4109 410 4169 et
432 4110 578 4185 correpta
599 4103 703 4168 media
723 4105 859 4191 βέβληαι
884 4097 953 4170 οὐδ’
979 4098 1074 4167 ἅλιον
1090 4100 1221 4181 ΧΙ380,
1244 4121 1303 4185 pro

182 4224 243 4286 quo
267 4207 430 4272 Bentleius
452 4201 573 4293 βίβλη,
608 4205 808 4271 Thierschius
830 4207 857 4291 §-
871 4204 951 4276 uda.
974 4203 995 4269 4
1016 4223 1046 4286 p.
1069 4203 1133 4268 218
1161 4205 1302 4288 βέβλεαι

183 4308 382 4374 scribendum
415 4311 544 4391 putavit.
613 4307 766 4390 Superest
798 4310 928 4376 tertium
967 4309 1090 4397 βέβλη,
1132 4307 1189 4372 sed
1222 4307 1303 4374 nihil
