2736 4778
146 306 219 429 acl
502 344 822 416 mssnumsio
851 348 895 417 v.

140 542 259 623 γὶκςιιι
289 538 407 603 olivam
432 538 515 621 quod
543 536 657 604 Graeci
686 536 862 604 λιπίλοιοκ
886 544 1017 610 occant,
1046 532 1160 621 colligi
1187 534 1265 602 licet

145 662 219 705 eum
239 637 437 704 homericum
459 630 532 705 λίπ’
556 634 659 726 ἐλαίῳ
682 636 742 704 sub
764 660 830 703 uno
857 637 978 723 legisse
1001 646 1138 702 accentu
1160 637 1264 724 idque

145 764 218 808 cum
244 740 403 827 adjectivo
425 738 644 806 indeclinabili
666 738 751 806 λίπα
773 739 962 828 copulatum
988 749 1150 831 putasse4
1174 739 1263 808 Sub-

144 842 317 910 stantivum
340 837 585 929 ἅγαθοδαίμιοκ
609 840 651 906 ad
671 839 751 906 Phr.
767 841 840 907 603.
863 841 984 907 Parall.
1001 842 1074 907 371.
1121 841 1263 909 Graecis

142 967 246 1032 aeque
267 944 416 1031 ignotum
441 966 513 1009 esse
536 943 605 1008 dixi
628 952 726 1028 atque
747 944 942 1009 contrarium
961 940 1181 1025 κακοδαίμων
1203 966 1263 1011 nec

144 1046 279 1114 dubium
303 1045 409 1112 habeo
434 1045 513 1131 quin
533 1044 732 1133 Apollonius
753 1045 855 1113 Pron.
879 1046 929 1113 76.
950 1047 990 1111 Β.
1011 1041 1183 1123 πολλάκις
1206 1040 1260 1114 ἐπ’

142 1143 316 1234 ὀνομάτων
337 1142 422 1215 καθ’
447 1143 521 1227 ἑνός
542 1144 762 1232 ὑποκειμένου
784 1146 845 1216 dio
866 1145 993 1224 κλίσεις
1023 1144 1175 1230 γίνονται
1204 1145 1261 1214 adu

141 1244 243 1328 πόλις
283 1247 360 1327 νέας
405 1246 558 1330 πόλεως,
606 1242 851 1335 ἀγαθοόαίμιοι
896 1248 1031 1334 ἀγαθοῦ
1074 1245 1259 1332 δαίμονος,

141 1347 312 1439 scripserit*
333 1342 466 1436 ἀγαθὸς
495 1350 625 1432 όαίμιοκ
654 1349 893 1416 convenienter¹
912 1347 1002 1414 urbis
1029 1347 1156 1413 nomini
1187 1351 1259 1419 Νέιι

140 1449 256 1532 πόλις,
278 1474 354 1517 nam
376 1451 417 1518 de
439 1450 503 1518 hoc
524 1474 598 1518 eum
623 1450 715 1538 loqui
746 1463 796 1517 sat
818 1450 1024 1517 manifestum
1049 1460 1120 1527 eat3
1151 1450 1257 1517 idem·

140 1574 205 1639 que
232 1553 325 1639 Syna
356 1554 402 1620 11.
428 1556 485 1634 23,
509 1544 623 1620 l'llsa
647 1554 821 1644 disparatis
845 1548 978 1645 ἀγαθός
1000 1551 1132 1634 δαίμων
1154 1575 1257 1619 unum

138 1654 209 1721 heri
227 1655 309 1739 ¹dicit
330 1649 677 1743 όγαθοόαιμοιιοτός,
708 1656 826 1743 quibus
853 1653 1050 1751 conveniunt
1068 1653 1173 1720 verba
1187 1658 1257 1741 jam

139 1778 239 1844 supra
266 1756 363 1822 allata
394 1754 433 1821 C.
459 1755 488 1820 1.
518 1759 543 1841 ξ.
572 1757 603 1822 3.
631 1761 726 1846 παρὰ
752 1759 789 1828 τὸ
804 1753 939 1843 ’Ἄρειος
959 1752 1068 1843 πόγος
1084 1751 1256 1844 Ἀρεοπα-

138 1855 297 1948 γίτηςῑ),
310 1855 403 1944 παρὰ
426 1856 464 1924 τό
488 1857 545 1926 νέα
567 1855 668 1939 πόλις
688 1845 889 1948 κεαπολίτης
906 1859 993 1923 Adv.
1016 1857 1089 1924 587.
1117 1858 1254 1925 -Horum

58 1985 63 1994 ,
138 1957 285 2025 alterum
300 1959 335 2024 in
364 1957 519 2046 ambiguo
550 1970 599 2026 est
623 1970 732 2027 utrum
754 1963 857 2028 civem
886 1960 1049 2025 novellum
1074 1983 1136 2040 an,
1163 1961 1254 2049 quod

136 2060 292 2150 praetuli,
311 2060 566 2149 Neapolitanum
582 2064 759 2150 significan
781 2063 1011 2152 appellativum
1027 2063 1121 2129 affert
1132 2065 1254 2132 Pollux

136 2160 202 2230 IX.
223 2163 275 2230 26.
298 2159 317 2232 ό
338 2163 398 2249 μὲν
418 2159 563 2254 μεγάλης
585 2164 717 2244 πόλεως
743 2163 1012 2252 μεγαλοπολίτης
1041 2161 1081 2232 ἂν
1108 2168 1250 2254 λέγοιτο,

65 2302 70 2311 =
136 2260 154 2331 ό
178 2265 216 2336 δὲ
235 2268 359 2353 μικρᾶς
379 2263 636 2353 μικροπολίκης,
662 2263 681 2333 ὁ
705 2264 741 2334 δὲ
763 2267 839 2347 νίας
860 2267 1073 2357 κεαπολίτης,
1101 2269 1164 2335 sed
1192 2291 1250 2358 pro

136 2365 202 2455 hoq
228 2365 424 2454 κεοπολίτης
453 2375 490 2431 ut
519 2365 638 2454 legitur
663 2368 726 2434 ΠΙ.
757 2368 809 2436 56.
837 2368 989 2436 substitui
1019 2369 1139 2450 debet3
1176 2394 1251 2439 nam

135 2490 242 2554 neque
269 2464 428 2545 κεάπολις
461 2468 578 2534 dicitur
605 2464 665 2559 pro
693 2471 750 2538 κὲα
776 2467 877 2550 πόλις
903 2472 954 2538 vel
983 2470 1161 2559 ίεροίπολις
1191 2496 1249 2564 pra

135 2568 210 2657 ἱερὰ
227 2568 340 2647 πόλις,
359 2592 467 2655 neque
486 2594 526 2636 ex
542 2571 600 2641 νέα
619 2573 718 2652 πόλις
736 2573 889 2661 componi
908 2584 1018 2661 potest
1034 2575 1250 2666 κεαπολίτης·

111 2671 224 2760 apud
245 2670 417 2736 Platonem
440 2683 560 2753 autem,
591 2698 688 2761 quem
717 2677 836 2741 Pollux
866 2686 1005 2760 utroque
1030 2675 1104 2741 loco
1134 2688 1249 2763 testem

135 2773 285 2852 adhibet,
313 2784 461 2839 neutrum
492 2786 580 2841 extat
607 2779 665 2843 sed
688 2779 756 2847 κίοι
779 2779 916 2846 πολῖται
938 2779 1038 2864 idque
1065 2779 1129 2843 alio
1153 2780 1247 2847 intel·

133 2875 220 2944 lectu
241 2876 397 2943 deservis
415 2899 527 2943 recens
546 2878 580 2944 in
597 2880 757 2946 civitatem
776 2881 926 2968 receptis.
962 2881 1046 2948 Cum
1063 2883 1247 2969 Apollonio

135 2992 168 3048 et
188 2977 380 3048 Herodiano
404 2982 565 3047 consentit
586 2982 775 3070 Stephanus
802 2982 896 3071 Καλὴ
927 2979 1010 3073 ἀκτή
1033 2980 1079 3063 ιός
1100 2986 1246 3074 Μεγάλη

132 3084 245 3171 κώμη·
273 3082 310 3150 ἐκ
338 3088 406 3150 τῶν
429 3081 490 3152 δύο
513 3083 549 3152 δὲ
571 3079 589 3173 ίγ
613 3083 797 3174 παραγωγὴ
824 3083 1034 3174 Καλακῑίτης
1055 3081 1102 3163 ιίις
1124 3091 1246 3173 Μεγα-

83 3251 87 3256 a
133 3180 340 3274 λοκιομήοης,
369 3183 488 3269 quibus
515 3187 666 3253 convenit
692 3188 816 3254 Novam
841 3187 968 3253 Comum
991 3187 1244 3264 Novocomensis,

130 3284 219 3353 Νέον
247 3290 354 3365 τεῖχος
378 3285 601 3374 Νεοτειχίτης.
651 3291 768 3374 Neque
798 3290 902 3353 solum
935 3310 1019 3373 quae
1051 3289 1245 3373 adjectivum

129 3386 164 3453 in
183 3385 344 3474 principio
364 3385 484 3452 habent
503 3389 561 3454 sed
581 3390 676 3456 etiam
694 3413 777 3476 quac
796 3390 973 3476 genitivum
990 3391 1056 3455 sive
1079 3393 1244 3457 secundae

132 3488 356 3554 declinationis
379 3484 660 3579 Ἀδαροπολίτηςι
690 3491 939 3578 Ἡλιοπολίτης,
963 3487 1243 3581 Ἀβιοκοτειχίτης,

129 3590 415 3678 Γοηδιοτειχίοης,
440 3591 506 3659 sive
527 3595 640 3661 tertiae
662 3591 902 3683 Διοςπολίτης,
926 3592 1149 3682 Διοςιερίκης,
1171 3593 1242 3663 Λί-

129 3729 462 3744 ὴ*-

168 3813 171 3819 ’
199 3802 226 3871 3)
240 3799 286 3856 Ad
301 3804 418 3859 alteram
436 3803 601 3878 scripturam
609 3798 787 3881 Ἀηιιόπιιγος
803 3815 910 3878 spectat
923 3806 1028 3862 Suidae
1045 3804 1140 3877 glossa
1149 3804 1243 3880 Ἆρεο·

128 3896 245 3960 παγίιης
258 3891 423 3963 deceptum,
437 3909 494 3947 non
506 3894 541 3946 ad
551 3891 765 3965 Ἀρεοπαγίτης,
778 3894 855 3963 quod
870 3893 956 3947 ethic
971 3901 1000 3947 et
1015 3893 1044 3947 in
1055 3893 1202 3949 Demosth.
1217 3913 1240 3950 α

127 3974 226 4033 Neaer.
236 3975 310 4040 1373,
320 3980 359 4031 12.
374 3977 401 4030 in
415 3978 498 4032 codd.
513 3978 645 4050 scriptum
658 3979 790 4051 idemque
804 3979 908 4034 editum
921 3989 964 4034 est
977 3979 1005 4033 in
1016 3979 1171 4049 Diog.VIl.
1182 3983 1239 4035 169.

128 4071 157 4118 et
175 4061 253 4116 Suid.
274 4082 296 4116 s.
311 4060 457 4124 Διονύσιος
476 4064 520 4134 (ut
537 4070 770 4137 Κιγγοειοπιιγίιης
787 4065 816 4121 in
835 4069 897 4123 cod.
911 4067 1003 4120 Rhed.
1019 4067 1169 4138 Stephani)
1189 4069 1240 4122 sed

129 4166 163 4202 ex
180 4147 297 4202 Luciaui
322 4146 401 4213 loco,
426 4167 508 4220 quem
532 4152 569 4205 ad
587 4150 652 4207 Phr.
672 4154 729 4208 698.
749 4153 884 4219 indicavi,
909 4162 987 4208 recte
1010 4162 1157 4208 remotum.
1194 4156 1239 4208 Ab

123 4231 317 4306 Ἀρεοπαγίτης
340 4243 383 4290 est
403 4233 623 4308 Ἀηεοπαγιιικός
644 4242 720 4314 apud
738 4239 818 4296 Phoc.
839 4239 910 4294 Cod.
927 4238 1014 4295 CXV.
1036 4241 1092 4295 103.
1117 4248 1145 4296 et
1169 4238 1239 4296 alios

127 4339 152 4377 v.
166 4321 310 4377 Bcnsclor.
330 4325 366 4378 ad
385 4321 471 4377 Isocr.
489 4341 516 4396 p.
532 4327 556 4377 l.
