2736 4778
142 328 206 400 Du
228 327 445 402 SYNCOPE
467 328 613 401 UNlUS
634 327 853 405 vocans.
876 332 916 403 Ο.
927 333 988 404 VI.
1005 340 1030 422 ς.
1039 335 1069 401 3.
1103 336 1178 412 339

64 525 150 588 λονν.
195 521 298 603 Quod
321 520 349 584 si
371 543 412 584 ex
435 518 602 602 adjectivis
625 518 771 602 ejusdem
792 520 920 604 generis
947 522 1177 601 existimamus,

65 624 270 695 circumflecti
294 620 437 687 debebat
458 630 495 683 ut
516 624 605 706 κυνῆ,
629 621 753 706 λεοντῆ,
775 620 834 685 sed
855 619 977 707 ubique
999 621 1179 707 berytonon

64 738 123 805 est,
148 737 185 790 ut
205 724 371 791 Arcadius
388 721 494 807 jubet,
517 711 568 807 qiu
588 718 640 786 vol
660 720 781 786 omisso
799 721 867 786 iota
889 713 937 789 diu
957 722 1024 786 sive
1045 714 1097 803 iia,
1121 748 1178 790 cu-

56 830 114 912 jus
140 825 381 914 discrepantiae
405 846 502 887 causa
528 823 662 887 fortasse
686 821 720 885 in
744 843 783 886 eo
806 823 916 908 posita
937 824 1097 909 estquod
1117 823 1180 891 hoe

63 953 185 995 nomen
205 952 225 992 a
247 927 381 1014 propria
403 922 638 1010 significatione
661 923 761 987 multo
782 924 912 1010 longius
932 926 1068 991 recessit
1083 948 1180 1012 quam

64 1032 120 1094 illa
142 1030 277 1116 pellium
302 1026 451 1103 nomina3
473 1049 546 1089 nam
566 1024 729 1109 quaelibet
750 1025 861 1090 instita
877 1027 928 1092 vel
942 1026 1181 1114 subligaculum

66 1124 117 1197 da
140 1140 274 1196 vocatur
295 1128 510 1204 substantive;
541 1149 579 1191 ac
606 1149 647 1191 ne
670 1139 758 1191 certa
780 1126 913 1212 quidem
935 1130 1090 1195 derivatio
1112 1131 1179 1209 illa,
1203 1193 1213 1202 ,

65 1233 106 1296 de
130 1255 197 1317 qna
218 1231 401 1296 dubitanter
420 1229 564 1316 loquitur
580 1227 700 1292 Pollux
721 1229 768 1294 X.
792 1231 864 1297 181.
892 1225 962 1298 tb'uv
983 1233 1042 1320 τὴν
1062 1233 1177 1320 μηλω-

63 1331 121 1420 ιὴν
143 1331 281 1400 ἐκάλουν
302 1328 384 1412 ἴσως
408 1327 478 1400 ἀπὸ
507 1333 566 1417 τῆς
589 1323 671 1408 ἶν’ϊος.
714 1331 845 1396 Nomen
867 1331 952 1418 ἕρμα
977 1333 1102 1399 diverse
1125 1334 1176 1399 in·
1261 1376 1265 1385 ι

63 1445 259 1522 terpretatur
296 1435 376 1500 EM.
408 1433 486 1509 315,
521 1431 575 1495 44.
621 1429 650 1496 εἰ
691 1431 752 1515 μὲν
789 1430 979 1512 δασύνεται,
1023 1434 1176 1524 σημαίνει
1269 1432 1272 1437 ’

61 1533 218 1621 ἔρεισμα,
251 1532 281 1603 ei
310 1535 348 1602 δὲ
375 1536 554 1623 melotinae,
584 1529 720 1598 ἐνώτια
750 1526 926 1619 ἀμφότερα
957 1534 994 1602 δὲ
1018 1530 1088 1602 dul
1118 1542 1178 1605 τοῦ

63 1634 144 1724 εἴρω
167 1632 280 1722 elpram
305 1627 404 1720 εἷρμα
429 1632 515 1721 ἕρμα
530 1672 624 1731 ——f
643 1628 662 1720 ἢ
685 1627 753 1700 ἀπὸ
778 1636 837 1699 τοῦ
859 1629 964 1718 ἔρυμα
986 1629 1007 1721 ἢ
1027 1631 1095 1703 ὅσα)
1119 1641 1177 1706 τοῦ

62 1736 197 1822 ἔρεισμα
219 1741 382 1826 σνγκοπῇ.
414 1735 551 1802 Brevius
574 1734 746 1819 veriusque
773 1734 890 1800 Orion.
902 1735 954 1814 63,
969 1736 1021 1801 21.
1047 1736 1177 1825 ἕρματα

64 1835 96 1903 οἱ
124 1837 184 1920 μὲν
213 1838 309 1922 παρὰ
339 1837 378 1903 τὸ
409 1833 505 1924 sibor·
534 1834 566 1904 oi
596 1838 632 1905 δὲ
660 1834 754 1922 παρὰ
784 1834 821 1901 sd
854 1834 993 1923 ἔρεισμα
1022 1841 1175 1930 σογκοπῇ

64 1937 165 2022 ἕρμα·
196 1936 304 2015 οὕτως
325 1933 606 2020 Ἡρωδιανόςῑὸ).
657 1937 711 2001 De
738 1937 812 2015 illo,
835 1937 924 2021 quod
955 1933 1081 2020 ὅρμους
1108 1940 1176 2003 sive

62 2039 191 2104 inaures
214 2039 392 2125 significat,
424 2061 536 2103 omncs
564 2061 629 2102 unu
653 2049 760 2102 mente
790 2039 1013 2113 consentiunt3
1041 2039 1176 2105 alterum

64 2163 139 2205 vero
170 2152 201 2205 et
230 2141 340 2205 affinia
369 2136 488 2225 ἑρμάς,
520 2134 615 2224 ἓρμίς
645 2161 663 2202 a
691 2136 790 2203 verbo
818 2137 990 2205 thematico
1021 2151 1097 2205 nata
1126 2143 1175 2207 vi-

63 2243 199 2318 dentur,
222 2244 312 2327 eujus
325 2263 475 2329 propago
492 2250 541 2304 est
556 2237 675 2322 ἕρείδω
686 2238 812 2304 Techn.
826 2240 875 2304 15.
907 2242 997 2308 Hine
1018 2244 1174 2312 admone-

61 2365 136 2406 mur
155 2341 289 2408 nliorum
309 2342 482 2408 verborum
505 2365 588 2426 quae
611 2342 725 2405 eadem
750 2341 954 2430 diphthongo
982 2357 1078 2411 auctu
1099 2360 1176 2414 sunt

63 2445 174 2531 potius
196 2467 293 2530 quam
314 2453 353 2508 ut
368 2443 414 2509 illi
431 2443 545 2507 volunt
563 2443 732 2518 destituta3
756 2435 877 2530 ἀγείρω
897 2445 984 2510 κατὰ
1004 2449 1176 2535 σορκοπὴν

62 2541 154 2631 ἄγρια
176 2542 220 2624 ὡς
242 2543 338 2631 παρὰ
362 2545 400 2611 τὸ
423 2543 537 2631 ἐγείρω
558 2541 641 2629 ἔγρεο
656 2545 736 2610 ΕΜ.
751 2544 801 2621 13,
813 2545 864 2610 28.
881 2545 1172 2634 Arc.163‚13.¹⁶)

61 2646 180 2732 quibus
209 2646 401 2712 Heraclides
429 2669 482 2732 ap.
511 2636 605 2710 Eus't.
635 2645 686 2722 28,
715 2645 768 2710 45.
796 2647 888 2710 addit
910 2648 1050 2713 *tertium
1078 2642 1174 2738 ιἰἰρλιν

61 2748 324 2836 conspirantibus
346 2747 417 2812 aliis
437 2748 517 2811 Arc.
542 2746 612 2811 158.
637 2747 717 2812 EM.
739 2747 812 2825 644,
836 2749 888 2814 12.
912 2772 941 2815 v.
952 2750 1043 2817 Dies.
1065 2751 1130 2817 ΙΙΙ.
1144 2776 1171 2818 c.

58 2850 105 2915 ΙΙ.
128 2855 153 2936 ξ.
178 2851 208 2916 5.
252 2853 346 2915 Haec
369 2847 536 2934 excipiunt
558 2848 730 2932 adjectiva:
761 2848 951 2916 θεοείκελον
977 2851 1062 2918 κατὰ
1094 2878 1172 2939 σογ-

59 2953 168 3038 κοπὴν
189 2948 350 3018 detinetur
371 2947 429 3014 καὶ
452 2949 613 3016 θέσκελον
636 2949 711 3017 sch.
731 2951 771 3014 B.
791 2949 833 3013 ad
851 2950 1055 3017 11.111.130.
1078 2954 1171 3020 llust.

58 3053 141 3129 448,
169 3051 201 3116 5.
232 3052 323 3138 quod
351 3063 447 3116 antea
481 3050 755 3133 discussimusw)
793 3061 825 3114 et
852 3051 982 3139 πλήρης
1012 3052 1107 3136 παρὰ
1133 3055 1172 3118 τὸ

59 3151 147 3220 πολύ
176 3152 363 3241 πολυήρρς·
394 3144 416 3240 'l
445 3151 515 3217 ἐστι
543 3152 662 3228 πλεῖος
681 3147 844 3236 nitidque
866 3148 924 3215 καὶ
949 3151 1034 3219 κατὰ
1056 3174 1173 3238 συγκο-

61 3255 128 3339 πὴν
150 3248 281 3342 πλήρης
301 3254 381 3319 ΕΜ.
404 3252 483 3327 616,
505 3252 557 3317 52.
581 3251 640 3315 sed
662 3248 725 3315 hoc
747 3250 857 3338 potius
881 3274 898 3317 e
921 3250 1071 3341 πλεήρρς
1093 3275 1172 3318 eon·

60 3364 197 3419 tractum
220 3365 269 3418 est
294 3377 324 3418 v.
345 3355 447 3420 Proll.
470 3353 543 3418 266.
567 3352 618 3418 cui
643 3353 778 3418 similem
799 3354 1057 3419 terminationem
1076 3352 1175 3420 habet

58 3601 201 3672 subrepsit
218 3602 319 3655 eodem
333 3598 402 3654 vitio
417 3608 559 3654 accentus.
585 3602 642 3654 Ωλιι
659 3596 686 3654 ιὸ
705 3601 752 3653 rofi
765 3601 883 3668 χιιῶνος
898 3592 993 3674 ἄκρον,
1006 3598 1074 3672 μετὰ
1093 3589 1173 3659 rodi·

58 3685 74 3754 ἡ
94 3685 250 3756 nemidonae
267 3688 367 3742 Choer.
381 3688 463 3740 Orth.
477 3689 536 3739 281.
557 3687 607 3739 sed
626 3703 711 3756 saepe
732 3684 893 3755 negligitur.

132 3774 175 3839 15)
183 3772 308 3844 Ἕρμαια
323 3776 348 3826 ελ
364 3777 410 3826 καὶ
428 3775 457 3826 ἐκ
475 3775 521 3827 τοῦ
538 3774 696 3844 (petopeto,
711 3769 744 3826 οὐ
759 3773 895 3834 unledam,
909 3772 969 3826 luel
984 3768 1017 3828 ui
1033 3771 1171 3844 βραχυνό-

58 3878 132 3931 μενιι
149 3855 296 3928 quaerisne
311 3855 497 3929 κιιιαλήμονια
514 3847 802 3931 εὶςρλσιιρερομένον
818 3842 1062 3928 εοῡμδασύνειαι
1077 3857 1171 3932 ὅρμος,

57 3945 140 4015 ἕρμα,
160 3942 286 4013 ὅρμαθος
310 3944 404 3999 Schol.
419 3944 453 3998 Α.
474 3942 634 3998 01111486.

128 4030 172 4097 to)
187 4029 327 4100 Ἀγριιθέν
344 4027 475 4108 συνάγειν
487 4029 554 4083 Hes.
568 4027 706 4082 aeolicum
722 4026 833 4082 videtur
848 4046 901 4100 pro
916 4023 1077 4099 ιἰμειριὶοειν
1093 4043 1117 4078 ν.
1135 4028 1171 4079 ad

55 4116 164 4170 Buttm.
179 4119 207 4168 61
227 4134 269 4186 sq.

129 4204 172 4268 17)
192 4201 266 4255 llino
289 4207 432 4271 argutatur
453 4200 517 4255 ΕΜ.
536 4201 592 4266 162,
610 4202 652 4254 36.
677 4197 833 4273 λνδριιχλος
855 4191 911 4252 ndu
934 4193 1010 4268 παρὰ
1036 4194 1063 4248 τὸ
1088 4195 1169 4271 «aaut

55 4292 147 4349 ἴιιλος
166 4281 235 4340 εἶναι
254 4285 321 4340 arciri
342 4283 486 4358 σινγκσνὴν
503 4289 547 4338 καὶ
571 4279 681 4358 {pontiae

897 4368 957 4436 22⁴
