2736 4778
136 324 216 397 626
267 301 271 313 ’
503 316 824 387 DlSSERTATIO
846 319 890 387 V.

139 504 228 570 Adv.
257 501 332 569 578.
370 522 475 589 esque
505 500 590 569 inter
620 497 769 584 ὀνόματα
805 499 1053 590 ἑπιρρηματικᾶ
1088 502 1191 569 relcrt
1221 515 1257 571 ut

140 600 713 692 idr'c,nunsd8ynt.11.18,114.
737 603 842 688 (109.)
884 604 1008 671 Verum
1033 602 1128 689 justa
1156 606 1255 671 aesti-

136 705 279 771 matione
300 702 411 791 κύκλῳ
431 727 534 792 purus
564 716 664 792 putus
689 715 740 770 est
764 704 893 769 dau'vus
919 713 957 770 ut
981 699 1097 792 δρόμῳ
1122 707 1254 785 cursim,

136 804 244 893 χρόνῳ
266 829 350 884 sero,
371 803 546 895 κεῳαλαίῳ
567 804 769 883 summatim,
797 805 859 871 etsi
879 826 1117 892 nonnunquam
1136 807 1253 875 adrer-

135 906 183 973 bii
205 905 476 993 significationem
497 900 692 993 1ικ1κλαλὴ
715 901 824 992 κύκλῳ
852 903 982 994 κίνησις
1002 919 1066 973 ete.
1106 907 1253 994 ideoque

136 1008 327 1074 nominatim
350 1007 560 1095 distinguitur
583 1006 625 1074 ab
648 1004 825 1085 adverbiis,
853 1004 973 1093 quibus
993 1006 1062 1074 iota
1081 1028 1151 1075 non
1172 1009 1252 1076 sul>-

135 1109 288 1176 seribitur
307 1119 345 1173 ut
365 1107 502 1195 πόρῤῳ,
532 1102 629 1193 domo
649 1108 731 1174 EM.
753 1107 835 1185 544,
868 1107 919 1173 12.
963 1108 1150 1194 Syntheton
1169 1110 1253 1177 illud

134 1211 255 1297 legitur
275 1209 310 1274 in
330 1209 419 1274 Plut.
439 1211 550 1275 Amat.
567 1208 615 1274 X.
639 1208 711 1274 155.
736 1210 779 1275 Δ.
802 1203 932 1274 οἰκέται
953 1207 1145 1298 περικύκλῳ
1167 1211 1250 1296 ὅρα-

134 1312 269 1395 μύντες,
301 1310 484 1395 eodemque
501 1311 601 1377 modo
622 1309 916 1377 Wmclrelmaunus
940 1309 985 1374 ad
1008 1308 1040 1375 h.
1061 1309 1083 1378 1
1114 1334 1149 1399 p.
1177 1312 1249 1379 143.

133 1413 169 1479 in
191 1412 276 1477 Plat.
297 1409 425 1477 Phsed.
448 1411 520 1477 112.
542 1413 584 1478 F.
610 1410 818 1478 scribendum
840 1420 953 1477 censet
972 1404 1128 1490 Ὠκεανὸς
1151 1438 1250 1496 περι-

135 1507 244 1600 κύκλῳ
260 1512 345 1596 ῥέων
356 1534 418 1601 pro
431 1512 511 1599 περὶ
526 1509 645 1600 κύκλῳ.
679 1513 859 1599 Vulgatum
869 1511 897 1576 si
913 1510 1090 1577 retinemus
1104 1534 1248 1600 praepo·

131 1615 208 1680 sitio
236 1625 293 1680 aut
318 1636 381 1701 pro
408 1612 563 1681 adverbio
592 1614 704 1700 posita
733 1623 841 1679 estut
864 1607 973 1699 κύκλῳ
994 1611 1249 1699 πέρνξύθεινον

132 1716 343 1783 circumcirca
369 1714 492 1782 Aesch.
517 1715 613 1780 Pers.
640 1715 716 1780 418.
729 1714 781 1799 ¹²)
812 1723 870 1779 aut
896 1713 991 1778 tmesi
1018 1735 1039 1778 a
1063 1713 1164 1780 verbo
1195 1736 1246 1781 sc·

123 1819 242 1903 juncta
258 1829 295 1881 ut
317 1814 397 1898 περὶ
420 1813 510 1882 κάτω
533 1810 745 1902 τραπήσεται
771 1808 845 1881 α’ναλ
869 1817 930 1882 τού
957 1811 1247 1902 aspernantium

132 1912 223 1985 κύτω
242 1916 343 1982 Phot.
369 1916 417 1982 sio
439 1916 526 1982 enim
547 1915 645 1982 codd.
671 1915 704 1981 h.
726 1915 747 1980 l.
772 1927 806 1982 ct
827 1915 917 2002 apud
937 1914 1060 1981 Athen.
1091 1913 1247 1982 exhibent

130 2042 161 2085 v.
181 2017 328 2084 Meinok.
351 2016 445 2084 Com.
467 2018 603 2086 Volll.
627 2017 699 2084 116.
721 2017 820 2103 vulgo
844 2027 951 2082 autem
972 2011 1144 2101 περνκύνω
1165 2017 1245 2084 sori·

128 2120 217 2185 bitur
233 2131 271 2185 nt
287 2121 424 2204 προςέτι
448 2114 697 2208 ζημιωθήσεται
726 2118 816 2203 quod
844 2140 911 2183 una
935 2138 1016 2183 voce
1047 2117 1113 2184 dici
1136 2128 1247 2205 potest

129 2213 469 2307 πραςζῳαωύήσεται
493 2219 647 2286 adverbio
677 2220 728 2286 vel
756 2220 941 2308 anteposito
970 2218 1023 2284 vel
1044 2220 1244 2307 postposito.

128 2319 341 2407 Ambiguitas
374 2318 408 2384 in
440 2330 579 2405 utraque
611 2321 772 2408 scriptura
808 2319 925 2386 eadem
957 2329 1026 2396 est;
1059 2343 1136 2386 nam
1165 2319 1246 2409 περὶ

130 2421 238 2508 κύκλῳ
267 2422 295 2486 si
325 2443 473 2488 seorsum
496 2422 647 2487 audiatur
673 2423 760 2489 circa
788 2420 901 2487 orbem
927 2421 1113 2507 significare
1135 2432 1245 2510 potest

131 2533 168 2587 ut
188 2523 223 2589 ἐν
242 2521 351 2609 κύκλῳ
371 2522 406 2587 in
429 2522 525 2600 orbe,
552 2519 740 2608 περικύκλῳ
770 2533 879 2587 autem
905 2522 985 2586 nihil
1012 2522 1122 2588 differt
1142 2545 1163 2588 a
1186 2524 1243 2589 da·

128 2624 195 2688 tivo
218 2622 410 2687 substantivi
438 2624 646 2705 περύκυκλας.
691 2622 760 2691 Sed
788 2623 941 2710 apposito
973 2623 1072 2689 verbo
1099 2636 1245 2711 praestat

127 2724 322 2808 disjunctio,
350 2747 416 2808 qua
443 2723 554 2789 tmesis
582 2723 743 2789 indicatur
750 2749 759 2801 3
794 2746 855 2789 nec
885 2725 971 2790 enim
1005 2747 1079 2789 cum
1105 2728 1244 2810 προςένι

129 2825 364 2891 conferendum
392 2836 443 2891 est
472 2825 562 2909 quod
587 2846 748 2912 persaepe
775 2827 900 2891 nullum
925 2828 1022 2910 juxta
1044 2848 1080 2891 se
1108 2825 1243 2891 verbum

130 2926 239 2992 habet.
282 2926 410 2992 Dativis
432 2927 600 2993 nominum
620 2927 772 2992 localium
794 2927 828 2991 in
853 2927 1007 2993 adverbia
1024 2926 1127 2992 versis
1143 2950 1240 3014 prae-

128 3028 327 3115 positionem
349 3028 427 3093 addi
448 3028 616 3093 insolitum
643 3042 707 3107 est,
732 3040 884 3113 recteque
903 3029 1033 3112 judicat
1052 3028 1242 3094 Meinekius

125 3130 204 3196 Del.
228 3129 298 3194 189.
322 3128 356 3194 ἐν
381 3122 513 3213 Ἰσθμοῖ
539 3141 596 3194 aut
621 3153 641 3194 a
663 3130 802 3195 librariis
829 3142 1017 3216 corruptum
1047 3140 1103 3193 aut
1134 3129 1241 3214 siqui

128 3231 345 3297 recentiorum
366 3229 414 3295 sic
435 3229 624 3316 scripserint
649 3253 706 3296 eos
727 3230 875 3295 dissimili
898 3228 1063 3296 ἐνΠνέλαῖ
1083 3230 1240 3316 deceptos

127 3355 201 3398 csse
222 3332 257 3396 id
280 3331 370 3417 quod
391 3330 641 3396 Hemsterhusio
664 3332 783 3397 accidit
802 3354 902 3416 quum
924 3332 1013 3418 apud
1034 3332 1137 3397 Paus.
1159 3333 1188 3397 l.
1209 3333 1240 3410 3,

127 3435 159 3499 2.
183 3434 216 3499 ἐν
226 3437 388 3515 Ποταμοῖ
409 3432 586 3518 corrigeret
607 3432 650 3497 ad
671 3433 856 3519 exemplum
877 3433 1018 3499 nominis
1041 3433 1187 3498 tritocliti
1208 3431 1240 3499 ἐν

131 3538 296 3617 Φρεαττοῖ
325 3544 358 3598 et
392 3532 548 3621 deinceps
577 3532 756 3602 Schaelero
783 3535 826 3599 ad
850 3534 1009 3622 Apollon.
1039 3535 1112 3600 213.
1146 3534 1240 3599 item·

124 3655 191 3717 que
211 3632 376 3698 Ahrensio
399 3656 500 3717 quum
521 3632 558 3700 ἐν
577 3638 762 3718 Πριανσιοῖ
784 3636 890 3721 (quod
910 3636 1020 3722 potius
1035 3633 1240 3722 Πριανσίαις

125 3732 347 3817 scribendum)
377 3735 589 3803 contenderet
616 3758 690 3801 cum
717 3737 858 3824 simplici
887 3734 990 3816 οἴκοι,
1026 3757 1087 3823 pro
1113 3757 1180 3821 quo
1207 3734 1239 3805 ἐν

196 3904 240 3968 ll)
252 3900 435 3955 Pleonastnos
453 3900 576 3954 cumulat
590 3902 679 3972 Orph.
697 3903 772 3960 Lith.
789 3905 849 3959 358.
868 3903 942 3978 ιἰμῳλ
957 3906 991 3960 ot
1002 3924 1054 3974 μιν
1072 3901 1162 3974 κύκλῳ
1175 3906 1241 3974 περί

127 3987 155 4042 ν’
170 3987 250 4061 ύμῳλ
261 4005 289 4042 τε
303 3982 444 4041 πάντοθεν
460 3978 716 4057 Istc-sortimur,
728 3988 777 4044 ubi
789 3989 967 4045 Hermannus
987 3989 1072 4045 tacite
1090 3993 1154 4062 πέρι
1172 3986 1238 4044 scri·

125 4071 183 4142 psit
205 4082 236 4128 ut
253 4072 418 4128 adverbium
439 4069 619 4143 signiticaret,
637 4081 716 4144 puto.
763 4072 811 4129 Sic
835 4076 918 4131 etiam
937 4074 1065 4131 nonnulli
1082 4074 1236 4129 Homerum

124 4160 243 4225 γέλασσε
256 4159 288 4213 δὲ
300 4162 376 4214 πᾶσα
389 4161 454 4229 περὶ
467 4153 551 4229 gosis
562 4174 615 4228 pro
627 4160 707 4231 πίριξ
719 4160 846 4230 posuisse
859 4169 1016 4216 statuerunt
1027 4163 1078 4216 sed
1091 4169 1236 4217 accentum

124 4250 220 4297 nmen
232 4262 313 4300 nemo
325 4247 488 4301 mutandum
498 4243 607 4316 putavit
618 4244 715 4316 Apoll.
728 4247 807 4317 Synt.
823 4248 882 4303 tlt.
