2736 4778
190 311 262 383 148
463 348 466 353 <
550 302 869 373 DISSERTATIO
904 304 933 373 1.

133 542 137 562 ,
188 489 320 576 saepius
347 485 483 572 legitur,
510 485 574 551 hoc
604 507 644 551 ne
674 488 774 553 semel
802 487 946 573 quidem.
1003 488 1177 575 Ταξῖμαρα
1207 491 1300 558 urbis

188 590 305 674 Syriae
326 608 446 653 nomen
470 585 579 653 Strab.
600 587 698 654 XVI.
723 588 795 653 753.
818 608 903 673 quae
924 586 965 652 ab
987 587 1059 652 aliis
1079 586 1226 677 Σίμορος
1247 592 1298 657 di-

187 691 280 766 citur,
302 685 528 752 Tzsehuekius
549 686 686 752 removit
696 685 829 771 ΞΙμυρα
846 687 1014 772 corrigens
1033 687 1086 752 vel
1103 687 1145 754 τὰ
1156 688 1299 775 Σίμυρα,

187 801 220 855 et
250 788 355 853 sidem
382 785 536 854 Straboni
564 809 625 872 pro
642 779 730 874 ’Όκρ
757 787 837 854 XV.
866 788 938 853 128.
979 787 1093 854 Critici
1125 790 1299 855 restituunt

188 895 221 954 T
218 887 313 975 αόκη.
353 889 455 953 Mons
475 886 624 954 Creticus
653 885 795 973 Τίταρος
820 889 966 953 inlibris
995 889 1161 955 nonnullis
1189 889 1299 974 Τύρος

184 1001 319 1056 vocatur
345 1011 376 1052 v.
405 987 595 1052 Hoffmann.
630 987 857 1055 Griecltenlaod
885 1011 918 1075 p.
944 989 1036 1054 1325.
1067 989 1297 1056 Praetermitto

185 1090 251 1156 alia
271 1089 367 1174 hujus
388 1097 497 1164 notae,
523 1109 660 1172 quorum
682 1111 725 1153 ne
749 1088 910 1174 scriptura
933 1088 1065 1172 quidem
1090 1090 1208 1175 liquet,
1236 1113 1296 1156 ne·

186 1191 264 1254 dum
297 1199 335 1253 ut
369 1187 433 1252 dici
462 1187 569 1273 possit
593 1199 700 1252 utrum
731 1187 855 1273 syllaba
887 1200 1020 1253 careant
1050 1212 1092 1254 an
1120 1189 1296 1256 abundent.

185 1288 357 1356 Vocabula
385 1289 584 1366 communia,
613 1310 696 1374 quae
717 1287 759 1353 ab
778 1288 949 1374 Hesychia
975 1301 1008 1355 et
1025 1290 1104 1356 EM
1125 1291 1297 1376 proferun-

185 1403 253 1468 tur,
288 1387 484 1472 Βάοτραχας
519 1388 597 1468 τοὺς
627 1385 812 1475 τραχήλους
846 1388 1009 1467 Βοιωτοί,
1041 1391 1297 1475 βαοτραχηλίζει

183 1488 388 1577 τραχρλίζει,
417 1488 481 1553 nisi
509 1489 615 1574 sigma
640 1489 816 1554 insiticium
844 1488 1016 1567 haberent,
1050 1491 1296 1556 concedendum

184 1601 273 1656 esset
299 1587 462 1675 prosthesi
491 1589 648 1674 syllabica
674 1601 768 1654 aucta
796 1611 878 1654 esse.
929 1589 998 1656 Sed
1026 1589 1213 1676 epenthesis
1239 1592 1297 1656 illa

182 1691 292 1756 locum
321 1689 426 1775 aperit
451 1691 631 1775 suspicioni
654 1690 811 1755 cervicem
840 1711 859 1753 a
887 1689 1048 1776 principio
1076 1690 1198 1755 dictum
1224 1713 1296 1757 esse

183 1787 368 1874 στράχηλον
389 1783 458 1856 ἀπὸ
480 1793 540 1856 τοῦ
559 1792 724 1876 στρέφειν,
747 1790 825 1874 quia
845 1794 953 1856 ceruix
968 1793 1076 1857 multis
1096 1795 1296 1860 vertebratis-

184 1910 242 1976 que
264 1891 386 1954 ossibus
406 1892 520 1975 sterilia
542 1893 584 1956 od
605 1894 858 1973 circumspectum
878 1891 965 1956 Plin.
987 1891 1052 1956 XI.
1070 1893 1122 1956 37.
1145 1901 1222 1958 sect
1241 1892 1293 1956 67.

183 2002 216 2056 et
244 2001 281 2054 ut
311 1988 353 2053 ab
385 1990 501 2055 eodem
529 1990 675 2056 vertendi
701 1990 800 2056 verbo
828 2013 947 2055 nomen
969 1985 1179 2076 ἀστράγαλος
1198 1997 1295 2058 certi·

181 2095 272 2159 eiltus
294 2091 426 2156 ductum
447 2104 506 2167 est,
529 2091 575 2155 ita
595 2091 642 2156 illi
663 2091 837 2157 nonnullos
859 2091 1055 2177 apposuisse
1076 2090 1239 2177 alphalt)
1263 2102 1294 2157 et

182 2203 348 2278 postremo
369 2191 446 2256 beta
469 2193 536 2256 sive
558 2192 730 2278 digamma.
773 2193 818 2257 Et
835 2192 907 2278 pari
928 2192 1158 2279 progressione
1178 2215 1294 2260 aare·

182 2291 286 2378 ρι’ζειν
307 2302 496 2378 perventum
518 2303 568 2356 est
589 2293 632 2356 ad
661 2288 867 2377 ἆοκαρίζειν,
898 2292 973 2358 hine
1005 2293 1048 2356 ad
1072 2293 1294 2382 Βασκαρίζειο

181 2392 350 2479 σκαρίζειν
369 2396 507 2481 Κρῆτες.
561 2391 646 2472 Quis
675 2415 841 2457 veronen
861 2393 994 2458 miretur
1013 2395 1186 2479 Apollonii
1214 2394 1291 2459 effa

179 2503 248 2558 tum
270 2493 365 2558 toties
386 2492 566 2579 repositum
586 2493 625 2558 τὸ
645 2495 693 2558 λῶ
715 2487 930 2580 ἀφῃρημένον
951 2493 1039 2562 ἐστὶν
1062 2494 1099 2560 ἐκ
1119 2499 1181 2561 τοῦ
1201 2495 1312 2563 θέλω.

180 2594 222 2661 de
245 2593 340 2678 Conj.
370 2594 448 2670 522,
479 2595 529 2659 12.
559 2594 601 2659 de
622 2592 709 2657 Adv.
731 2593 804 2658 568.
829 2593 869 2658 de
891 2594 993 2660 Pron.
1016 2595 1066 2670 74,
1094 2595 1122 2659 1.
1147 2595 1240 2679 Synt.
1263 2596 1292 2659 Ι.

178 2694 283 2771 2,10.
316 2695 387 2759 Nec
417 2694 482 2758 fide
515 2694 645 2780 dignius
677 2694 767 2777 quod
795 2694 837 2758 ad
864 2694 966 2760 Pron.
989 2695 1010 2760 l.
1033 2717 1061 2760 c.
1082 2695 1117 2758 in
1139 2695 1212 2761 eod.
1233 2695 1292 2759 ad-

179 2794 336 2879 scriptum
358 2805 408 2859 est
431 2794 552 2872 τελέως
573 2796 665 2871 idme,
687 2792 839 2859 aPhotio
861 2817 993 2880 quoqne
1008 2795 1177 2861 allatums.
1190 2801 1291 2861 Aso-

176 2890 321 2980 κόρητος
352 2904 384 2959 et
410 2894 490 2963 aliis.
541 2893 672 2959 Etenim
699 2894 888 2960 adverbium
911 2895 952 2960 ab
974 2895 1174 2962 Archilocho
1196 2917 1291 2960 usur-

178 3004 291 3080 patum
313 2991 412 3072 λειίος
427 2992 523 3062 οὐδὲν
538 2993 697 3082 ἐφρόνεον
712 3015 846 3078 prorsus
862 2999 943 3062 sitit
960 3000 1132 3079 sapiebant,
1155 3005 1188 3061 et
1205 3017 1291 3081 quae

177 3094 418 3181 Glossographi
445 3116 519 3160 eum
544 3094 609 3161 hoc
639 3096 822 3182 composita
845 3096 954 3161 lerunt
978 3093 1182 3184 λεώλεθρος,
1209 3098 1291 3163 λεω-

174 3191 327 3282 κόρητος,
347 3197 534 3282 propinqua
554 3207 631 3261 sunt
648 3195 850 3263 substantivo
873 3192 1078 3274 λαός,-λεώς,
1101 3197 1192 3282 quod
1206 3198 1291 3262 mul-

177 3294 349 3360 titudinem
371 3295 438 3360 sive
460 3296 702 3360 universitatem
727 3298 931 3381 significasse
952 3296 1091 3375 videtur,
1112 3298 1202 3364 unde
1219 3303 1292 3364 As-

176 3393 284 3479 ωργός
311 3399 501 3478 πανοῦργος
527 3398 726 3478 κακοῦργος,
755 3396 920 3481 Λαοργός
947 3394 1082 3476 ἀνόσιος
1109 3409 1147 3462 ut
1166 3422 1291 3466 παντο-

174 3491 276 3570 ποιός
303 3504 336 3558 et
365 3493 590 3578 πανεορέκτης
618 3494 892 3581 (παντορῥέκοης)
914 3520 944 3562 v.
967 3499 1011 3562 ad
1029 3500 1086 3583 Aj.
1107 3521 1138 3563 v.
1159 3497 1234 3563 445.
1259 3509 1292 3563 et

174 3590 321 3656 indidem
342 3591 529 3658 adverbium
553 3593 637 3670 λέως
657 3591 693 3656 id
711 3601 762 3657 est
792 3590 941 3674 πάντως,
971 3598 1061 3680 quod
1081 3600 1291 3664 Hermannus

175 3692 218 3756 ad
241 3689 347 3776 Soph.
370 3695 449 3757 Ant
471 3716 501 3756 v.
523 3692 615 3758 1261.
638 3692 739 3780 paulo
762 3693 908 3776 argutius
935 3719 955 3759 a
983 3698 1074 3777 λεῖος
1101 3702 1197 3766 loccis
1215 3703 1290 3782 plo-

173 3812 235 3858 nus
256 3789 385 3876 repetit.
427 3791 557 3857 Eodem
578 3814 644 3877 qno
664 3792 718 3856 ille
740 3812 848 3858 errore
869 3795 997 3860 ducitur
1016 3798 1213 3865 Aristoteles
1227 3800 1289 3864 Ni·

174 3914 256 3961 oom.
285 3890 364 3960 VII.
392 3892 442 3956 12.
466 3889 526 3981 τῆο
558 3888 770 3974 εὐδαιμονίαν
800 3889 833 3959 oi
865 3895 1021 3964 πλεῖστοι
1052 3894 1137 3980 μεθ’
1167 3894 1291 3987 ἡδονῆς

243 4130 290 4195 74)
303 4129 422 4183 Veteres
438 4120 604 4197 etymologi,
616 4121 665 4192 qui
680 4117 824 4192 τράχηλος,
838 4120 937 4196 τραχύς
949 4136 978 4182 et
989 4123 1066 4201 ῥάχις
1082 4131 1117 4185 ab
1132 4147 1188 4185 una
1199 4130 1290 4202 stirpe
1326 4125 1334 4132 ”

173 4220 321 4281 repetunt,
340 4213 424 4285 alpha
440 4224 586 4284 superesse
604 4215 725 4262 sumunt.
