2736 4778
134 347 198 415 312
500 343 778 414 DISSERTATIO
805 344 893 413 vm

131 509 264 592 caret*).
279 548 314 557 —
331 509 559 592 Optativum
580 528 620 574 ne
643 509 807 575 credamus
829 509 1118 592 grammaticorum
1135 508 1272 576 curiosi

131 619 231 681 tatem
253 611 410 695 effugisse,
433 616 524 678 cavel
545 611 640 677 schol.
662 611 699 677 Il.
722 611 769 677 IX
790 610 853 678 393
876 611 913 676 τὸ
936 614 1042 679 conice
1067 611 1273 697 Tvpnrolm

131 718 283 805 περισπᾷ
305 710 350 793 ὡς
375 709 445 780 ἀπὸ
468 717 529 780 τοῦ
551 717 630 781 uoci.
654 710 741 795 ἐπεὶ,
764 714 857 802 φησὶ,
880 712 935 780 καὶ
957 715 994 780 cd
1004 711 1170 783 εὐκτικὸν
1187 716 1271 781 κατὰ

131 813 309 904 ἀποκοπὴν
331 808 499 903 rindorp,
521 815 581 882 hoc
603 824 654 882 cst
676 820 771 904 οοῷ,
795 816 994 883 utnemsms
1005 818 1155 899 scripsit„
1203 817 1273 883 Hoc

129 922 227 1004 igitur
248 919 302 985 ille
326 935 385 998 pro
418 916 509 1005 σοῴη
543 918 661 984 dictum
689 919 816 1000 statuit,
847 921 905 986 sed
935 938 1028 986 nemo
1063 919 1273 1003 suffragatur

134 1023 176 1109 [v.
187 1043 217 1105 p.
229 1018 317 1106 276]
332 1057 367 1068 -
384 1018 579 1091 Subiunctivi
589 1021 623 1086 in
633 1021 693 1087 hoc
704 1028 776 1087 actu
788 1021 914 1088 tabulae
926 1027 1036 1104 partes
1046 1022 1167 1089 nullae
1186 1030 1273 1089 sunt

574 1274 700 1358 Caput
719 1274 792 1343 Vll.
905 1224 909 1229 *

191 1424 222 1487 a
252 1398 311 1474 De
337 1421 502 1501 apocope
528 1397 681 1472 duorum
710 1401 863 1506 triumve
888 1398 1129 1499 syllabarum.

150 1602 154 1609 =
215 1568 388 1648 Postquam
409 1565 465 1630 illa
486 1567 526 1631 de
548 1567 688 1650 syllabae
709 1563 813 1633 finalis
834 1569 1010 1634 mobilitate
1032 1567 1146 1650 opinio
1163 1570 1270 1636 semel

130 1672 294 1737 doctorum
315 1668 437 1733 animos
458 1669 609 1749 pervasit
631 1668 672 1733 ab
694 1668 755 1733 hoc
775 1671 1015 1737 aditunonnulli
1033 1669 1178 1737 ulterius
1190 1690 1269 1754 pro-

130 1773 213 1857 grssi
233 1770 392 1852 longiores
413 1788 538 1851 quoque
549 1771 788 1838 terminationes
800 1778 958 1838 attentare
969 1779 1159 1854 coeperunt
1195 1774 1269 1853 Quo

129 1890 226 1957 quam
248 1873 310 1937 cito
332 1872 500 1937 decursum
523 1873 579 1951 sit,
613 1873 761 1939 indicium
783 1874 916 1957 praebet
939 1875 995 1939 illa
1017 1873 1192 1941 Strabonis
1217 1878 1267 1943 di·

87 1962 99 1988 ‘
129 1975 265 2059 gressio,
298 1993 362 2056 qua
383 1975 518 2056 probare
540 1980 685 2056 conatur,
720 1974 907 2058 Sophoclem
928 1981 961 2041 et
981 1976 1090 2042 Ionem
1123 1975 1178 2069 ρᾴ
1204 1998 1266 2063 pro

129 2076 258 2169 ῥᾴδιον,
281 2075 415 2141 Aratum
439 2072 529 2164 πηδά
552 2096 609 2158 pro
633 2070 1030 2166 npddlrcHomerumque
1046 2079 1159 2161 ipsum
1180 2080 1265 2173 μάψ

129 2182 246 2249 dixisse
267 2198 326 2261 pro
347 2177 534 2262 μαψιδίως,
567 2181 651 2261 quod
673 2199 713 2247 ne
734 2180 903 2250 Eustathio
929 2182 1057 2263 quidem
1078 2187 1264 2263 persuasit:

128 2281 208 2371 μάψ
231 2281 266 2349 ἐκ
289 2284 347 2346 τοῦ
369 2278 479 2368 μάτην
505 2281 574 2346 187.
597 2281 649 2363 28,
683 2303 778 2366 quam
801 2285 975 2351 doctrinam
997 2283 1024 2348 si
1058 2283 1098 2349 ab
1124 2285 1262 2373 Homeri

128 2384 355 2469 interpretibus
377 2383 514 2465 antiquis
536 2384 782 2467 proseminatam
805 2387 915 2467 dicam,
937 2386 1023 2452 haud
1043 2387 1187 2455 multum
1210 2409 1261 2457 er·

127 2508 248 2556 rarero.
292 2487 410 2553 lisdem
432 2487 574 2568 vestigiis
606 2488 783 2570 ingreditur
804 2489 987 2570 Apollonius
1010 2485 1083 2552 567.
1110 2491 1153 2555 12
1188 2489 1260 2558 dud

131 2595 185 2658 τοῦ
197 2589 315 2681 ῥᾴδιον
327 2589 410 2654 κατὰ
427 2584 607 2679 ἀποκοπὴν
622 2589 671 2678 do}
683 2591 810 2674 ἐγένετο
824 2592 912 2656 καθὸ
925 2592 979 2657 καὶ
993 2590 1029 2654 τὸ
1041 2594 1256 2676 βριθέως**)

126 2691 211 2777 βρί’
235 2691 286 2757 ὅτι
311 2692 372 2775 γὰρ
396 2690 451 2755 καὶ
473 2689 534 2757 blo
557 2693 728 2773 συλλαβῶν
753 2690 924 2758 ἀποκοπαὶ
948 2688 1106 2776 γίνονται,
1139 2695 1175 2763 ἐκ
1210 2704 1256 2786 τῷ

130 2793 207 2879 περὶ
230 2797 352 2859 παθῶν
374 2788 520 2878 ἐδείχθη·
543 2793 581 2855 τὸ
605 2793 666 2878 γὰρ
694 2791 861 2879 πρόπαρ
894 2791 998 2870 οὕτως
1021 2793 1087 2875 ἔχει
1123 2799 1182 2864 καὶ
1217 2800 1256 2864 τὸ

127 2893 279 2980 μάκαρ,
303 2891 427 2983 node,
453 2889 550 2977 ἱμέκ
574 2894 668 2980 παρὰ
682 2893 894 2983 Καλλιμάχῳ.
935 2895 1175 2980 subscriptores
1186 2903 1257 2967 eius

128 3000 269 3064 nominat
290 2997 361 3062 EM.
385 2998 457 3063 210.
480 2997 521 3063 43
544 3002 608 3081 ploni
632 2999 705 3080 (Sic)
731 2993 800 3064 ἀπὸ
824 3004 884 3063 τοῦ
907 2995 1022 3088 ῥᾴδιον
1053 3000 1141 3066 κατὰ
1176 3027 1256 3088 arry-

129 3097 236 3187 κοπήν
260 3100 342 3182 (sic).
391 3097 506 3177 Olbos
522 3096 730 3180 Ἡρωδιανὸς
762 3100 816 3165 καὶ
839 3099 1086 3186 Χοιροβοοκός,
1123 3122 1187 3185 quo
1222 3105 1255 3171 in

126 3204 193 3268 loco
216 3199 340 3290 ῥᾳδίως
364 3200 459 3266 scribi
482 3207 620 3283 oportet;
652 3220 725 3266 nam
748 3202 780 3266 in
803 3204 961 3267 Alcmanis
988 3222 1082 3268 versu
1115 3204 1162 3294 ρᾴ
1198 3209 1256 3273 ad·

127 3304 269 3369 verbium
291 3308 350 3382 est,
373 3321 511 3385 apocope
522 3309 628 3368 autern
640 3305 822 3369 merismum
844 3324 905 3370 uon
916 3310 1027 3369 mutat.
1071 3306 1256 3392 Utrumque

126 3411 232 3471 euclem
255 3424 317 3470 non
340 3405 379 3470 de
408 3405 468 3470 hoc
500 3424 562 3470 uno
597 3407 790 3487 disputasse,
824 3408 880 3471 sed
914 3408 1018 3472 omnia
1050 3408 1105 3473 illa
1139 3412 1255 3477 eodem

127 3525 284 3588 apocopae
296 3506 388 3571 titulo
404 3507 599 3588 complexum
622 3526 702 3587 esse,
726 3508 890 3573 dubitandi
902 3528 998 3574 causa
1009 3510 1104 3574 nulla.
1151 3511 1255 3577 Nobis

62 3644 66 3651 ,
125 3608 185 3672 hoc
206 3610 379 3674 remedium
401 3609 661 3675 violentissimum
682 3610 818 3689 videtur,
853 3616 886 3675 et
919 3619 1101 3677 aveterum
1125 3632 1255 3696 quoque

193 3862 222 3927 7)
240 3863 323 3916 Adrum
342 3865 417 3930 ,,φῦν
426 3866 548 3916 Parman.
559 3861 602 3928 67,
621 3867 713 3920 Rham.
723 3866 740 3918 5
749 3883 773 3919 m
784 3867 808 3930 5,
822 3867 882 3918 fort.
893 3864 975 3935 pullu’
989 3861 1074 3926 οὕτως
1090 3876 1121 3921 ut
1131 3867 1254 3938 ΖῆΙΙθ-

124 3943 161 4006 ὥς
180 3947 211 4015 [o.
224 3967 254 4015 p.
273 3945 324 4002 ula
343 3947 420 4013 (307)
439 3947 530 4003 οὶ333
547 3962 573 4001 π.
592 3948 627 4015 27].
673 3951 730 4002 Τοῦ
756 3950 902 4017 procorioris?
932 3953 1019 4006 ἐθέλει
1046 3955 1169 4024 Theogn.
1202 3956 1256 4012 lul

126 4048 175 4085 cm.
203 4051 249 4101 pro
267 4061 301 4072 —
319 4034 416 4086 δοῦναι
436 4037 538 4088 colret
576 4036 719 4102 Infinilicor
733 4040 899 4108 χρκμψθῆν,
917 4041 1051 4109 nlaioribus.
1071 4040 1124 4093 δι’-ν
1143 4061 1161 4095 a
1179 4061 1206 4095 aa
1233 4062 1248 4096 e

128 4120 196 4172 Lod.
204 4124 289 4186 sralre
298 4122 420 4189 Aeschylo
429 4122 556 4175 seminece
572 4123 609 4174 uit
622 4123 653 4174 θ.
662 4124 743 4176 Diod.
753 4126 779 4176 in
792 4130 882 4194 praef¹
892 4127 930 4179 ed.
941 4128 963 4180 Ι
967 4129 989 4178 V
1000 4129 1096 4180 Teubn.
1106 4147 1134 4195 p.
1145 4129 1256 4195 mm

169 4221 236 4363 ἔ)
257 4223 299 4277 δίο
316 4233 452 4278 correctum
468 4221 590 4298 ῥρκθὺως
607 4227 635 4278 in
660 4227 712 4279 l'ol.
732 4229 790 4294 lp.
808 4227 858 4282 201
878 4237 901 4283 et
923 4247 1004 4297 πιρνα
1016 4247 1046 4297 p.
1064 4230 1112 4286 291
1134 4249 1184 4296 em,
1203 4237 1256 4301 cfr.

122 4324 151 4375 p.
205 4310 220 4362 7
238 4325 278 4363 ear.
