2736 4778
188 364 245 431 DE
268 362 511 447 SYNAERESL
535 364 735 433 DIAERESI
755 362 818 434 etc'
848 370 882 434 P.
892 370 917 435 1.
941 370 1010 437 cl.
1033 373 1060 458 ᾖ.
1077 374 1102 438 1.
1183 375 1202 440 7

26 533 29 536 ‘
82 524 212 617 Ἀδδης,
245 529 335 595 cuius
355 528 459 610 prima
480 528 597 594 vocalis
621 530 653 593 in
675 531 819 596 versibus
840 532 974 598 heroicis
1007 540 1041 601 et
1061 536 1203 605 iambicis
1336 510 1341 562 ⁷

85 651 180 714 saepe
202 632 394 714 producitur,
417 650 445 695 v.
468 630 604 696 Meinek.
627 633 667 696 ad
690 631 862 701 Oboliamb.
882 633 951 700 143.
995 637 1043 702 Ex
1065 639 1123 705 hoc
1145 642 1202 723 igi-

83 739 137 800 tur
170 732 253 824 ᾅδης
285 740 395 799 natum
428 733 512 799 κατὰ
545 731 733 819 omniparis
765 738 873 804 addito
900 740 993 806 simul
1022 742 1136 823 spiritu
1167 748 1204 807 ut

85 833 198 922 ἠέλιος
220 834 312 922 ἥλιος
333 836 422 902 Euat
448 834 496 917 lli,
518 836 568 902 28.
613 837 681 902 Hoc
701 838 891 921 bisyllabum
919 843 994 923 quia
1023 842 1064 907 ab
1086 843 1202 910 Home·

84 942 151 1005 rica
182 941 408 1006 consuetudine
441 940 578 1005 alienum
612 946 675 1017 ost,
707 941 908 1008 Hermannus
936 947 1112 1011 vocadvum
1146 966 1203 1028 pro

84 1043 223 1124 spondeo
244 1043 277 1108 in
298 1043 451 1125 principio
472 1050 583 1109 versus
604 1043 741 1125 positum
764 1044 803 1109 ll
826 1045 865 1110 H.
889 1046 921 1110 in
944 1044 1013 1112 Cer.
1037 1047 1100 1113 347
1124 1045 1202 1138 disp

86 1145 294 1225 scribendum,
316 1146 374 1210 sed
391 1145 514 1211 duabus
530 1145 659 1228 syllabis
670 1149 940 1228 pronunciandum
952 1155 1069 1231 censet
1081 1146 1204 1218 Ἀΐδα).

83 1244 157 1326 νειίς
178 1267 254 1314 vero
275 1248 352 1314 (led
377 1249 411 1315 O.
437 1247 518 1315 1560
540 1249 644 1314 tribus
665 1266 723 1331 per
744 1251 903 1333 synizcsin
923 1251 983 1317 boc
1005 1259 1055 1317 est
1076 1255 1133 1332 ita,
1168 1261 1205 1320 ut

84 1369 186 1434 neque
207 1339 336 1434 proprie
357 1353 504 1417 audiatur
515 1351 742 1434 diphthongus,
765 1370 867 1434 neque
890 1370 1001 1419 nuens
1023 1355 1203 1438 impropria

84 1455 142 1520 sed
162 1460 299 1536 uimque
321 1454 439 1520 vocalis
460 1472 554 1520 aures
576 1454 807 1536 quodammodo
829 1454 974 1543 attingat
1015 1456 1123 1538 Atque
1145 1458 1205 1525 hac

83 1558 205 1623 ratione
226 1558 323 1622 etiam
346 1555 463 1635 αἴσιος
482 1555 661 1637 Euneos,
682 1557 737 1623 ubi
758 1555 995 1633 inscendendo
1015 1549 1204 1641 bisyllabum

84 1659 136 1739 it,
165 1661 366 1726 scribendum
387 1659 511 1742 putavit
531 1664 663 1725 accentu
691 1660 723 1724 in
746 1659 917 1724 secundam
938 1661 1079 1726 vocalem
1101 1667 1205 1728 trans

84 1765 157 1842 lato
177 1768 451 1843 quaesusumus
469 1778 540 1827 cum
551 1761 718 1826 Homerico
735 1759 850 1839 ἄϊστος
866 1761 1084 1828 confundatum.
1117 1764 1206 1831 Haec

83 1869 188 1931 omnia
204 1866 243 1930 ab
259 1885 324 1930 una
341 1866 441 1945 stirpe
451 1864 539 1928 verbi
553 1859 634 1930 ideis
650 1860 792 1945 prolecta
807 1869 896 1943 sunt3
919 1864 1012 1930 aliter
1023 1869 1204 1950 composita
1263 1918 1266 1923 .

83 1988 164 2050 quae
188 1971 253 2034 iota
273 1966 444 2049 principale
466 1954 562 2047 alpha
583 1966 729 2047 negativo
756 1966 808 2032 vel
829 1967 1006 2048 copulativa
1028 1968 1204 2036 subiectum

83 2072 216 2149 habent,
249 2071 444 2136 interserunt
470 2086 653 2134 consonam:
692 2064 838 2153 ἆνίερος,
875 2066 1043 2148 δνίκανδς,
1078 2064 1204 2150 ἄνισος,

84 2171 251 2255 ἀνιδρωτί,
273 2172 358 2255 quod
368 2191 466 2237 unum
476 2172 656 2237 huiusmodi
670 2172 755 2253 apud
766 2171 939 2237 Homerum
949 2172 1066 2254 legitur
1076 2180 1205 2256 praeter

85 2277 212 2343 Aeolide
235 2281 363 2342 aucum
385 2271 531 2356 αὐίαχος.
640 2334 642 2338 .

170 2394 227 2461 1Π.
272 2395 323 2460 lld
345 2393 528 2477 synaeresin
550 2412 608 2461 nos
624 2399 752 2460 revocat
767 2393 899 2459 verbum
918 2395 1102 2476 permultos
1114 2399 1205 2481 quasi

84 2518 188 2566 ramos
210 2494 366 2564 diffusum
382 2491 494 2562 discor.
538 2496 695 2564 Homerus
717 2495 880 2579 trisyllabo
901 2497 1010 2577 utitur,
1033 2497 1128 2580 alpha
1137 2498 1204 2580 ple·

83 2620 216 2685 rumque
237 2599 442 2684 producto⁸)‚
475 2599 622 2682 idemque
649 2603 830 2665 constanter
855 2598 1040 2680 producitur
1070 2600 1102 2665 in
1131 2601 1204 2666 sub·

85 2705 229 2772 stantivis
253 2696 358 2782 ὅϊκες,
383 2697 481 2768 diesi
503 2704 589 2768 etin
612 2702 792 2785 compositis
814 2697 947 2781 κατᾶϊξ,
971 2698 1116 2791 τριχάϊξ,
1139 2700 1203 2770 no·

85 2804 197 2887 λυάϊξ,
225 2801 391 2891 repudii}
411 2804 630 2888 adverbiisque
658 2800 790 2891 ἇΐγδην,
820 2799 992 2890 ἅναῖγδην,
1021 2803 1204 2893 καταΐγδην.
1318 2835 1329 2850 ,

83 2910 132 2975 De
153 2907 358 2975 iotadubium
370 2912 428 2972 est.
460 2906 509 2971 lix
531 2925 582 2986 eo,¹
599 2906 878 2991 quod-composita
898 2907 931 2971 in
952 2909 980 2984 ᾗ
1000 2909 1205 2989 penultimam

84 3012 179 3094 vulgo
200 3015 325 3077 acutam
346 3009 640 3090 babent‘sequitnr
659 3010 788 3091 longum
811 3027 890 3087 esse,
913 3005 970 3073 sed
985 3009 1150 3075 Bekkerus
1173 3017 1206 3075 et

85 3113 265 3181 Dindorilus
287 3113 585 3196 properispomenon
619 3110 826 3176 reddiderunt
859 3109 1019 3192 πολυᾶϊξ,
1053 3111 1118 3176 iota
1151 3117 1207 3177 aut

83 3222 198 3283 natura
229 3216 326 3282 breue
359 3232 430 3279 esse
463 3218 624 3279 sumentes
656 3219 713 3278 aut
745 3231 784 3278 ex
812 3212 1009 3290 charactere,
1045 3214 1119 3294 quia
1141 3219 1204 3279 ter·

74 3321 215 3407 minatio
236 3318 264 3399 ἶέ
284 3319 381 3384 breve
402 3317 522 3382 babere
543 3316 689 3395 traditur,
711 3335 740 3380 v.
762 3314 877 3381 Parall.
889 3314 962 3380 411.
996 3314 1088 3380 Hanc
1110 3316 1204 3381 ratio·

85 3442 166 3503 nem,
188 3426 274 3504 puto,
296 3424 450 3503 sequutus
461 3416 643 3485 Dindorflns
653 3417 880 3484 nominativum
897 3418 1024 3500 quidem
1045 3417 1137 3483 illurn
1160 3419 1205 3483 sic

83 3532 121 3591 ut
143 3527 206 3591 dixi
228 3524 363 3600 notavit,
395 3520 585 3587 infinitivum
607 3526 713 3586 autem
746 3520 779 3585 in
801 3525 936 3600 quatuor
960 3520 1038 3585 locis
1060 3539 1136 3599 non,
1170 3526 1206 3586 ut

85 3629 152 3709 ille,
176 3624 335 3706 ἐπαῖξαι,
358 3623 420 3691 sed·
438 3622 592 3706 ἐπαΐξαι,
620 3623 696 3705 quia
716 3622 749 3687 in
770 3622 831 3688 boc
853 3623 935 3689 duae
956 3623 1068 3689 literae
1090 3624 1205 3689 nonin

86 3890 166 3943 Pluto
184 3904 264 3956 saepe
281 3893 400 3955 vocatur,
416 3887 574 3954 posteriores
591 3888 678 3936 sutem
696 3875 764 3952 ᾅδης
781 3883 948 3939 substituisse
965 3885 1020 3937 iota
1036 3884 1145 3936 licenter
1158 3881 1203 3933 ad-

85 3977 162 4030 iecto.
198 3976 257 4028 Hoc
275 3975 371 4042 effugio
398 3973 463 4025 nihil
485 3987 552 4040 opus
570 3975 640 4036 erat,
665 3970 688 4025 si
710 3969 847 4027 statuisset
863 3975 969 4036 etymon
987 3969 1132 4036 simplicius
1151 3958 1205 4032 ἕω,

30 4084 35 4098 ·
82 4055 157 4130 giu.
186 4060 257 4115 unde
271 4054 341 4128 χάος
357 4064 472 4129 putatur,
488 4075 515 4113 v.
532 4057 654 4111 memet.
672 4072 698 4123 p.
716 4052 742 4119 t,
765 4053 887 4121 stolidos
907 4061 936 4107 ut
960 4049 1057 4107 ancisa
1075 4046 1207 4119 (alopas)

88 4144 274 4214 Πολυπαΐδης.
948 4201 955 4221 ⁴

155 4251 183 4316 3)
200 4251 263 4303 ΕΜ.
281 4247 324 4302 lt.
343 4245 367 4301 l.
386 4242 473 4299 ἄΐσσω
491 4240 506 4299 ὅ
524 4240 636 4311 ποιητὴς
653 4236 899 4312 assumptusque
916 4239 975 4309 ἔχει
992 4264 1018 4279 ··
1042 4255 1074 4292 ex
1088 4240 1206 4293 Philetas

87 4339 225 4400 sententie,
244 4337 289 4404 qui
306 4351 354 4402 pro
371 4327 480 4392 ὑπαΐξει
497 4333 525 4384 in
542 4332 593 4385 ens
609 4347 705 4385 versus
722 4322 854 4388 ὑπαλύξει
869 4329 966 4395 posuit.
