2736 4778
203 303 266 375 os
283 302 554 373 ranarum
572 303 635 370 nu
655 244 993 388 scaurum'c
1004 300 1051 371 11.
1069 302 1133 393 ην.
1163 307 1239 383 rar

122 493 233 580 Epim.
256 492 283 556 Ι.
310 492 388 569 338,
414 490 464 555 17.
493 488 552 555 sed
582 487 645 556 hoc
673 493 737 557 arsi
766 491 960 578 productum
985 501 1043 556 est.
1093 492 1138 557 Et
1166 488 1240 559 cum

125 594 345 671 substantivis,
367 591 551 677 cujusmodi
573 591 867 679 ammoniacem,
890 587 1087 677 πανηγεμών
1108 603 1141 657 et
1160 617 1239 680 pro·

124 693 440 783 publicamini,
471 690 689 782 Πανέλληνες.
735 692 803 761 Sed
832 691 913 758 baec
944 713 1018 757 eum
1046 713 1124 758 casu
1150 706 1239 762 recto

125 800 298 882 conjuncta
319 805 395 859 sunt
416 790 538 872 πάντες
553 787 686 874 Ἀχαιοί
709 805 769 861 eto.
784 795 815 879 ⁸)
841 793 1005 881 prioribus
1027 816 1103 860 vero
1125 795 1242 863 subest

122 900 214 965 notio
234 896 382 961 adverbii
399 892 532 975 πάντως
547 894 599 961 vel
613 916 707 961 casus
726 895 850 983 obliqui
868 894 955 962 κατὰ
972 892 1084 962 πάντα
1105 890 1238 977 ἄθλιος,

123 996 258 1067 σάντων
279 992 417 1085 ἡγεμών,
441 996 583 1062 omnium
602 1007 710 1063 autem
730 997 854 1063 nullum
879 1008 928 1062 est
951 997 1042 1083 quod
1064 996 1239 1084 syntheton

125 1121 199 1164 csse
228 1120 294 1162 non
324 1096 504 1164 conveniat,
552 1096 640 1163 Nem
672 1120 746 1164 cum
776 1097 944 1184 adjectivis
974 1098 1108 1184 quidem
1141 1123 1240 1167 accu-

126 1201 247 1264 sativus
269 1203 338 1267 ντᾶν
358 1210 391 1265 et
410 1199 520 1265 mim
538 1221 625 1264 nunc
643 1199 789 1285 synthesi
807 1199 1010 1266 connectitur
1027 1197 1238 1287 quadradas,

125 1301 336 1377 scuvsixsiag,
352 1295 583 1382 παντάγαθος,
598 1298 835 1392 παντάριστος,
850 1322 937 1369 nuno
950 1299 1114 1387 parathesi
1128 1294 1239 1369 πάντα

125 1396 272 1484 ἀγαθός,
299 1396 398 1465 πάντ’
428 1397 556 1479 εἴκελος
582 1411 619 1466 ut
646 1397 746 1467 πάντ’
777 1398 886 1469 εἰκυῖα
915 1403 1030 1485 Quint.
1051 1401 1136 1469 XII.
1164 1403 1236 1470 107.

122 1527 151 1567 ν.
171 1503 214 1566 ad
227 1503 283 1586 Aj.
305 1525 335 1567 v.
346 1502 438 1568 1415.
483 1503 553 1572 Sed
575 1525 650 1568 cum
668 1500 877 1583 substantivis
898 1526 966 1569 una
986 1503 1110 1570 ratione
1132 1528 1237 1569 σανν-

121 1599 221 1682 άναξ,
254 1601 482 1690 παντεργάνης
513 1615 545 1669 et
576 1605 641 1669 alia
673 1603 886 1692 scriptoribus
917 1605 1030 1692 probis
1062 1604 1239 1690 aequaliter

120 1705 244 1790 ignota.
292 1705 526 1792 Appositionis
555 1706 740 1793 exemplum
767 1707 892 1773 nullum
919 1708 1029 1773 inveni
1055 1707 1119 1772 nisi
1145 1708 1235 1793 quod
1274 1700 1277 1705 '

120 1808 329 1872 Hermannus
361 1807 397 1871 in
428 1807 532 1894 Soph.
558 1810 637 1874 Ant.
667 1808 739 1874 717.
772 1801 878 1895 ἄνδρα
910 1804 1014 1883 πάντ’
1051 1803 1238 1896 ἐπιστήμης

122 1909 233 1974 πλέον
261 1907 390 1974 duobus
416 1909 584 1975 vocabulis
611 1903 712 1976 πάντ)
740 1906 910 1997 ἐπιστήμη
935 1932 1037 1975 unum
1061 1908 1237 1993 significari

121 2009 294 2073 arbitratur
314 2013 450 2095 perfectu
469 2024 745 2094 consummataque
765 2014 906 2086 adeatis,
928 2033 994 2095 quo
1016 2009 1115 2075 modo
1139 2009 1235 2074 etiam

121 2109 241 2175 Trucb.
253 2110 326 2176 338.
345 2106 471 2175 cersiacus
492 2105 593 2177 πάντ’
617 2107 805 2199 ἐπιστήμην
826 2108 890 2192 ἔχω
912 2111 1080 2198 accepisse
1097 2110 1234 2176 vitletur.

122 2212 193 2279 Sed
225 2220 258 2276 et
287 2211 351 2277 hoc
384 2211 477 2276 aliter
507 2211 738 2298 interpretatam
769 2209 963 2279 Schaeierus
995 2209 1082 2278 acad
1115 2206 1237 2290 πάντα,

120 2313 275 2397 idemque
304 2313 442 2398 quadrat
470 2310 512 2376 ad
540 2312 631 2377 illum
658 2312 767 2377 locum
794 2306 875 2399 ἀνὴρ
908 2311 994 2381 κατὰ
1020 2307 1132 2379 πάντα
1158 2310 1235 2379 ἐσι-

122 2411 251 2502 σσήμης
281 2417 393 2493 πλέως
424 2437 491 2480 uno
522 2413 621 2481 verbo
653 2411 913 2500 πανεπισσήμων
944 2413 1012 2479 sive
1046 2409 1237 2496 πάνσοφος,

120 2538 230 2600 neque
261 2539 329 2581 non
359 2515 437 2581 licet
467 2511 576 2583 πάντα
608 2538 668 2603 pro
698 2514 877 2581 masculino
908 2515 1034 2583 numeri
1064 2513 1237 2600 singularia

121 2617 272 2703 accipere
293 2621 362 2694 πᾶς
382 2614 494 2694 πλέως
516 2613 701 2705 ἐπιστήμης
728 2629 811 2686 tolus
834 2620 968 2702 refertus
994 2619 1124 2684 solemio
1152 2615 1237 2681 siout

121 2717 211 2782 idem
232 2729 331 2804 poeta
353 2716 435 2791 dixit
454 2720 523 2796 πᾶς
545 2711 681 2802 ἅναγνος
700 2729 783 2784 totus
804 2721 981 2809 sceleratus.
1024 2717 1122 2784 Adeo
1144 2739 1237 2783 cerea

123 2831 174 2884 cst
195 2831 366 2905 poetarum
384 2819 607 2906 interpretatio
631 2829 663 2883 et
683 2818 835 2884 flexibilis
856 2820 890 2885 in
909 2842 1136 2905 quamcunque
1159 2842 1235 2906 par·

122 2935 187 2987 tem
211 2921 410 2986 ducatur.—
433 2919 517 2987 Cum
540 2925 607 2987 πᾶν
629 2919 827 2995 conveniunt
847 2919 932 3004 μέγα
955 2932 988 2984 et
1009 2920 1106 2985 πολύ.
1149 2919 1236 2983 Illud

122 3035 240 3109 poetae
269 3022 455 3106 frequenter
484 3021 695 3108 praemittunt
722 3018 889 3109 adjectivis
920 3019 968 3084 sic
996 3029 1032 3082 ut
1059 3018 1237 3104 particulae

122 3124 295 3209 epitaticae
318 3124 383 3188 vim
405 3122 550 3188 obtineat
570 3121 655 3206 μέγα
678 3120 810 3206 accipere
834 3118 981 3206 Oppian.
1005 3117 1088 3203 Cyn.
1110 3119 1139 3184 Ι.
1163 3118 1235 3184 158.

120 3226 206 3313 μέγα
222 3221 393 3313 νησιοςθ),
410 3219 487 3310 μέγ’
507 3214 643 3305 ἄριστος
663 3231 695 3285 et
715 3219 878 3299 interdum
896 3222 1071 3309 scriptores
1088 3221 1237 3310 poeticae

123 3377 456 3394 ’Μ

191 3473 221 3538 8)
238 3468 480 3542 Appellativorum
498 3467 611 3522 unicum
628 3473 671 3521 est
692 3466 763 3521 illud
781 3466 809 3520 iu
824 3466 945 3539 Oppian.
961 3468 1029 3538 Cyn.
1044 3469 1065 3522 1.
1079 3470 1138 3521 453.
1156 3462 1237 3530 κύνες
1270 3530 1273 3535 ,

121 3559 153 3612 δὲ
172 3562 305 3626 navigius
323 3553 489 3626 σημήναντα,
509 3555 587 3626 quod
605 3571 657 3625 pro
676 3550 765 3608 πάντα
780 3557 854 3623 ἴχνια
871 3553 1008 3626 accipitur
1021 3557 1073 3615 sed
1088 3555 1186 3610 dubito
1199 3574 1235 3613 au

123 3642 322 3712 corrigendum
335 3641 371 3695 sit
383 3639 450 3710 παρ’
469 3645 543 3711 Ιχννα
558 3638 714 3711 σημήναντα
728 3638 812 3693 idest
826 3637 1066 3713 παρεσημήναννο.
1089 3640 1236 3703 Pronur-

121 3730 233 3800 δείματι
245 3727 325 3782 Pind.
337 3728 383 3784 Fr.
394 3726 518 3782 CXCVI.
531 3725 710 3780 scribendum
725 3734 768 3780 est
781 3726 963 3793 naudeluaros
976 3728 1029 3793 vel,
1042 3735 1073 3782 ut
1085 3728 1234 3799 Bergkius‚

122 3817 333 3888 πανδείμανιον.
358 3813 391 3867 ln
405 3812 492 3885 Soph.
506 3811 577 3866 Phil.
591 3814 650 3866 915.
670 3803 690 3865 ὦ
710 3815 765 3887 πῦρ
784 3810 817 3866 σὺ
837 3817 881 3866 καὶ
901 3818 957 3868 πᾶν
975 3816 1059 3889 δεῖμα
1077 3832 1158 3869 nemo
1174 3822 1234 3866 teu·

122 3900 193 3954 tavit
212 3896 354 3968 mirisque
370 3916 538 3970 proponere.

192 4004 220 4070 9)
240 4004 294 4057 Pro
313 4007 537 4073 μεγαλονηπίοος
555 4001 652 4056 Tzetz.
672 4005 709 4056 ed
728 4000 797 4057 Hes.
820 4004 896 4074 Opp.
917 4003 973 4055 129.
997 4002 1074 4074 quod
1100 3999 1128 4053 in
1149 3998 1234 4053 Thes.
1337 4030 1342 4039 ι

122 4089 269 4153 omissum,
293 4090 366 4143 Edd.
387 4094 454 4143 vett.
475 4082 614 4159 μεγάλους
636 4093 750 4156 νηπίους
774 4091 926 4159 praebent,
952 4104 1007 4156 quo
1031 4083 1234 4145 modoGrum·

120 4176 238 4231 snaticus
257 4175 370 4247 quidam
387 4173 572 4229 adulterinam
590 4173 770 4245 scriptionem
784 4173 885 4242 Odyss.
897 4170 1006 4225 XXIV.
1019 4170 1079 4223 2¹20.
1097 4172 1186 4238 μέγας
1203 4168 1232 4223 ‹i’

122 4265 160 4317 ἔτι
179 4259 275 4329 νήπιος
296 4251 328 4330 ipa
347 4259 437 4332 accipi
457 4277 538 4332 posse
559 4258 691 4319 credidit:
718 4256 831 4314 δύναμιν
853 4260 898 4310 καὶ
918 4251 1066 4316 ἔσηάσεως
1082 4248 1151 4309 εἶναι
1174 4253 1235 4313 cirri
