2736 4778
127 404 169 472 40
512 395 791 466 DISSERTATIO
816 397 870 465 vl.

127 573 236 634 tantur
258 564 434 648 subscripto
465 564 530 630 iota
563 564 736 646 eodemque
757 563 851 631 modo
872 560 1001 654 χρῄζων
1024 563 1166 648 Choeph.
1193 564 1261 632 337

127 669 218 755 (328)
231 668 347 750 elada,
371 669 455 752 quod
466 667 560 735 schol.
572 685 739 750 perperam
749 671 955 756 χρραμωδαῖν
967 669 1102 751 exponit.
1117 706 1155 716 -
1174 667 1261 736 Cum

126 773 322 838 substantivo
348 769 458 860 χρεία,
494 771 582 837 cuius
615 770 669 836 illa
702 773 857 854 meminit,
892 772 1062 838 cohaerent
1093 771 1261 838 adiectiva

124 880 245 963 χρεῖος,
280 872 393 961 γρῆἳος
425 880 459 940 et
491 869 627 961 δχρήὶός
650 872 800 962 aequando
823 869 893 940 διεδ
928 878 987 940 τοῦ
1010 871 1142 962 ἆχρεῖος
1167 876 1257 941 κατὰ

129 977 261 1045 ἔκτασιν
291 980 352 1042 τοῦ
377 980 400 1048 ἶ
427 975 481 1043 καὶ
514 973 682 1044 διάστασιν
714 980 774 1044 τοῦ
803 976 832 1046 ἰ’
864 977 935 1042 ΕΜ.
961 977 1039 1071 182,
1054 977 1106 1046 45.
1145 978 1258 1045 Huius

127 1086 289 1148 accentum
312 1080 469 1161 disceptat
489 1078 690 1145 Herodianus
713 1080 754 1145 ad
776 1081 812 1146 Il.
835 1079 953 1147 11269
977 1081 1070 1167 παρὰ
1093 1080 1131 1147 τὸ
1152 1082 1258 1170 χρεία

126 1179 259 1269 ι’ίχρειος
281 1181 570 1269 προπαροξύιονον
593 1179 624 1249 οἲ
634 1177 778 1250 Ἀττικοὶ
802 1180 983 1269 ἀναλόγως,
1008 1183 1102 1273 παρὰ
1125 1185 1192 1274 γὰρ
1216 1184 1256 1253 νδ

125 1283 236 1376 χρεία,
270 1285 471 1351 Homericam
503 1303 578 1351 vero
611 1285 736 1351 tonosin
768 1293 870 1353 ortarn
902 1287 1002 1354 videri
1035 1306 1129 1370 posse
1165 1289 1255 1356 κατὰ

125 1387 346 1477 ουνεκδρομῆν
381 1390 438 1453 rori
461 1382 624 1475 ἀνδρεῖος,
644 1383 801 1474 Ἀργεῖος.
860 1388 936 1455 Veri
969 1390 1101 1456 similius
1124 1392 1258 1459 videbar

126 1486 259 1581 δ’χρειος
273 1491 343 1573 lege
365 1491 598 1573 compositionis
616 1495 779 1558 accentum
789 1498 962 1559 retractum
973 1493 1099 1574 habere,
1125 1489 1257 1583 δχρῇας

125 1615 200 1663 vero
222 1613 284 1662 non
306 1595 513 1676 compositum
534 1613 615 1682 esse,
638 1594 695 1660 sed
716 1594 877 1662 calonico
900 1593 1031 1682 δχρήϊας
1054 1601 1257 1664 conuectum

124 1704 161 1765 ut
182 1692 300 1786 δδήϊας
322 1692 436 1785 δδῇας.
482 1697 708 1763 InAttioorum
729 1697 819 1763 libris
829 1697 947 1782 ubique
959 1693 1089 1786 ἀχρεῖος
1100 1701 1258 1768 scribitur

125 1808 161 1869 ut
184 1801 332 1885 ζαχρεῒος
354 1799 483 1865 Tbeocr.
511 1799 601 1866 XXV
623 1799 652 1881 6,
688 1800 745 1865 sed
775 1801 836 1867 hoc
857 1800 1034 1868 Meinekius
1055 1823 1254 1890 proparcxy·

124 1910 220 1972 tonen
242 1902 324 1970 iecit.
350 1940 385 1950 -
411 1902 529 1968 lisdem
551 1901 617 1970 iore
641 1903 791 1986 gradibus
814 1904 913 1969 crevit
935 1904 1123 1972 adjectivum
1145 1905 1254 1975 aste·

124 2009 228 2092 phano
250 2007 386 2074 relatum
399 2009 447 2092 Γῆ
470 2002 540 2074 ἀπὸ
552 2009 613 2074 τοῖ’
636 2005 696 2094 yda
707 2006 844 2093 κραθὲν,
867 2001 924 2095 ἀφ’
941 1995 978 2073 οὗ
990 2007 1027 2073 ιδ
1039 2010 1162 2094 γέγειος
1173 2036 1254 2100 κιρ·

126 2111 218 2179 νικδν
241 2113 444 2197 πλεονασμῷ
468 2112 528 2176 τοῦ
549 2112 597 2196 ’γἐ,
622 2102 645 2196 ἢ
668 2108 761 2197 παρὰ
785 2108 822 2174 τὸ
846 2105 950 2197 γῆἴος,
975 2105 1033 2199 ἀφ’
1057 2098 1097 2177 οὗ
1130 2110 1188 2178 καὶ
1214 2111 1254 2179 ιδ

124 2213 237 2305 γιγΐιης
260 2209 277 2281 ὃ
302 2209 479 2297 αὐτόχθων
505 2211 561 2279 καὶ
583 2210 621 2279 τὸ
645 2208 756 2299 γήϊνος
776 2210 1057 2298 percontumacia.
1116 2219 1144 2278 Γ
1142 2214 1254 2302 ε’γειος

124 2319 179 2386 alii
202 2315 336 2406 ἀρχαῖος
356 2318 615 2399 interpretantur,
638 2315 713 2398 quia
734 2305 944 2399 antiquissimi
970 2317 1120 2400 onusque
1143 2323 1253 2388 terrae

125 2422 245 2490 incolae
267 2421 364 2488 iidem
385 2419 544 2485 habentur
566 2419 801 2501 autochthones,
824 2420 881 2486 sed
902 2420 989 2502 origo
1011 2422 1095 2487 vocis
1116 2440 1253 2507 prorsus

126 2512 263 2606 incerta3
286 2526 415 2606 stirpem
438 2520 648 2602 manifestam,
676 2522 733 2588 sed
754 2528 868 2589 testem
890 2524 1011 2590 nullum
1032 2525 1130 2591 habet
1151 2531 1252 2611 γεῖος,

127 2631 211 2712 quod
232 2629 434 2694 Hermannus
457 2624 497 2689 ab
510 2623 664 2706 Aeschylo
688 2625 869 2707 Suppl.825
892 2629 1043 2709 scriptum
1066 2627 1252 2709 arbitratur,

130 2731 290 2814 nihiloque
301 2729 406 2794 notius
419 2731 469 2801 est
480 2732 687 2809 asynaereton
700 2729 795 2814 γλιάς,
808 2748 835 2794 v.
848 2729 980 2795 Elemm.
993 2728 1083 2795 1449
1096 2729 1251 2818 [ο1283];

127 2836 230 2921 γλινας
253 2835 382 2900 damnat
403 2830 601 2914 Phrynichus
623 2826 679 2910 97,
703 2827 797 2918 γὴϊας
818 2832 973 2899 Αιοαδὶιιε
995 2833 1037 2898 40
1060 2851 1131 2899 curn
1155 2832 1253 2921 δὴϊας

126 2943 160 3004 ct
182 2936 273 3024 νήϊος
295 2939 467 3018 comparat,
490 2934 642 3000 usitatum
665 2951 739 2998 vero
762 2939 813 2999 est
834 2933 954 3023 γήϊνος.
999 2936 1169 3003 Praetereo
1186 2938 1250 3004 duo

129 3042 285 3108 adiectiva
307 3059 326 3108 a
349 3037 503 3105 similibus
526 3037 686 3120 principiis
710 3038 833 3105 diverse
855 3037 977 3104 deflexa
993 3042 1090 3119 Κεῖος
1114 3037 1194 3104 Oeae
1218 3047 1251 3108 et

105 3141 106 3151 ’
130 3144 232 3232 Τὴϊας
246 3143 337 3207 Terbe
350 3141 460 3311 [Voti
483 3142 546 3208 532
569 3146 602 3207 et
623 3138 688 3206 414
710 3159 739 3206 ιι.
752 3141 781 3222 2,
805 3161 902 3224 supra
913 3161 942 3224 p.
959 3141 1021 3228 12],
1033 3142 1089 3208 sed
1102 3143 1251 3210 subvenit

126 3248 223 3326 λεῖος,
248 3248 330 3313 unde
352 3264 436 3313 noun
459 3245 494 3310 lli
515 3262 628 3310 nornen
650 3245 747 3309 vestis
769 3243 940 3311 levidensis
968 3246 1097 3312 ductum
1118 3252 1249 3330 putant3

124 3350 312 3417 Eustathius
328 3347 472 3418 1141158
496 3341 680 3415 οῖἈτιικοὶ
702 3345 830 3437 ληΐδιον
853 3346 1133 3434 οεεροουλλάβως,
1153 3351 1250 3439 περὶ

126 3443 165 3519 οὗ
192 3451 336 3541 Τρύφων
359 3451 469 3542 φησὶν,
494 3445 539 3531 ὡς
561 3448 629 3518 ἔστι
654 3451 753 3532 λεῖον,
786 3447 825 3530 ἐξ·
845 3440 884 3517 οὗ
908 3452 1088 3539 παραγωγὴ
1113 3452 1167 3521 διὰ
1192 3459 1251 3522 τοῦ

125 3559 188 3628 «5703
222 3555 347 3622 λείδιον
376 3555 431 3623 διὰ
467 3550 656 3642 διφθόγγου
690 3553 745 3620 καὶ
779 3550 908 3621 ἐκτάσει
932 3551 1048 3644 λῄδιον
1071 3555 1129 3621 σίν
1151 3561 1197 3645 τῷ
1224 3561 1249 3629 ἶ

126 3654 171 3737 ὡς
194 3650 327 3747 ᾔκαζον,
351 3650 453 3747 ᾔδειν.
513 3653 672 3745 Φιλήμων
695 3656 731 3726 δὲ
754 3655 928 3750 παροξύνει
954 3653 999 3738 ὡς
1020 3657 1058 3724 τὸ
1081 3657 1249 3742 σταμνίον.

127 3759 278 3843 Δίδυμος
300 3759 337 3827 δὲ
369 3757 425 3824 καὶ
447 3754 546 3836 αὐτὸς
579 3757 663 3826 οὕτω
686 3755 837 3842 δοξάζων
866 3760 984 3850 φησὶν,
1016 3756 1061 3840 ὡς
1084 3755 1248 3854 ὅλογοςῆ

127 3857 456 3953 προοαροξυτὸννγοις
483 3864 543 3928 τοῦ
566 3859 690 3949 λῄδιον·
714 3860 748 3930 αἱ
770 3862 833 3951 γὰρ
858 3866 913 3930 διὰ
936 3870 995 3931 τοῦ
1019 3868 1062 3937 ὦ
1089 3890 1246 3953 παραγω-

126 3966 191 4052 γαλ,
216 3961 245 4033 εἰ
268 3961 464 4034 δοκιυλικαί
486 3959 560 4040 οἷσι,
585 3963 651 4052 apo
674 3968 753 4050 μιᾶς
766 3964 872 4048 ἔχουσι
885 3964 942 4032 aba
959 3963 1247 4052 viromandiae,

125 4067 280 4160 δριδίον·
314 4067 351 4135 vr)
374 4066 437 4154 γὰρ
463 4067 574 4138 {aab
597 4065 821 4152 πρωιοιὺπον
849 4067 947 4137 ἐστίν·
986 4067 1055 4137 ἆπδ
1079 4075 1157 4158 γοῦν
1190 4078 1248 4139 τοῦ

126 4171 225 4252 λε’,δος
246 4171 291 4256 μὴ
316 4168 447 4252 ἔχοντος
470 4169 507 4236 τὸ
532 4170 710 4257 ε’γέγονὸς
731 4170 769 4238 τὸ
794 4169 908 4261 ληδίον
931 4167 990 4239 οὐκ
1013 4169 1052 4240 δν
1075 4171 1142 4257 ἔχοι
1164 4168 1250 4260 τδῗ,

125 4273 274 4354 additque
297 4272 398 4338 Dores
422 4274 522 4350 λᾶδος
544 4271 671 4353 dixisse,
702 4276 752 4341 cui
775 4276 919 4341 convenit
942 4274 1065 4365 ληδίαν.
1122 4277 1247 4345 Ahren-

125 4375 190 4441 sius
213 4394 287 4440 vero
300 4375 374 4441 Dor.
389 4374 449 4439 142
471 4376 534 4441 illis
550 4375 669 4457 λαῐδος
690 4379 837 4445 attribuit
857 4383 894 4444 ut
903 4377 1081 4465 Hesychius
1093 4381 1248 4465 scriptum
