2736 4778
129 313 204 390 aas
265 324 268 329 ·
412 260 730 378 nissaarnrro
757 309 805 375 11.
847 310 888 377 P.
905 307 952 377 11.

128 521 229 585 ρῃος
253 492 427 585 Κουρήτην
454 489 684 582 ὀνομασθῆναι
713 495 771 562 καὶ
796 493 930 585 Κρήτην
957 497 1043 565 κατὰ
1071 491 1242 587 συγκοπήν

128 598 244 685 Stepb.
268 608 300 664 et
321 598 439 664 certius
461 598 542 663 illud
563 597 653 683 quod
675 597 820 664 Galenus
843 598 884 664 de
905 609 1016 665 monte
1038 597 1240 686 Campaniae

127 699 225 767 tradit
245 700 287 766 da
302 700 407 765 Meth.
423 700 515 765 Meu
529 701 572 768 V.
590 699 639 764 12.
657 723 691 787 p.
702 699 776 766 364.
793 699 892 767 M
915 705 1032 769 τοῦτον
1051 702 1111 767 τὸν
1132 701 1241 788 λόφον

128 799 162 870 oi
193 802 335 870 παλαιοὶ
362 795 523 885 Ῥωμαῖοι
556 801 613 867 καὶ
644 805 701 866 νῦν
733 799 765 868 oi
798 797 1027 889 ἀκριβέστεροι
1054 798 1241 886 accolam

127 897 346 988 ὀνομάζουσι·
368 901 407 969 τὸ
429 902 466 970 δὲ
490 900 624 982 ἔνδοξον
648 902 705 969 καὶ
730 901 803 970 νέον
827 897 935 988 ὄνομα
958 901 1117 986 Βέσβιον,
1148 903 1240 989 quod

127 992 300 1092 sequentes
322 1003 413 1071 latini
435 1015 553 1092 poetae
574 1004 730 1072 Vesvium
751 1003 818 1071 aive
840 1005 1000 1072 Vesbium
1020 1016 1147 1071 vocant

469 1564 631 1646 Pars
665 1565 888 1647 altera.

227 1733 302 1818 De
338 1735 469 1820 aliis
507 1761 784 1847 syncopae
821 1738 1129 1843 generibus.

598 2125 710 2193 OAP.
737 2125 766 2191 I.

364 2263 415 2335 De
443 2269 610 2339 amotione
637 2267 780 2340 duorum
807 2268 995 2340 literarum.

210 2429 235 2512 ξ.
261 2429 288 2494 l.
333 2430 492 2499 Vocalem
512 2456 611 2499 unam
636 2434 713 2500 elidi
730 2435 957 2503 Grammaticis
980 2434 1084 2499 rarius
1106 2435 1240 2520 quidem

127 2549 226 2612 quam
247 2530 361 2597 volunt
382 2534 442 2598 sed
467 2546 574 2600 tamen
598 2537 827 2601 concessimus.
873 2537 985 2619 Quum
1008 2559 1084 2602 vero
1107 2537 1239 2624 longius

126 2631 292 2715 progressi
314 2634 395 2698 duas
418 2645 450 2699 et
474 2637 614 2723 amplius
635 2639 757 2716 literas,
786 2661 847 2704 nee
872 2638 977 2704 solum
1001 2638 1147 2722 ejusdem
1172 2640 1238 2724 syl·

126 2729 218 2796 labae
246 2734 306 2798 sed
333 2736 431 2801 etiam
459 2738 645 2824 dispertitas
671 2762 818 2806 resecare
845 2741 983 2816 audent,
1012 2739 1066 2803 vix
1094 2743 1239 2824 unquam

126 2832 329 2899 assentimur.
372 2839 520 2905 Primore
538 2842 612 2907 loco
632 2864 727 2928 agam
744 2843 785 2908 de
802 2842 935 2927 syllabis
951 2841 1086 2906 bilitonis
1102 2864 1239 2962 quarum

127 2933 217 3020 prior
242 2935 336 3001 litera
362 2951 411 3005 est
439 2963 598 3021 consona,
632 2945 733 3009 altera
760 2943 901 3010 vocalis:
932 2947 1028 3027 κῶμα
1055 2941 1126 3010 ἐστὶ
1152 2943 1239 3010 κατὰ

127 3060 297 3127 ovysomo
323 3034 392 3108 ἀπὸ
420 3047 479 3110 τοῦ
507 3041 657 3141 κοίμημα
683 3041 729 3122 ὡς
756 3041 884 3130 οἴμημα
911 3037 991 3124 οἶμα
1019 3043 1076 3109 καὶ
1103 3040 1238 3131 ὀόμημα

126 3188 313 3307 Auctorem
329 3211 441 3309 subdit
462 3246 604 3312 Zonaras
626 3247 699 3313 677.
727 3249 829 3330 drop*
788 3274 827 3313 uo
851 3245 995 3331 droppen
1018 3241 1160 3331 drappos
1182 3246 1239 3311 καὶ

126 3346 213 3412 κατὰ
234 3347 403 3433 σογκοπὴν
426 3347 540 3430 δῶμα·
567 3345 652 3414 ου’τω
676 3347 865 3426 Φιλοξενος.
914 3339 1003 3425 Olym
1026 3346 1238 3412 Herodianus

125 3448 219 3514 Mon.
241 3449 293 3527 37,
315 3449 369 3515 34
390 3472 490 3515 unum
512 3472 585 3515 esse
607 3448 686 3514 dicit
707 3448 917 3533 bisyllabum‚
945 3448 1035 3532 quod
1059 3447 1237 3535 diphthon-

126 3573 203 3635 gum
227 3575 257 3614 οι
281 3551 428 3636 proximo
451 3562 526 3618 ante
550 3551 808 3617 terminationem
829 3576 877 3633 μα
900 3549 1062 3615 habeate
1064 3549 1239 3615 tiortasse

125 3650 283 3719 rationem
300 3650 370 3735 subj
375 3654 487 3718 ecit
458 3679 495 3718 ro
486 3650 649 3732 πάθος,
672 3652 804 3717 hoet
754 3660 804 3717 est
824 3673 991 3738 syncopen
1009 3675 1039 3715 v
1051 3651 1152 3716 Proll.
1163 3652 1237 3718 393.

126 3756 178 3820 Ea
204 3776 280 3820 vero
309 3754 391 3819 ratio
420 3755 551 3820 minime
580 3779 642 3820 nos
672 3753 831 3819 absterret
856 3776 920 3838 quo
950 3752 1056 3817 minus
1086 3753 1167 3818 illud
1197 3754 1239 3817 ad

126 3857 274 3934 verbum,
297 3853 421 3922 unde'
406 3857 519 3935 οἰστοῖς
541 3857 665 3921 derivat
652 3866 720 3920 tum
742 3867 808 3932 est,
830 3855 1006 3920 referamus
1032 3879 1137 3942 eoque
1160 3879 1238 3942 pro·
1279 3914 1288 3927 ,

126 3970 197 4059 prie
223 3961 331 4052 φοράν
358 3960 532 4048 significari
560 3970 721 4046 putemus.
777 3957 996 4043 Trisyllabum
1024 3983 1091 4025 non
1120 3959 1240 4044 legitur

126 4082 254 4160 praeter
268 4064 471 4150 Hesychium
491 4057 703 4145 Οἷἰιηιια“ι
651 4083 703 4141 opp
706 4085 796 4145 ιημα,
820 4061 871 4125 cui
890 4063 1026 4126 similem
1044 4073 1239 4148 potestatem

126 4173 225 4239 habet
254 4165 369 4257 οἶιιᾴν,
404 4165 463 4232 sed
495 4185 555 4250 pro
590 4161 645 4226 illo
680 4161 860 4249 Sopingius
892 4155 972 4240 olyra
1005 4163 1102 4229 scribi
1133 4163 1237 4248 jubet

126 4278 234 4356 Δῶμα
257 4293 277 4336 a
303 4269 393 4353 δέμιο
420 4266 601 4332 traductum
629 4274 778 4330 osteum
805 4262 987 4329 necessaria
1014 4265 1131 4341 eet-asi3
1163 4289 1238 4348 nam
