2736 4778
198 341 264 409 nu
285 337 505 409 smcopu
526 336 672 405 umus
694 336 915 407 vacnum.
947 336 988 405 c.
998 339 1046 406 11.
1063 344 1088 427 ς.
1100 340 1131 407 5.
1160 346 1238 419 24⁹

124 525 301 613 δελεάζειν,
325 547 392 612 quo
413 524 500 588 iacto
524 514 722 604 δελαστρούς
741 543 762 585 a
778 521 943 590 Nicandro
965 536 1157 613 usurpatum
1175 549 1236 616 pro

122 623 339 713 δελεαστρεύς
360 627 397 691 in
419 622 564 710 speeiem
584 642 750 707 syncopae
770 622 916 691 incurrit.
959 625 1029 692 Sed
1047 626 1111 693 hoe
1133 629 1240 716 vergit

121 731 165 797 ad
188 731 328 795 alterum
349 747 467 813 genus,
488 724 523 788 in
544 744 609 809 quo
632 722 761 809 epsilon
782 735 859 791 ante
880 723 960 791 alias
983 726 1113 793 vocales
1135 729 1239 797 omitti

122 832 252 899 dicitur.
741 829 745 835 '

208 936 235 1018 ξ.
257 929 289 996 5.
333 927 402 992 Hie
422 936 528 991 autem
547 924 706 1011 imprimis
727 924 906 991 videndum
928 936 979 991 est
1000 947 1161 1011 quaenam
1180 950 1240 995 vo·

125 1033 213 1099 cales
232 1038 419 1116 sequantur,
436 1026 589 1093 breveme
608 1048 651 1091 an
666 1026 786 1113 longae
803 1026 1059 1115 diphthongive3
1078 1050 1243 1097 namnum

126 1135 179 1199 his
196 1132 324 1220 epsilon
340 1128 422 1196 erasi
437 1127 619 1195 sudescere
635 1138 754 1214 potest,
769 1150 843 1194 cum
857 1127 1009 1195 brevibus
1023 1129 1240 1199 nullomodo.

124 1236 180 1301 De
199 1232 265 1300 hoo
283 1252 404 1318 genere
425 1238 476 1296 est
488 1228 672 1295 Heredium
694 1228 874 1316 disputatio
896 1231 940 1296 ad
959 1231 1000 1297 IL
1013 1230 1153 1299 XXIII.
1166 1234 1239 1302 160.

124 1334 164 1403 τὸ
190 1329 310 1423 aquatic
333 1331 422 1408 τινὲς
449 1325 615 1416 &sitiemus
642 1324 688 1408 ὡς
711 1325 857 1420 γενικήν·
880 1324 1019 1416 ἄμεινον
1046 1332 1085 1401 δὲ
1111 1329 1240 1414 ὄξύνειν

124 1438 180 1503 ἵνα
212 1427 235 1523 ᾗ
268 1430 451 1521 ῥηματικὸν
483 1426 556 1498 ἀπὸ
585 1434 644 1498 τοῦ
678 1427 809 1520 κηδεὺω
841 1427 886 1511 ὡς
919 1428 1061 1519 φωλεύω
1093 1431 1238 1521 matthie,

124 1529 230 1617 ι’νχούω
252 1529 347 1615 ὀχτός
370 1530 429 1599 καὶ
450 1529 485 1599 ἐν
506 1531 709 1620 πλεονασμῷ
732 1535 791 1599 τοῦ
814 1521 988 1616 ἆόσχοός,
1015 1528 1152 1617 amoenits
1173 1559 1241 1605 σω-

123 1630 214 1722 esic·
236 1631 274 1700 τὸ
302 1633 341 1702 δὲ
370 1626 483 1719 σωρός
509 1630 595 1698 κατὰ
623 1628 810 1720 συνκοιτήν,
840 1633 896 1700 καὶ
924 1630 1022 1718 παρὰ
1049 1632 1088 1701 τὸ
1114 1630 1239 1718 tegete

122 1731 247 1819 λοχοός.
278 1725 375 1800 'Att’
394 1729 429 1801 oi
449 1722 589 1829 οτλὲίοας
604 1729 798 1820 βαρυτόνως
819 1731 1007 1822 ἀνέγνωσαν
1027 1736 1242 1821 πλεονασμὸν

124 1832 339 1919 ἐκδεξάμενοι
370 1837 431 1901 τοῦ
458 1857 476 1901 ε
499 1828 598 1915 λόχον
619 1828 732 1915 λόχοιο
756 1833 899 1918 λοχέοιο.
942 1832 1074 1901 Horum
1099 1836 1240 1924 primum

124 1934 257 2026 φαλοός
275 1945 309 2000 et
325 1930 441 2022 φωλεά
463 1943 561 2018 atque
583 1954 799 2018 synonymum
818 1931 942 2021 γαλεός
963 1960 1132 2021 nunquam
1149 1937 1242 2004 aliter

124 2036 248 2124 scripta
269 2034 425 2101 suntsed
447 2034 576 2121 epsilon
597 2057 665 2099 non
682 2034 871 2101 transtermr
891 2037 935 2100 ad
956 2037 1100 2101 detivata
1114 2035 1241 2123 φωλάς,

126 2132 285 2224 φωλάζω,
307 2131 460 2223 natata,
480 2135 572 2220 quod
584 2133 720 2199 verbum
735 2156 802 2201 non
815 2135 982 2231 antecedit
997 2136 1136 2215 nomini,
1159 2137 1244 2204 sicut

124 2237 179 2302 iile
201 2236 337 2303 affirmat
360 2236 580 2323 adstipulante
601 2234 776 2301 Methodio
799 2234 880 2302 EM.
903 2235 963 2315 59,
984 2238 1037 2304 43.
1059 2238 1119 2305 sed
1141 2238 1242 2306 deeli-

125 2349 240 2403 natum
263 2348 314 2405 est
337 2361 357 2403 a
382 2340 511 2424 φῶλος,
541 2336 631 2422 quod
659 2337 759 2402 cessit
785 2335 961 2422 trisyllabo.
1005 2338 1100 2404 Idem
1129 2340 1241 2406 existi-

125 2439 281 2505 mandum
307 2438 350 2504 de
371 2434 507 2522 σωρεύω
529 2448 563 2504 et
584 2436 724 2521 λοχεύω,
753 2436 871 2524 quibus
901 2439 1065 2526 primitiva
1089 2450 1166 2504 sunt
1189 2439 1241 2507 bi-

126 2539 263 2626 sylluba.
308 2540 398 2605 Nam
426 2549 459 2603 et
486 2537 538 2604 his
568 2539 697 2627 epsilon
727 2562 768 2605 ex
795 2537 977 2605 abundanti
1005 2539 1153 2605 additum
1182 2553 1242 2620 est,

124 2642 203 2707 lieet
221 2640 418 2708 sumundum
433 2651 622 2728 propugnet
633 2640 715 2706 EM.
728 2640 801 2719 742,
811 2641 842 2707 2.
860 2640 924 2707 hoc
943 2651 1135 2727 argmnento
1152 2642 1244 2728 quod

126 2741 328 2807 substantiva
342 2740 503 2827 bisyllsba
521 2752 696 2830 graventur
705 2733 815 2827 Ὦρος,
837 2745 973 2829 Δῶρος,
995 2746 1130 2829 Βῶρος,
1152 2745 1244 2831 φλῶ-

128 2867 187 2927 ρος
221 2848 297 2926 (scr.
331 2832 434 2929 ὧρος,
472 2848 602 2931 unipes,
636 2845 764 2928 χῶρος)
793 2864 887 2907 secus
914 2863 991 2907 vero
1022 2841 1134 2927 σωρός
1149 2881 1189 2892 -
1204 2844 1244 2912 τὸ

127 2948 263 3027 πρῶτον
290 2937 360 3028 ἄρα
388 2942 517 3030 σωρούς
546 2938 592 3023 ὡς
612 2938 722 3027 ὀχοός,
746 2940 869 3024 λοχεός.
913 2943 985 3009 Sed
1005 2964 1105 3007 causa
1127 2956 1245 3031 oxyto·

128 3044 218 3109 nesis
238 3045 367 3110 videtur
389 3042 583 3129 significatio
606 3065 679 3109 esse
701 3041 878 3128 perieetica
899 3052 937 3106 ut
963 3042 997 3106 in
1020 3042 1117 3107 simili
1137 3042 1247 3130 σοφός

128 3141 270 3231 σοφαῖς,
301 3143 563 3231 bisyliabumque
591 3141 759 3229 trisyllabo
789 3140 980 3226 antiquitate
1001 3151 1127 3207 tantum
1149 3166 1246 3231 prae-

129 3245 217 3311 eedit
237 3256 274 3311 ut
295 3246 483 3314 credibilius
506 3245 549 3310 sit
575 3244 640 3311 hoc
666 3266 763 3330 quam
792 3243 874 3310 illud
902 3243 1135 3331 interpolatum
1163 3267 1246 3314 esse.

128 3347 196 3412 Pro
220 3342 320 3415 ὀστέα
344 3347 541 3434 Oppianum
560 3341 642 3414 ὀστά
664 3367 841 3433 usurpasse
856 3344 947 3412 brevi
964 3346 1078 3411 ultima
1089 3347 1159 3432 jam
1176 3347 1248 3414 aliis

131 3448 337 3514 observatum
368 3458 419 3513 est
453 3471 482 3514 v.
510 3446 678 3514 Huebner.
715 3446 873 3535 Append.
903 3447 946 3512 ad
977 3448 1081 3533 Diog.
1111 3472 1145 3534 p.
1175 3448 1248 3516 748.

128 3547 248 3613 Lehrs.
272 3547 411 3631 Quaest.
434 3574 468 3638 p.
479 3549 553 3616 306.
577 3549 678 3634 idque
700 3550 784 3616 adeo
806 3547 950 3615 sancitur
969 3547 1044 3633 lege
1063 3549 1247 3617 tonicaAr-

132 3648 218 3714 cadii
248 3673 282 3737 p.
315 3650 387 3716 137.
423 3646 455 3717 ei
485 3642 527 3717 τὰ
559 3655 718 3737 μονογενῆ
751 3648 786 3715 ἐν
817 3653 861 3738 τῇ
890 3647 1067 3742 τελευταίᾳ
1098 3654 1249 3744 συλλαβῇ

131 3744 247 3830 ἔχουσι
270 3748 330 3816 τόν
350 3748 459 3830 τόνον,
484 3749 521 3817 ἐν
541 3754 584 3841 τῇ
605 3746 689 3841 αὐτῇ
713 3748 770 3816 καὶ
790 3746 826 3817 αἱ
851 3750 976 3834 γτννκαὶ
997 3748 1127 3836 ἔχουσιν
1146 3751 1176 3821 ei
1194 3754 1251 3821 καὶ

130 3848 177 3935 μὴ
199 3849 258 3916 τὸν
281 3844 382 3916 αὐτόν
389 3898 398 3929 ,
423 3850 465 3918 τὰ
488 3845 573 3939 ξαρά
595 3855 660 3918 τῶν
681 3851 801 3937 ξυρῶν,
831 3849 873 3920 τὰ
895 3851 1002 3940 πτερά
1024 3859 1088 3920 τῶν
1106 3856 1249 3935 πτερῶν,

131 3950 174 4017 τὰ
203 3943 287 4017 ioasi
316 3952 381 4016 τῶν
407 3944 530 4032 ὀστῶν,
558 3951 600 4019 τὰ
628 3948 711 4019 κανά
740 3954 808 4018 τῶν
836 3958 957 4034 κανῶν,
985 3954 1050 4018 nisi
1070 3951 1201 4038 scripsit
1220 3948 1251 4017 si

131 4050 190 4117 καὶ
219 4049 264 4138 μὴ
292 4045 419 4118 πάντα
447 4052 506 4118 οόν
534 4047 634 4120 nisis
661 4049 744 4138 ξοοό
769 4063 830 4119 etc.
852 4050 1039 4120 homotonis
1061 4062 1169 4117 autem
1189 4074 1250 4141 op-

132 4150 247 4238 posuit
262 4162 428 4220 eontracta
447 4148 544 4233 ὀστᾶ,
570 4156 667 4231 nasei,
690 4176 774 4240 quae
793 4155 928 4240 antiqua
943 4166 1030 4221 certe
1049 4154 1252 4223 consuetudo

134 4251 368 4322 circumflectit.
418 4256 459 4322 Iu
486 4254 677 4344 compositis
709 4255 837 4343 epsilon
870 4278 937 4324 non
969 4278 1041 4325 raro
1077 4257 1236 4325 omittitur
1243 4283 1253 4336 ;
