2736 4778
154 344 203 416 78
516 337 834 405 DISSERTATIO
868 336 896 402 1.

155 527 239 610 ojus,
273 545 356 609 quae
389 521 547 607 sequitur,
584 522 711 610 species
744 522 927 609 complures
962 531 1046 585 sunt.
1105 520 1264 587 Omicron

154 623 367 712 significabile
395 621 516 688 habent
544 622 696 708 syntheta
716 618 867 710 ὀγάσειυη
890 634 950 688 etc.
972 645 1001 686 v.
1025 625 1051 709 ξ.
1073 622 1104 688 2.
1132 633 1165 687 et
1184 646 1264 709 pro·

154 726 346 801 nominalia,
377 724 417 788 dc
439 723 558 808 quibus
579 723 779 812 Apollonius
801 724 946 809 loquitur
967 725 1008 788 de
1031 722 1205 808 Conjunct.
1229 749 1263 812 p.

152 828 225 895 502.
248 834 319 905 τοῖς
347 824 430 891 κατὰ
452 831 572 892 πεῦσιν
597 831 794 912 πηοοιστοῐς
822 824 1042 913 παράκεινται
1072 821 1265 913 ὀναφορικδι

152 930 236 998 κατὰ
257 925 442 1014 ποόςθεσιν
463 913 574 1004 τοῦ-ο,
597 921 728 1003 ὁποῖος,
751 920 888 1005 ὁπόσος.
937 928 1050 1012 Atque
1073 926 1136 992 hoo
1158 950 1263 1013 genus

153 1028 389 1118 apleonastico
407 1027 648 1092 disterminatur
665 1024 795 1112 spiritu:
818 1032 885 1093 πᾶν
899 1033 1030 1115 φωνῆεν
1045 1036 1119 1108 ταῖς
1137 1029 1264 1110 λέξεσιν

152 1129 279 1214 ἔξωθεν
301 1131 561 1217 προςιιδὲμενον
586 1130 761 1216 ψιλοῦται,
785 1126 863 1213 δόνη
892 1123 1008 1215 ὀδόνη,
1037 1127 1122 1213 νόμα
1145 1123 1262 1212 ὀνομα,

150 1230 271 1315 στάχυς
293 1223 444 1312 ἷίσταχυς.
492 1231 538 1297 Τὸ
560 1225 665 1297 ὁπότε
695 1227 751 1294 καὶ
772 1226 918 1314 ὁπηνίκα
940 1223 978 1296 ori
1002 1229 1193 1313 λυμαίνεται
1216 1235 1262 1317 τῷ

152 1332 280 1402 κανόνι·
312 1325 397 1417 drap
424 1331 486 1415 γὰρ
517 1327 536 1418 ἡ
565 1330 714 1418 σημασιά
741 1327 818 1397 sch.
839 1331 940 1394 Dion.
964 1331 1108 1396 Gramm.
1132 1330 1261 1415 716.¹).

152 1435 193 1501 Id
215 1456 331 1521 parum
353 1432 491 1504 attendit
512 1431 622 1499 Schol.
648 1430 771 1516 Odyss.
795 1431 987 1497 V111.204.
1013 1431 1108 1498 ότινοι
1138 1432 1261 1515 γίνεται

151 1531 221 1604 ὀπὸ
245 1532 397 1602 endurci
421 1536 622 1620 πλεονασμῷ
644 1538 705 1598 τοῦ
718 1521 750 1599 o.
777 1535 873 1597 Haec
888 1532 1022 1596 relativa
1040 1532 1262 1620 pathologiam

150 1637 238 1703 nulla
260 1659 301 1702 ex
322 1647 414 1722 parte
435 1634 608 1720 attingunt
651 1635 780 1699 Nomen
803 1632 897 1719 δόνη,
920 1635 1011 1720 quod
1033 1627 1262 1721 quidam'oum
1356 1658 1359 1661 “

152 1736 213 1828 δόη
242 1747 457 1825 componunt,
487 1746 569 1801 teste
600 1745 705 1811 caret3
738 1735 918 1821 Gregorius
945 1730 1045 1821 ὀδύνη
1073 1760 1114 1803 ex
1136 1736 1260 1802 aeolico

116 1888 121 1898 ·
151 1838 263 1915 δδόνα,
293 1839 356 1903 hoc
383 1860 424 1903 ex
453 1835 518 1904 ἔδω
546 1846 583 1900 ut
608 1833 737 1914 ἔδοντες
765 1859 826 1923 pro
856 1833 989 1915 ὀδόντες
1017 1848 1129 1903 natum
1156 1849 1260 1925 putat,

151 1942 241 2028 quod
271 1938 389 2028 probat
416 1937 617 2006 Doederlein
642 1937 676 2001 in
703 1937 813 2004 Gloss.
845 1938 872 2002 I.
900 1939 952 2004 27.
989 1939 1048 2004 sed
1077 1939 1262 2026 exemplum

150 2043 247 2131 hujus
268 2062 459 2130 paragogae
483 2037 673 2123 ἐδιυ-ἐδόνη
697 2039 820 2104 nullum
838 2040 986 2127 apponit.
1020 2040 1260 2107 Alteriussub·

151 2146 281 2213 stantivi
303 2145 385 2210 duas
408 2164 524 2208 causas
547 2140 702 2218 efferunt3
729 2136 799 2209 ὀπδ
830 2147 890 2208 τοῦ
919 2143 1006 2226 νέμω
1037 2144 1148 2227 γέγονε
1175 2141 1262 2224 νόμα

151 2246 314 2315 καὶκατὰ
342 2242 552 2326 πλεονασμόν
581 2238 687 2326 ὄνομα
718 2240 940 2309 Choerobosc.
963 2242 1043 2310 Can.
1069 2243 1142 2309 368.
1166 2242 1260 2326 παρὰ

150 2348 188 2414 τό
214 2350 301 2430 νέμω
322 2343 407 2429 νόμα
430 2343 486 2409 καὶ
507 2341 662 2430 προςόδηι
686 2331 782 2410 rodo
806 2338 912 2430 όνομα
928 2346 966 2411 τό
987 2342 1262 2428 ἒπιμεριζόμενον

152 2445 280 2535 ἑκάστῳ
305 2445 360 2512 καὶ
382 2444 479 2526 νέμον
500 2442 560 2532 την
583 2444 750 2530 σημασόαν
769 2444 880 2532 Epim.
903 2446 931 2512 I.
953 2442 1026 2544 3-27.
1039 2477 1042 2483 ·
1055 2448 1173 2514 dicitur
1193 2467 1261 2513 no-

33 2601 35 2608 .
149 2570 231 2617 meo
252 2550 301 2615 υελ
322 2566 342 2612 o
362 2566 484 2630 praeco,
507 2548 591 2628 quod
613 2557 656 2611 est
675 2542 760 2628 νόμα
783 2560 810 2613 ιι
831 2551 953 2632 adjecta
973 2575 991 2617 ο
1014 2541 1121 2628 ὀνομα
1144 2550 1262 2614 dictum

150 2671 172 2718 σ
193 2651 356 2718 tribuendo
379 2650 461 2730 ηιιοδ
481 2647 589 2724 νέμειν
608 2649 725 2724 dicunt,
746 2649 794 2712 υελ
811 2653 903 2731 quusi
918 2663 1073 2716 colomeo.
1100 2648 1259 2714 Priscian.

149 2752 178 2818 Ι.
200 2752 231 2829 5,
255 2751 305 2816 70.
347 2749 469 2816 Nomen
491 2746 623 2832 quidem
647 2769 666 2810 a
686 2769 787 2812 nosco
812 2747 991 2816 derivatum
1012 2761 1062 2816 cst
1082 2752 1141 2816 sed
1164 2750 1260 2836 hujus

149 2851 240 2920 verbi
267 2849 464 2940 principium
492 2849 621 2915 videtur
642 2848 785 2936 priscum
810 2863 842 2916 et
865 2851 1031 2919 insolitum
1052 2850 1127 2920 νόω.
1170 2854 1260 2919 Huic

219 3087 247 3157 1)
260 3085 378 3143 Ὁπόσον
394 3105 438 3160 ap.
455 3087 601 3144 Demosth.
621 3086 649 3143 in
668 3084 889 3160 interrogatione
903 3086 1011 3143 directa
1021 3085 1143 3158 positum
1156 3087 1260 3146 Sohae-

148 3173 224 3231 ierus
237 3175 311 3246 App.
327 3174 363 3229 T.
376 3174 411 3229 V.
426 3178 484 3230 285.
500 3175 529 3229 in
543 3171 632 3231 πόσον
641 3181 744 3243 mutat;
758 3184 852 3230 cetera
859 3173 942 3244 hujus
953 3173 1124 3229 confusionis
1133 3176 1261 3248 exemplu

150 3278 223 3331 quac
239 3263 275 3314 ad
288 3259 355 3314 Phr.
370 3264 410 3314 57.
426 3260 521 3326 attuli,
539 3259 696 3316 Graecitati
716 3259 838 3316 citeriori
852 3259 974 3332 assignat
992 3260 1067 3314 forte
1081 3261 1184 3315 oblitus
1196 3260 1260 3315 Pu-

150 3344 306 3400 tonicorum
320 3345 454 3410 locorum,
473 3345 500 3397 in
514 3345 616 3415 quibus
629 3336 758 3415 ὁπότερος
770 3363 823 3416 pro
836 3343 949 3417 πότερος
960 3345 1065 3415 legitur
1076 3364 1102 3400 v.
1118 3345 1266 3401 Heindorf

152 3430 188 3483 ad
200 3429 287 3499 Lysin
296 3447 324 3501 p.
338 3432 381 3482 25.
396 3427 453 3483 sinc
466 3429 524 3483 nlla
537 3431 620 3484 codd.
639 3426 813 3484 dissensione
829 3440 912 3502 utque
923 3449 957 3485 eo
969 3440 1101 3487 contextu
1111 3433 1261 3486 verborum

151 3512 265 3568 utratio
278 3532 295 3567 a
307 3513 463 3568 Fritzachio
483 3515 600 3578 Quaest.
612 3514 729 3569 Lucian.
748 3533 776 3586 p.
798 3517 855 3570 tro.
877 3517 945 3571 inita
964 3517 1070 3571 admitti
1090 3536 1147 3572 non
1165 3516 1261 3590 possit

151 3595 294 3669 Euripidis
306 3596 493 3654 testimonium
505 3600 590 3654 Rhea.
606 3602 663 3655 702.
677 3600 743 3654 mihi
752 3601 890 3655 subtraxit
899 3602 1038 3657 editorum
1048 3603 1261 3657 novissimorum

152 3680 304 3750 correcti03
328 3699 380 3753 pro
399 3681 482 3738 ὁποῖα
500 3685 570 3740 Plot.
590 3685 652 3740 Alc.
672 3686 693 3740 1.
715 3688 771 3739 112.
802 3687 833 3741 F.
853 3691 930 3759 quod
950 3691 1136 3744 Buttmannus
1157 3696 1261 3754 tuetur,

151 3768 285 3824 successit
302 3775 378 3824 ποῖα.
408 3766 548 3824 Ὁππόδεν
567 3773 601 3825 ab
621 3772 745 3828 Homero
762 3791 819 3828 nou
840 3773 946 3829 directe
963 3775 1086 3848 positum
1106 3792 1167 3831 esse
1188 3775 1262 3830 Har·

151 3873 268 3911 mannus
286 3853 393 3909 monuit
412 3857 447 3908 od
466 3857 532 3910 Eur.
552 3856 654 3911 Bacch.
671 3859 728 3912 555.
748 3877 840 3931 neque
859 3879 912 3931 ego
932 3880 966 3916 eo
985 3880 1050 3917 usus
1068 3879 1128 3917 sum
1141 3860 1159 3914 l.
1174 3879 1197 3916 c.
1211 3863 1262 3915 sed

151 3940 237 3997 utitur
255 3940 420 4010 Bernhardy
440 3940 517 4011 Synt.
531 3945 590 3995 111.
612 3941 777 3997 sententiam
799 3945 864 3997 mihi
882 3945 1008 4001 tribuens
1025 3965 1042 4000 a
1059 3964 1103 4001 me
1116 3946 1260 4018 rejectum.

151 4029 252 4083 Anatis
265 4028 339 4082 addo
353 4022 427 4088 ὅπως
440 4029 521 4080 ταῦτα
534 4024 652 4089 δοξάζεις
664 4027 713 4090 κάξ
726 4027 806 4093 dioc,⁸
827 4027 960 4084 Philostr.
975 4030 1009 4086 V.
1025 4034 1079 4104 Ap.
1096 4031 1145 4086 VI.
1160 4033 1185 4097 ³,
1200 4033 1260 4086 23¹.

151 4113 229 4182 ἔσχες
240 4115 269 4166 δὲ
285 4110 374 4167 πόθεν
388 4109 403 4180 ἢ
416 4110 503 4178 ὁπιυς;
517 4111 629 4165 Heliod.
645 4112 691 4167 lV.
707 4116 745 4177 11,
761 4117 816 4166 151.
834 4111 899 4166 ἀνθ’
923 4113 985 4170 ὅπου
1004 4119 1132 4191 dodoni,-
1152 4115 1259 4172 Julian.

151 4198 204 4269 Ep.
218 4197 293 4251 LIX.
307 4201 365 4253 119.
380 4202 449 4266 οἵην,
462 4197 532 4268 γαῖ’,
546 4196 706 4267 ὀμηέχιιυις
719 4195 857 4269 aroniim
871 4199 955 4256 Anth.
970 4202 1031 4258 VII.
1049 4206 1107 4257 1111.
1122 4221 1174 4276 pro
1190 4210 1260 4261 τίνα.

151 4282 290 4341 Δτὶειεευ.
302 4284 339 4337 ΙΙ.
354 4285 397 4338 23.
414 4283 450 4346 ὠς
461 4289 529 4339 εἴπω
542 4285 683 4354 quomodo
699 4282 809 4338 dicum?
