2736 4778
315 331 379 396 nn
404 330 693 397 namurensi.
738 330 778 397 c.
801 332 846 397 11.
879 336 905 417 ς.
930 335 960 399 1.
1121 337 1196 409 soa

78 510 102 587 ο
126 520 265 607 accipiat
292 517 428 605 longnrm
460 514 616 601 καιρώεις
643 528 680 581 ut
706 513 837 597 ὠτοέις.
881 521 914 583 A
935 517 1092 599 κοιροὶεος
1117 541 1195 585 vero

78 622 295 708 proficiscitur
323 617 557 705 καιριοιοσὲων
586 632 618 683 et
645 619 692 683 sie
714 641 735 681 a
755 616 921 683 nonnullis
944 618 1099 705 seriptum
1121 644 1194 687 esse

77 724 198 810 colligo
217 744 258 787 ex
277 720 403 787 scholio
421 716 642 804 Ἀρίσταρχος
659 721 856 805 καιροσέων.
895 714 1146 806 Ἀκροχερσίτης
1166 722 1195 787 si

77 847 96 889 a
118 823 219 890 verbo
239 820 482 907 ἀκροχειρίζειν
504 819 636 885 ductum
656 832 721 896 est,
747 843 808 907 pro
831 808 1033 899 [imsumsit
1051 807 1098 899 ἴε,
1120 844 1195 887 narn

75 918 330 1011 ἆκροχειριστής
358 921 532 987 dic-endum
553 932 637 999 erat,
666 920 768 1008 idque
797 921 1020 989 Schneiderus
1048 922 1083 987 in
1109 922 1196 991 Lex.

74 1026 122 1090 illi
145 1023 409 1089 substituendum
429 1033 538 1110 putat,
570 1034 681 1109 spreta
713 1036 853 1110 quatuor
883 1023 1029 1089 locorum
1051 1026 1195 1091 auctori-

76 1136 160 1203 tate,
181 1126 217 1190 in
238 1124 357 1210 quibus
379 1146 491 1189 omnes
513 1122 586 1189 libri
608 1126 831 1203 consentiunt,
853 1124 1070 1211 neglectaque
1090 1126 1194 1212 signi-

75 1226 239 1292 ficationis
267 1225 464 1302 differentia3
497 1248 572 1290 nam
606 1223 856 1312 ἀκροχειρισταί
887 1248 1001 1291 omnes
1032 1227 1193 1314 appellari

77 1339 217 1415 possunt
242 1328 299 1413 qui
328 1319 449 1411 ἄκροις
476 1334 552 1405 τοῖς
578 1327 673 1410 χερσί
702 1327 844 1411 aliquem
871 1330 1108 1414 aggrediuntur
1133 1332 1194 1398 sed

76 1431 216 1497 athletae
237 1430 294 1508 illi,
316 1428 374 1513 qui
396 1425 634 1513 ἐπιλαβόμενοι
660 1422 770 1514 ἄκρων
793 1432 857 1493 τῶν
877 1431 995 1513 χειρῶν
1015 1434 1074 1494 τοῦ
1091 1424 1199 1497 dnm

71 1536 236 1617 ywrtaenori
271 1526 388 1609 ἔκλων,
428 1551 509 1617 prae
541 1528 658 1594 ceteris
696 1527 802 1593 vocati
839 1537 916 1591 sunt
947 1522 1191 1615 ἅκροχερσῖται.

75 1631 178 1713 Quod
203 1652 324 1697 nomen
354 1632 382 1695 si
411 1631 518 1696 minus
551 1630 593 1694 ad
622 1628 869 1716 proportionem
896 1627 1089 1715 respondet,
1123 1650 1192 1695 ser·

73 1733 180 1798 monis
202 1733 386 1820 palaestrici
402 1731 591 1797 necessitati
606 1730 861 1796 condonandum
876 1730 1014 1795 videtur.
1038 1730 1194 1797 Similiter

73 1834 229 1900 conhasae
251 1847 328 1899 sunt
350 1832 496 1918 syllabae
515 1822 549 1899 ἶι
569 1844 601 1897 et
618 1822 660 1899 H
681 1832 715 1898 in
737 1830 897 1917 Hesychii
923 1832 1036 1917 glossa
1054 1830 1193 1913 χθόῖνος

76 1937 130 2002 καὶ
159 1931 299 2017 χθόνιος
325 1932 438 2021 γήινσς
465 1933 630 2020 ἐπίγειος,
663 1958 729 2020 quo
754 1956 852 1999 sensu
873 1932 986 2013 χοϊκός
1009 1932 1074 1998 dici
1096 1934 1190 1999 solet.

72 2039 128 2101 Ex
154 2036 363 2124 Asclepiadis
394 2034 570 2112 sententia,
601 2036 658 2118 qui
687 2034 823 2119 ὄίκροος
851 2056 926 2097 cum
955 2031 1055 2116 κόρος
1083 2034 1118 2097 id
1144 2047 1195 2100 est

72 2136 198 2215 κλάδος
219 2137 438 2224 compositum
461 2136 586 2222 putauit
605 2136 685 2201 EM.
697 2134 770 2211 276,
787 2134 839 2201 26.
858 2134 952 2199 litera
967 2134 1028 2200 rho
1047 2137 1192 2203 vocalem

74 2238 321 2305 antecedentem
350 2250 556 2323 transgressa
585 2249 662 2313 cst;‚
684 2237 743 2301 sed
769 2237 824 2301 alii
852 2237 914 2301 alia
935 2236 1082 2305 suadent.
1127 2245 1190 2307 Ae-

74 2334 197 2418 ,τλόσς,
217 2338 382 2424 τριπλόος
402 2338 549 2404 nonnulli
572 2338 746 2423 syntheton
769 2359 841 2404 esse
863 2349 1042 2404 statuerunt
1062 2354 1100 2404 ut
1120 2338 1190 2407 oio-

75 2441 199 2519 οόλος,
231 2433 300 2507 dravi
328 2444 388 2505 aori
414 2440 466 2517 δίς
489 2441 544 2506 καὶ
566 2439 658 2506 πέλω
678 2442 758 2505 ΕΜ.
781 2439 854 2515 278,
876 2441 929 2505 42.
958 2441 1017 2505 sed
1042 2439 1192 2508 Chaero-

73 2540 196 2607 boeeus
223 2538 305 2607 Can.
335 2540 415 2619 245,
446 2542 496 2606 17.
533 2541 725 2628 prudentius
757 2541 960 2628 simplicibus
991 2543 1191 2609 adnumerat.

73 2643 142 2709 Vix
163 2652 345 2707 memoratu
367 2642 503 2727 dignun
527 2642 623 2708 illud:
645 2644 738 2726 ,ταρὰ
759 2643 819 2721 τὰς
838 2648 955 2727 χεῖρας
975 2642 1114 2732 ζαχερής
1135 2648 1191 2710 κοτ’

74 2744 256 2827 ὑπερθέσει
283 2742 422 2828 ζαχρεορς
443 2744 498 2809 καὶ
526 2741 676 2831 ζαχρειής
695 2744 774 2809 ΕΜ.
799 2744 873 2821 408,
896 2745 949 2809 30.
972 2745 1050 2812 seh.
1075 2746 1190 2832 Apoll.

75 2842 219 2908 1.1159.
271 2843 434 2908 Ponderis
462 2866 576 2930 pamm
604 2844 702 2911 habet
731 2845 891 2930 Hesychii
921 2847 1032 2931 glossa
1057 2844 1191 2933 'Epotp'r

74 2940 208 3030 ἑορτήν,
235 2944 294 3009 sed
317 2946 394 3010 satis
415 2958 530 3010 notum
552 2955 601 3009 est
624 2943 745 3029 ἔροτις,
768 2947 810 3011 de
832 2969 899 3031 quo
921 2947 998 3013 Sch.
1020 2950 1064 3013 A.
1089 2948 1133 3011 ad
1152 2948 1191 3012 Il.

74 3046 118 3109 V.
140 3042 213 3109 299.
235 3045 275 3109 τὸ
298 3041 375 3113 silai
398 3042 575 3123 tradedirit
599 3049 658 3109 τοῦ
681 3039 776 3121 dame
805 3072 825 3111 n
843 3046 958 3110 ολικοῦ
987 3066 1092 3133 paor·
1122 3054 1194 3123 τοῖς

75 3146 137 3229 γὰρ
166 3130 261 3233 sich
291 3144 494 3231 τισράκειιοι
524 3142 573 3221 εἷς
597 3131 630 3221 a}
655 3138 700 3220 ὡς
728 3140 827 3232 ἑορτή
855 3146 911 3209 καὶ
941 3141 1051 3232 ἕορτίς
1077 3145 1132 3211 καὶ
1159 3146 1193 3209 εἰ·

77 3244 259 3331 ὑπερθέσει
295 3244 404 3329 ἔροτις
434 3257 532 3330 atque
568 3242 631 3309 hoc
659 3244 853 3310 Eustnthius
881 3245 955 3325 381,
982 3247 1013 3312 6.
1047 3247 1192 3313 attulisse

75 3346 203 3411 videtur
230 3369 298 3412 non
330 3346 454 3431 ἔοριις,
482 3348 572 3432 quod
599 3368 733 3433 prorsus
761 3347 950 3414 inusitatum
978 3371 1008 3414 v.
1035 3349 1126 3416 Gies.
1150 3350 1192 3415 de

74 3446 165 3513 Dial
195 3448 278 3513 aeol.
312 3473 345 3535 p.
376 3449 450 3515 286.
499 3450 544 3515 Et
572 3449 607 3512 in
638 3449 724 3514 omni
753 3449 814 3515 hae
838 3450 936 3537 copia
959 3450 1191 3537 exemplorum,

75 3570 160 3632 (puae
179 3548 389 3615 Grammatiei
408 3550 450 3614 ad
470 3547 532 3616 hoe
551 3572 657 3637 genus
671 3550 877 3638 hyperthesis
894 3551 1045 3629 releuant,
1068 3554 1192 3619 nullum

75 3661 126 3713 est
152 3651 245 3735 cujus
276 3651 399 3737 duplex
427 3651 553 3738 species
578 3652 669 3738 apud
692 3654 865 3739 scriptores
888 3654 1078 3739 reperiatur.
1123 3656 1191 3725 Sed

74 3751 132 3835 qui
161 3752 338 3837 σιτ-ἱρσγσς,
368 3755 571 3837 ὀτκοὶρογος,
603 3754 811 3839 πενιώρτγσς
836 3754 988 3820 dixemnt
1015 3779 1074 3843 pro
1098 3756 1188 3841 derip-

69 3877 168 3937 Ιρριος
189 3866 250 3918 etc.
272 3876 401 3939 gamma
425 3852 633 3941 diphthongo
655 3855 877 3942 praepositum
895 3855 971 3922 huic
991 3870 1190 3943 postposue-

73 3967 150 4017 runt
173 3954 333 4032 detracto,
361 3965 397 4018 ut
421 3954 610 4041 oportebat,
642 3956 719 4021 iota.
763 3957 950 4023 Simonides
975 3958 1003 4021 si
1025 3957 1190 4021 homerico

72 4055 235 4139 adjectivo
264 4055 536 4138 κοστοορώρτιος
562 4057 687 4121 allinxit
712 4057 902 4124 femininum
925 4058 1189 4137 suaaonpaieeoe,

73 4178 252 4222 consonam
283 4156 476 4243 praeposuit
508 4156 734 4244 diphthongo,
767 4160 826 4224 sed
856 4159 1018 4243 scriptura
1049 4180 1115 4223 non
1144 4158 1191 4223 ita

74 4269 257 4322 contestata
274 4270 321 4321 cst
338 4270 372 4321 ut
389 4256 512 4321 nullum
528 4257 720 4322 dubitationi
738 4259 844 4322 locum
860 4256 1021 4341 relinquat
1031 4280 1060 4323 v.
1072 4259 1190 4325 Parall.
