2736 4778
172 325 250 401 676
363 376 369 387 .
403 379 408 388 .
459 316 783 388 DISSERTATIO
801 316 848 383 Π.
891 317 939 384 1².
954 315 1002 384 Π.

170 504 319 597 θήσεται
346 501 426 574 sch.
451 504 492 570 11.
515 505 560 570 l„
586 504 632 571 ad
652 503 693 570 Il.
715 503 814 571 XIV.
836 501 912 569 387.
941 500 984 569 τὰ
1009 496 1060 580 είς
1089 489 1123 580 ἐξ
1149 493 1295 581 obitam

172 605 260 691 ὑπὲρ
287 604 368 686 μίαν
395 604 561 692 συλλαβὴν
582 603 641 671 διὰ
662 609 722 672 τοῦ
742 594 804 682 {r}
825 600 971 670 κλίνεται
992 600 1068 680 δαίς
1093 601 1211 680 dolone
1234 598 1296 668 καί

172 706 261 776 κατὰ
285 704 457 794 σογιιοπην
477 710 536 793 τῆς
554 694 605 771 df
629 703 670 772 ἐν
696 705 769 772 δαῒ
794 706 926 793 λυγρῇ
959 703 1070 790 Epim.
1092 702 1121 768 1.
1148 701 1293 786 11511)

174 809 232 897 qui
258 829 424 895 syncopae
449 806 583 872 nomine
609 828 784 894 apocopen
810 805 991 892 signifieat3
1020 825 1129 890 nsque
1154 802 1224 883 alia=
1239 812 1295 868 est

172 912 339 996 ratioque
357 908 519 974 anomalia
536 907 634 994 hujus
650 908 741 975 vocis
763 908 920 994 explicari
936 907 1044 995 possit
1059 929 1090 971 v.
1104 905 1225 972 Parall.
1236 903 1292 971 89.

173 1013 307 1083 sodex
329 1010 459 1077 duobus
480 1009 625 1077 consiliis
647 1031 732 1095 quse
751 1007 1005 1076 Choeroboscos
1026 1005 1184 1097 proponit
1205 1004 1293 1073 Can.

173 1114 249 1182 416.
276 1107 443 1201 ὀιχομὴνῳ
476 1110 535 1178 καί
568 1112 653 1179 κατὰ
680 1109 926 1195 μεταπλασμὸν
954 1109 1123 1197 ὄιχόμηνι·
1152 1101 1294 1175 δίναισι

175 1213 214 1284 δέ
235 1212 292 1280 καί
311 1206 383 1280 ἀπὸ
410 1216 471 1279 eoi
496 1209 667 1300 διχόμηνις
686 1207 824 1290 εὐθείας
849 1207 1036 1298 διχομήνιδι
1060 1207 1118 1277 ναί
1138 1211 1292 1296 σογιιοπῇ

173 1321 235 1385 τοῦ
255 1306 279 1381 d
299 1303 637 1399 καὶῖ*1)“διχόμήνι
666 1313 833 1399 praevalet
855 1311 962 1399 prius,
984 1332 1178 1396 quanquam-
1191 1308 1294 1374 etiam

175 1411 313 1502 διχόμην
337 1415 372 1481 in
394 1414 585 1482 nominandi
606 1437 685 1481 casu
709 1414 774 1480 diei
801 1413 953 1499 analogia
978 1434 1046 1477 non
1066 1409 1291 1500 prohibet-cl.

173 1517 295 1584 Parall.
319 1517 391 1582 171.
423 1527 457 1582 et
484 1515 556 1582 195.
599 1515 816 1583 Accusativus
847 1513 932 1603 νίφα
962 1513 999 1578 in
1031 1514 1179 1599 ejusdem
1206 1511 1293 1578 Can.

174 1642 209 1707 p.
233 1617 310 1696 118,
338 1617 389 1683 10.
418 1639 590 1705 apocopae
616 1618 814 1695 vindicatur,
845 1625 924 1703 post
952 1637 1030 1681 vero
1057 1615 1135 1694 410,
1162 1613 1216 1680 25.
1244 1613 1293 1681 ob

175 1718 421 1785 anabibasmum
435 1729 588 1784 accentus
604 1740 780 1806 syncopae,
797 1740 936 1805 quorum
950 1727 1101 1784 nentium
1117 1739 1203 1805 opus
1216 1738 1294 1784 esse

177 1822 396 1889 demonstravi
414 1821 450 1886 in
466 1821 587 1887 Parall.
600 1820 672 1885 114.
701 1817 827 1905 Φρόνιν
847 1815 866 1888 ὁ
884 1819 945 1905 μέν
962 1817 1176 1903 Ἡρωδιανὸς
1193 1816 1295 1906 παρὰ

175 1927 236 2011 τῆν
266 1917 429 2011 φρόνησιν
461 1921 547 1989 κατὰ
578 1916 765 2009 συγκοπήν·
797 1917 816 1988 ὃ
846 1922 884 1990 δέ
907 1916 1009 2006 Ὦρος
1038 1920 1076 1987 ἐκ
1103 1924 1177 1988 τοῦ·
1194 1915 1295 2008 φραίν

176 2018 303 2113 φρονός
328 2020 447 2112 φρόνις
469 2025 550 2091 ΕΜ.
573 2023 650 2102 800,
674 2022 728 2088 48.
756 2018 795 2090 οὗ
823 2019 911 2092 πάνυ
938 2022 1039 2111 δῆλον
1065 2016 1133 2088 είσι
1155 2015 1293 2105 πρωτό-

174 2147 280 2190 τοπον
308 2121 347 2189 τὸ
382 2123 502 2212 φρόνις
532 2121 554 2214 ἢ
586 2126 811 2210 συγκέκοπται
843 2119 881 2189 ἐκ
912 2127 973 2190 τοῦ
1004 2117 1165 2212 φρόνησις
1194 2122 1293 2191 Eunt.

177 2224 271 2302 1465,
293 2224 347 2289 42.
393 2224 478 2306 Quis
504 2247 581 2292 vero
608 2226 671 2291 sibi
694 2224 892 2312 persuadeat
919 2228 1053 2312 φρονεῖν
1075 2233 1108 2288 et
1128 2219 1295 2312 φρόνιμος

176 2322 218 2391 ab
234 2325 420 2392 accusativo
437 2348 582 2414 syncope
600 2337 750 2393 contacto
765 2325 857 2391 nasei
875 2325 1023 2412 potuisse
1041 2344 1080 2390 ao
1096 2346 1164 2390 non
1179 2324 1293 2412 potins

175 2427 337 2493 concedat
362 2425 482 2517 φρόνις
504 2440 536 2493 et
558 2427 695 2517 φροντίς
718 2427 772 2492 via
794 2427 937 2513 quadam
966 2426 1123 2513 singulari
1151 2426 1294 2492 deducta

143 2596 145 2603 ,
175 2550 249 2594 esse
271 2550 291 2593 a
312 2528 476 2614 primitivo
499 2528 596 2618 φρήν,
619 2528 710 2613 quod
731 2528 840 2615 ipsum
861 2527 941 2593 nulli
962 2549 1153 2614 graecarum
1174 2550 1293 2595 vocum

176 2629 398 2716 comparabile
421 2641 479 2695 est.
523 2629 733 2696 Incredibilia
752 2640 863 2695 narrat
883 2629 993 2716 Epim.
1011 2630 1039 2694 Ι.
1060 2629 1113 2695 46.
1132 2625 1294 2708 Ἡσίοδος

91 2720 95 2739 “
175 2728 214 2796 τὸ
237 2724 380 2815 πρόκριν
401 2729 495 2814 παρὰ
520 2730 558 2798 τὸ
582 2728 690 2815 κρίσις
711 2730 893 2817 πρόκρισις
915 2728 1097 2815 πρόκρισιν
1122 2729 1180 2797 καί
1206 2729 1294 2798 κατὰ

175 2829 347 2914 σογιιοπην
368 2827 520 2917 πρόκριν,
544 2832 604 2896 sed
626 2855 714 2898 error
736 2833 821 2898 clare
843 2831 989 2918 arguitur
1005 2853 1024 2894 a
1041 2831 1290 2898 Schneidewino

176 2952 231 3017 ap.
253 2928 465 2996 Marksolreff.
488 2932 530 2997 ad
553 2935 635 2999 Hes.
656 2934 712 2999 Fr.
735 2958 768 3020 p.
790 2934 864 2999 321.
890 2931 1077 2997 Hesiodum
1098 2933 1185 2999 enim
1203 2933 1291 3000 Pro·

177 3031 276 3097 cridis
306 3053 427 3096 nomen
459 3055 479 3097 a
508 3034 684 3122 προνρίσει
720 3034 852 3099 duxisse
881 3035 972 3119 quod
1002 3057 1103 3099 unum
1135 3057 1153 3100 e
1181 3035 1293 3122 procis

177 3133 321 3218 elegerit.
353 3129 407 3198 Ἐκ
424 3139 484 3201 τοῦ
503 3133 677 3224 ἐπίκλησιν
694 3133 732 3201 τὸ
752 3134 890 3223 ἐπίκλην
905 3133 1075 3223 ἐπίρρημα
1095 3131 1295 3204 intumum

176 3232 366 3316 συνέκοψαν
396 3233 428 3300 oi
458 3228 542 3318 μεθ’
569 3231 718 3320 Ὅμηρον
748 3237 842 3301 Euat.
868 3235 966 3313 1053,
993 3235 1045 3300 28.
1079 3237 1136 3300 sed
1169 3245 1295 3302 mutina

177 3335 338 3401 sententia
361 3334 453 3412 1255,
478 3335 528 3399 15.
551 3333 591 3402 τὸ
613 3334 750 3421 ἐπίκλην
772 3337 937 3420 σογνοπέν
958 3335 995 3403 ἐν
1016 3339 1075 3403 τοῦ
1098 3332 1291 3424 ἐπινληδην,

177 3447 292 3503 contra
314 3457 399 3519 quae
426 3435 489 3499 alio
513 3435 588 3500 loco
615 3433 843 3522 disputabitur.
894 3438 991 3501 Nunc
1020 3458 1204 3524 percurram
1229 3461 1292 3504 no·

176 3537 265 3602 mina
280 3537 414 3622 pluralis
431 3537 566 3603 numeri.
602 3535 734 3601 Bibrevi
753 3537 834 3621 κρέα
851 3560 917 3602 non
935 3548 1082 3622 quartam
1097 3549 1130 3602 et
1146 3537 1293 3623 quintam

176 3639 302 3703 literam
318 3639 377 3702 sed
394 3639 474 3703 duas
490 3649 672 3725 postremas
689 3635 814 3701 ablatas
830 3659 901 3702 esse
918 3640 1127 3703 consentiunt
1142 3650 1294 3705 auctores

176 3759 278 3825 supra
300 3738 377 3803 dicti
398 3739 438 3803 P.
458 3740 485 3803 Ι.
509 3760 536 3805 c.
555 3739 582 3803 I.
605 3741 630 3823 ᾗ.
647 3737 678 3802 5.
723 3737 792 3811 Sed
813 3737 971 3804 dubitatio
990 3740 1052 3804 fuit
1072 3741 1113 3806 de
1138 3733 1202 3830 ἦρα
1224 3741 1293 3805 sive

179 3834 443 3926 ἐπίηρα-ἔστι
467 3838 562 3924 παρὰ
585 3837 622 3904 τὸ
649 3835 715 3924 ἐραν
734 3836 840 3926 (ἐρῶ)
867 3837 984 3925 ἐρανον
1007 3840 1063 3908 καί
1088 3839 1151 3925 ἔχω
1174 3834 1295 3925 λίχανον

247 4012 291 4079 30)
310 4010 496 4064 Buttmannus
519 4009 542 4075 5.
558 4008 600 4059 56.
618 4006 693 4060 Ado.
713 4008 738 4059 8.
758 4009 794 4061 ad
815 4007 976 4079 synaeresin
997 4009 1138 4064 aberravit
1156 4012 1292 4080 deceptus

177 4114 265 4168 pravo
283 4103 401 4151 accentu
420 4094 507 4149 dativi
525 4090 608 4149 ἅπολι
623 4109 672 4176 ap.
687 4093 794 4177 Herod.
815 4094 863 4165 qui
881 4113 955 4149 nunc
973 4105 1114 4150 correctus
1134 4103 1186 4150 est.

247 4183 294 4252 31)
308 4182 439 4239 Scribere
453 4182 551 4238 debuit
568 4184 615 4237 τοῦ
629 4203 638 4234 ι
655 4184 702 4235 καὶ
717 4182 748 4236 o·
764 4197 829 4236 nam
842 4182 1012 4253 desyncope
1025 4182 1155 4237 hocloco
1169 4181 1295 4253 loquitur

179 4283 236 4322 non
255 4270 291 4324 de
309 4286 445 4342 apocope.
