2736 4778
155 312 169 332 ⁸
216 363 274 431 nn
298 363 543 445 srnnnnnsr
565 363 765 474 nmnnnsr
785 371 845 432 ειε
877 364 966 436 an
988 364 1063 434 cu
1080 366 1149 451 ss.
1204 365 1244 436 οι

129 527 290 608 παλίωξις
319 530 386 596 iota
415 529 510 610 longo
542 533 671 611 propter
704 529 809 594 crasin
842 533 906 594 τῶν
940 526 1000 596 δύο
1022 532 1063 598 Ἡ
1092 528 1244 595 Choerob.

129 629 217 698 Orth.
240 629 313 698 als.
338 632 365 696 1.

213 734 376 799 Hactenus
388 734 427 801 de
439 735 626 800 nominibus.
670 733 708 798 In
730 733 870 814 optativo
881 729 1086 820 ἀποφθίμην
1096 738 1131 798 et
1142 738 1245 821 φθῑεο

128 837 194 902 iota
216 837 302 902 modi
322 838 417 903 huius
439 838 731 904 characteristicum
753 837 812 901 sub
834 836 1004 902 thematico
1026 837 1091 902 iota
1112 837 1159 901 ita
1181 837 1246 902 alte

130 939 296 1020 delitescit,
320 946 357 1006 ut
367 960 527 1025 nunquam
543 943 790 1023 inconspectum
811 939 977 1005 veniat-
991 938 1145 1022 Regulam
1155 940 1248 1007 vitiat

128 1042 259 1107 verbum
280 1044 470 1110 imitativum
493 1033 609 1128 ἰΐζειν,
631 1064 694 1127 quo
715 1043 917 1108 Dioscorides
938 1061 1016 1109 usus
1038 1048 1090 1109 est
1110 1041 1245 1109 fortasse

126 1145 341 1228 ambiguitatis
363 1147 511 1214 vitandae
534 1166 638 1227 causa,
662 1147 737 1229 quia
754 1145 838 1228 ἵζειν
860 1152 893 1212 et
911 1142 1013 1228 ἰάζειν
1027 1147 1187 1212 diversum
1198 1148 1246 1213 in·

128 1250 289 1316 tellectum
300 1249 419 1316 habent
430 1250 553 1335 {1283}
578 1250 790 1316 Certamvero
801 1255 834 1314 et
849 1250 1124 1332 inexpugnabilem
1136 1251 1245 1316 sedern

128 1352 207 1419 haec
229 1353 376 1435 epallelia
395 1354 494 1420 habet
519 1355 552 1420 in
574 1353 734 1419 vocabulis
750 1352 954 1454 ouibusdam
976 1372 1057 1435 quae
1080 1373 1151 1421 cum
1173 1361 1246 1437 par·

128 1456 212 1521 tibus
234 1457 387 1556 oratipnis
419 1457 692 1524 indeclinabilibus
726 1458 898 1538 composita
928 1462 1015 1536 sunt,
1048 1459 1184 1539 primum
1206 1459 1246 1524 iis

127 1577 209 1642 quas
231 1561 479 1643 praepositiones
501 1559 557 1629 διό
581 1566 614 1627 et
637 1560 716 1648 περί
736 1561 770 1625 in
796 1560 949 1642 principio
970 1559 1090 1625 habent
1112 1561 1245 1638 διιέναι,

128 1662 309 1747 περιιέναι,
334 1667 512 1749 περιίπχειν
536 1671 609 1744 etc,
632 1682 714 1746 quae
736 1664 872 1730 sermoni
895 1663 997 1729 soluto
1019 1669 1169 1729 consueta
1189 1683 1245 1731 ne·

127 1784 188 1848 que
211 1785 351 1849 unquam
372 1768 502 1834 elisione
524 1768 715 1852 interpolata
737 1772 812 1833 sunt
843 1773 1066 1849 praeterquam
1088 1767 1171 1849 apud
1194 1785 1245 1833 co·
1301 1845 1303 1850 .

126 1870 233 1949 minos,
256 1888 334 1953 qnos
358 1869 530 1957 περιόντες
550 1891 608 1954 pro
632 1867 816 1955 περιιόντες
837 1889 1008 1953 usurpasse
1024 1869 1138 1935 docent
1148 1870 1247 1936 critici

127 1973 221 2054 Angli
243 1973 285 2039 ad
306 1974 401 2056 Vesp.
417 1975 508 2043 1020.
553 1974 591 2041 In
612 1976 803 2057 tragicorum
826 1972 940 2039 fabulis
963 1991 1060 2038 unum
1081 1973 1131 2038 his
1143 1973 1245 2040 simile

127 2077 293 2157 reperitur,
326 2077 383 2142 sed
415 2078 573 2144 nonnullis
605 2082 787 2159 suspectum
810 2081 972 2164 περιιδεῖν
994 2076 1071 2143 Oed.
1094 2076 1129 2142 T.
1154 2075 1245 2142 1505.

126 2176 381 2260 Praepositiones
403 2176 493 2267 ἀμφί
513 2187 548 2246 et
570 2175 644 2246 όνεί
665 2199 728 2245 non
750 2179 851 2262 solnm
873 2201 893 2245 a
913 2182 1015 2262 poetis
1031 2186 1244 2263 amputantur,

127 2301 155 2346 v.
177 2281 309 2348 Elemm.
332 2283 347 2347 I
370 2281 444 2364 290,
467 2285 524 2349 sed
546 2283 657 2363 ubivis,
690 2289 727 2348 nt
759 2274 821 2368 ἦρί
854 2300 977 2364 qnoque
1008 2284 1040 2349 in
1062 2281 1242 2372 ἡμεόιμβος,

126 2384 210 2465 quod
233 2378 306 2451 ant'e
340 2387 420 2452 alias
441 2387 566 2453 vocales
599 2405 707 2452 omnes
734 2403 891 2468 syncopen
913 2390 1054 2467 recusat;
1086 2387 1246 2452 contraria

127 2484 294 2569 διίαμβος,
317 2487 481 2575 τριίππος
491 2488 690 2555 infirmantur
702 2488 841 2553 novitate
853 2494 1016 2555 auctorum
1033 2487 1245 2573 [unissvlll

126 2588 186 2653 C.I
205 2591 264 2674 §.2
286 2590 373 2685 n.¹l].
418 2590 528 2657 Sermo
549 2592 648 2657 civilis
670 2597 862 2674 quantopere
885 2593 1005 2658 abhoc
1027 2593 1243 2675 genereiota·

126 2692 214 2758 cismi
236 2693 419 2775 abhorreat,
449 2714 487 2761 ex
509 2696 729 2762 adverbiorum
751 2697 976 2762 imitativorum
1000 2694 1243 2762 conformatione

125 2797 337 2878 cognoscitur;
359 2818 432 2865 nam
446 2817 543 2880 quum
558 2800 663 2865 omnia
684 2801 749 2865 iota
770 2801 802 2865 in
820 2800 993 2882 penultima
1008 2799 1158 2865 habeant:
1183 2803 1243 2866 όοι-
1346 2850 1348 2854 2

124 2896 223 2985 proti,
248 2900 377 2968 λυδιστί
398 2907 466 2981 eta,
489 2901 584 2982 alpha
606 2898 918 2989 acceperuntlaou',
941 2901 1075 2981 Arucci,
1097 2902 1216 2983 χιαστί.

210 3004 237 3088 §-
260 3002 290 3069 4.
336 3004 375 3075 ὀῖν
400 3005 525 3070 vocales
558 3023 653 3086 quarn
686 3005 776 3072 iacile
810 3006 997 3085 coalescant
1031 3006 1242 3086 promtissime

124 3107 321 3187 cognoscitur
343 3125 381 3172 ex
403 3108 608 3173 substantivis
642 3109 798 3174 secundae
821 3108 1038 3174 declinationis
1070 3108 1242 3191 bisyllabis,

124 3227 205 3290 quae
227 3209 333 3275 nescio
355 3229 417 3292 quo
439 3204 755 3301 auctoredtonadd
777 3216 952 3278 vocantur„
970 3211 1092 3277 Horum
1104 3211 1242 3295 quinque

125 3311 343 3378 subministrat
365 3311 536 3378 Homerus:
571 3311 691 3398 θρόος,
726 3312 812 3395 νόος,
838 3311 952 3397 πλόος,
980 3311 1060 3403 ῥόος
1082 3320 1115 3380 et
1136 3313 1242 3396 χνόος,

124 3432 257 3496 quorum
278 3435 376 3482 unum
411 3417 509 3482 semel
531 3417 624 3483 metri
645 3435 741 3484 causa
763 3419 919 3483 conuaxit
939 3422 1025 3499 νοός,
1049 3418 1146 3483 Attici
1168 3436 1242 3484 vero

122 3517 155 3582 in
178 3536 321 3586 sermone
343 3520 425 3587 civili
447 3538 618 3602 omnesque
641 3528 748 3587 curate
771 3521 943 3587 scribentes
965 3540 1027 3587 non
1055 3521 1111 3587 illa
1132 3521 1242 3603 solum,
1361 3547 1367 3555 ’

125 3620 182 3685 sed
205 3622 300 3687 etiam
322 3627 434 3706 μνοῑς,
457 3627 536 3706 χοῦς
559 3629 592 3688 et
612 3625 683 3704 tria,
706 3643 787 3707 quae
808 3625 1009 3691 Herodianus
1030 3623 1241 3711 Mon.,1d.35

122 3722 206 3788 inter
227 3725 564 3807 perispomenarefert,
588 3731 695 3806 κνοῦς,
716 3732 825 3812 χροῦς,
848 3733 964 3816 (plavis,
986 3728 1102 3794 omisso
1123 3731 1242 3810 gierig,-

122 3830 219 3910 χροός
239 3827 293 3893 ille
304 3828 433 3895 Ionibus
454 3830 580 3910 tribuit;
603 3834 681 3909 νοῦς
704 3830 814 3899 eodem
836 3833 902 3899 loco
925 3833 1068 3899 additum
1088 3833 1243 3897 incertum

123 3935 308 3997 estnomen
330 3933 373 3998 sit
394 3951 435 3997 an
456 3933 649 4005 vocobulum.
694 3934 869 4017 Hesychius
887 3936 976 4002 addit
986 3941 1082 4018 χλοῦς
1095 3941 1128 4000 et
1140 3930 1242 4012 πνόος

122 4051 185 4097 non
208 4040 411 4102 contractum.
455 4035 504 4101 De
515 4037 569 4102 illo
580 4043 687 4104 tamen
697 4037 858 4120 inopinato
880 4039 1047 4105 intercedit
1057 4038 1129 4103 EM.
1142 4035 1238 4103 otti

122 4132 156 4201 τί
178 4133 305 4221 δήποτε
327 4135 407 4224 γόος
429 4137 486 4204 καί
506 4138 602 4220 χλόος
623 4142 669 4227 μὴ
694 4138 832 4228 ἐποίησε
855 4140 1009 4224 yonis-unc*
1020 4137 1241 4228 χλοῦςιόσπερ

123 4241 228 4318 πλοῦς
250 4241 304 4308 καὶ
327 4246 420 4322 νοῦς,·
443 4241 500 4307 sed
521 4243 676 4309 rationem
696 4242 1031 4325 huiusdiscrepantiae
1052 4242 1242 4326 poscendam

125 4360 196 4408 esse
213 4351 323 4427 negat:
346 4345 400 4413 καὶ
423 4345 542 4435 φαμέν,
568 4341 617 4411 ὅτι
642 4346 683 4413 τὰ
706 4343 828 4435 ἀπαθῆ
842 4343 900 4413 οὖν
917 4343 978 4414 εἶσὶ
996 4349 1135 4435 διηνεκῆ·
1159 4346 1243 4415 ὅθεν
