2736 4778
139 335 204 406 nn
224 335 352 405 uuus
375 332 613 404 svucoem
635 330 909 401 sumamus.
936 331 975 401 c.
986 331 1015 399 1.
1032 335 1057 420 r.
1068 332 1097 399 1.
1125 337 1200 412 sse

88 521 141 593 Δό
168 550 190 591 α
210 519 334 606 τειχίον
354 523 438 586 Hes.
459 520 581 606 migrat
599 519 745 606 regulam
766 541 796 583 v.
811 519 931 584 Parall.
941 519 1005 586 423
1021 543 1070 607 sq.
1095 524 1201 604 Κιῦμα

90 650 110 691 a
131 551 272 692 tiemate
293 622 385 689 verbi
405 628 521 707 κεῖμαι
542 622 630 686 unde
656 629 767 699 κοῖτος
788 623 896 704 κοιμῶ
917 621 1083 708 κοίμημα,
1112 622 1202 708 quod

91 729 252 794 diversam
268 724 402 819 quidem
417 745 437 787 a
453 726 550 807 κιῦμα
568 722 841 809 significationem
862 720 921 786 sed
943 722 1079 787 eandem
1097 734 1204 790 tamen

92 830 253 916 originem
280 825 389 891 habet.
438 824 652 910 Peregrinum
682 834 733 889 est
764 822 917 889 aromatis
949 846 1086 901 nomen,
1116 824 1205 908 quod

58 942 60 947 ’
91 930 285 997 Herodotus
308 938 340 993 et
356 925 602 1014 Theophrastus
624 922 834 1008 κιννάιιιομον
852 936 985 1005 vocant,
1007 926 1205 1013 posteriores

94 1028 261 1114 κίνναμον.
305 1030 493 1114 Sequuntur
517 1027 661 1114 syllabae
688 1051 736 1106 νε,
762 1054 808 1104 νι,
836 1054 882 1096 νο.
927 1027 1013 1094 Cum
1038 1028 1206 1114 adjectivis

96 1129 244 1207 aeolicis,
276 1152 359 1215 quae
390 1152 410 1194 a
437 1129 587 1216 genitivis
618 1129 744 1194 numeri
776 1129 911 1216 pluralis
941 1142 1013 1195 orta
1045 1129 1206 1211 dicuntur,

94 1222 207 1296 ίίλιων
234 1225 457 1310 ἅλλιίνιος,“
444 1231 566 1315 ετέρων
596 1227 768 1318 ἑτερώνιος
797 1243 857 1296 etc.
902 1230 1182 1298 Grammaticus
1171 1257 1206 1298 m

91 1331 194 1397 Exco.
215 1328 321 1397 Cram.
339 1330 381 1397 Τ.
393 1333 454 1399 lv.
465 1332 539 1397 329.
561 1332 730 1420 componit
750 1326 879 1415 ἀνίμων
899 1327 1079 1416 ἇνεμιίνιος
1100 1330 1205 1401 ἄλλα·

91 1438 151 1514 χοῦ
182 1429 384 1519 (ἀνεμώλιος
412 1433 488 1518 καὶ)
521 1435 730 1517 μεταμώνιος
750 1432 792 1517 ¹).
844 1437 949 1500 Τοῦτο
982 1435 1206 1520 συγκέκοπται

94 1533 184 1616 (scil.
220 1532 257 1600 ἐκ
287 1537 347 1602 τοῦ
378 1531 638 1618 μετανεμαίνιος)
671 1533 707 1600 ιὰ
742 1533 780 1600 δὲ
812 1531 978 1619 πρότερον
1009 1533 1205 1619 τέτραπται.

96 1635 275 1720 Quomodo
309 1658 454 1723 syncope
489 1634 602 1701 evitari
633 1635 754 1722 possit,
791 1647 931 1723 apparet
963 1658 981 1701 e
1009 1636 1110 1702 Proll.
1135 1638 1207 1703 135.

93 1738 286 1804 Proximum
314 1747 364 1802 est
395 1737 458 1803 hoo
486 1736 649 1802 Eustathii
681 1749 897 1802 commentum
924 1736 1140 1826 Πολυποίτης
1170 1737 1208 1806 ἐκ

93 1844 154 1907 τοῖν
175 1838 440 1929 Πολειιοινίτης,
471 1839 561 1924 quod
583 1838 700 1904 eodem
720 1839 754 1904 in
775 1838 858 1904 libro
885 1862 918 1926 p.
938 1839 1012 1904 384.
1035 1840 1208 1927 explosum

96 1951 154 2005 est.
191 1938 347 2025 Sequitur
368 1940 461 2024 παρὰ
483 1944 543 2028 τῆς
561 1933 674 2026 ἠιόνος
696 1944 824 2029 γενικῆς
841 1940 964 2025 γίνεται
987 1936 1129 2027 ἢιοιιίεις
1152 1942 1208 2008 καὶ

95 2041 183 2108 κατὰ
205 2041 374 2128 σογκοιτὴν
395 2036 502 2128 ἦιόεις
520 2041 601 2106 ΕΜ.
618 2041 693 2117 423,
715 2040 767 2105 39.
791 2041 901 2127 Epim.
920 2040 947 2104 l.
972 2041 1021 2116 12,
1042 2042 1094 2105 21.
1139 2042 1209 2108 Sed

95 2143 149 2208 hic
176 2163 308 2227 quoque
337 2140 495 2226 effugium
524 2151 631 2228 patet,
662 2141 753 2226 quod
782 2163 882 2228 supra
911 2141 1039 2207 ostendi
1065 2142 1156 2209 Diss.
1178 2142 1207 2211 Ι.

96 2266 125 2309 c.
138 2244 202 2309 Ill.
220 2245 284 2329 §.L
324 2242 501 2330 Proprium
517 2237 686 2326 Ἀμεινίας
706 2254 830 2307 veteres
852 2244 916 2331 ipsi
940 2244 1062 2332 duplici
1083 2248 1207 2314 ratione

99 2345 254 2432 explicari
268 2368 368 2432 posse
383 2345 524 2410 fatentur
539 2342 633 2430 παρὰ
649 2344 688 2412 τὸ
707 2341 848 2423 ἀμείνων
866 2341 1038 2427 ἀμείνονος
1054 2343 1207 2430 Ἀμεινο-
1299 2372 1303 2379 “

99 2447 170 2526 νίας
191 2448 247 2516 καί
267 2445 437 2530 Ἀμεινίας
463 2443 483 2536 ἢ
509 2443 604 2532 νταρᾶ
628 2445 667 2513 τὸ
692 2445 791 2528 μένος
811 2444 945 2524 Μινίας
969 2447 1028 2512 καί
1050 2445 1209 2530 Ἀμινίας

96 2549 176 2616 ΕΜ.
198 2544 256 2628 62,
278 2550 331 2616 38.
358 2571 420 2614 nec
450 2548 545 2613 facile
574 2546 710 2614 definias
737 2559 810 2612 utra
836 2547 1036 2634 praevaleat,
1068 2570 1144 2614 nam
1177 2560 1210 2614 et

97 2672 242 2738 syncope
264 2661 403 2737 apparet
421 2660 507 2715 certe
528 2649 563 2714 in
585 2650 775 2738 compositis
790 2643 1021 2737 Ἀμεινοκλῆς,
1039 2648 1210 2734 Ειίὁαιμο-
1296 2654 1298 2659 ’

98 2755 178 2839 κιῆς
200 2763 260 2818 etc.
283 2775 312 2818 v.
335 2756 361 2837 ι.
379 2751 409 2817 5.
432 2763 465 2817 et
485 2762 521 2816 ut
542 2774 561 2816 a
581 2754 679 2833 μένος
698 2748 861 2839 Εὐμένης,
889 2751 936 2818 sic
958 2751 1055 2817 etiam
1070 2750 1210 2841 Ἀμένης

98 2852 235 2918 derivari
261 2866 321 2942 pot
308 2853 370 2919 tuit
398 2863 430 2919 et
455 2876 659 2941 paragogum
674 2850 829 2935 Ἀμενίας
851 2854 918 2918 sive
936 2851 1120 2933 Ἀμεινιας,
1150 2853 1210 2920 sed

99 2953 189 3038 quod
207 2954 250 3020 ad
268 2955 421 3020 amussim
439 2956 609 3023 conveniat
625 2978 692 3020 non
710 2954 848 3041 reperio.
894 2953 1046 3038 Syllabas
1066 2980 1102 3041 ρε
1120 2967 1153 3020 et
1169 2983 1210 3043 ρο

99 3055 201 3122 tribus
226 3057 393 3124 vocabulis
422 3058 586 3124 detractae
615 3057 785 3120 dicuntur:
819 3052 949 3133 ἔξαιτον
974 3054 1010 3119 τὸ
1041 3054 1210 3140 ἐξαίρετον

98 3156 184 3224 κατὰ
205 3155 374 3247 σινγκοιιήν
394 3159 478 3225 Lex.
503 3160 544 3224 de
563 3157 676 3245 Spirit.
692 3156 766 3221 218.
789 3154 905 3225 Schol.¹
913 3155 1025 3242 Apoll.
1038 3157 1099 3224 IV.
1117 3156 1209 3224 1004.

100 3260 160 3324 sed
191 3260 255 3326 alio
288 3261 385 3326 vertit
417 3258 528 3327 Schol.
563 3259 631 3328 Od.
661 3258 708 3323 Il.
738 3257 811 3323 307.
849 3257 998 3338 ἐξαίτους
1033 3258 1112 3336 τούς
1147 3256 1209 3338 ἔξω

100 3357 210 3439 αίτίας
244 3358 264 3449 ἢ
296 3362 374 3440 τοὺς
406 3357 655 3453 ἐπιθομητοίς,
695 3352 753 3437 οὓς
785 3357 925 3450 ἐξῄτησέ
958 3384 1025 3440 τις,
1061 3360 1210 3446 interque

99 3460 159 3526 has
191 3463 367 3529 sententias
399 3465 535 3530 fluctuat
564 3461 758 3529 Eustatlrius
792 3463 851 3527 sed
883 3462 1047 3550 plerisque
1080 3465 1210 3551 plaeere

98 3564 180 3629 illud
211 3565 247 3632 ἐκ
275 3569 333 3633 τοῦ
363 3563 576 3653 ἐξαιρεῖσθαι
607 3588 641 3651 p.
664 3563 742 3641 210,
767 3565 799 3629 4.
830 3588 864 3652 p.
886 3566 964 3644 907,
991 3565 1042 3630 64.
1073 3568 1209 3654 pariter·

100 3690 164 3751 que
190 3667 425 3733 substantivum
452 3667 682 3755 interpretatur
710 3665 830 3732 Suidas
853 3663 1002 3756 Ἔξαίτος
1030 3666 1209 3758 ε’ξαιρίτης.

99 3764 193 3834 Haec
231 3768 425 3855 significatio
460 3773 570 3836 eximii
607 3767 759 3835 convenit
795 3769 944 3835 omnibus
978 3770 1074 3848 locis,
1111 3772 1212 3836 altera
1316 3776 1320 3783 ’

100 3870 180 3936 nulli
216 3871 280 3936 nisi
311 3892 377 3958 per
411 3871 654 3937 translationem
689 3892 756 3936 non
791 3870 1043 3940 inverecundam
1079 3872 1212 3958 quidem

99 3971 196 4050 illam,
217 3994 293 4037 nam
314 3972 426 4038 selecti
447 3984 479 4037 et
499 3973 633 4062 expetiti
650 3972 801 4039 notiones
822 3975 1104 4061 conjunctissimae
1125 3982 1210 4036 sunt.

170 4216 198 4285 1)
214 4206 378 4279 Ἀνεμοίνιος
395 4212 526 4269 ficticium
544 4220 587 4267 est
604 4211 704 4284 procul
721 4208 822 4276 dubio,
842 4210 893 4265 sed
913 4226 1064 4266 anemonas
1082 4209 1117 4268 ab
1135 4210 1211 4271 Aco-

100 4300 225 4357 lensibus
246 4295 358 4373 ἀμοίνας
375 4309 488 4356 vocatas
507 4317 568 4354 asse
587 4300 744 4371 Hesychius
762 4300 855 4352 docet.
