2736 4778
193 339 270 413 394
483 334 802 404 DISSERTATIO
825 334 873 401 11.
914 334 956 403 P.
980 332 1019 401 11.

192 516 263 588 άπὸ
283 523 343 587 τοῦ
362 513 531 605 άμίτερον,
553 520 617 586 nisi
640 520 772 608 scripsit
791 520 826 586 id
849 519 939 607 quod
956 520 990 584 in
1012 519 1088 588 Sch.
1100 520 1144 585 A.
1166 519 1307 605 legimns

192 615 265 687 ἀντὶ
287 624 346 687 τοῦ
364 614 532 707 ἡμέτερον,
555 621 656 708 idque
678 621 833 687 adversus
855 624 929 688 illos
948 620 1032 686 dixit
1052 621 1194 706 quinon
1215 622 1306 709 aspi·

191 733 296 787 ratum
319 715 404 805 άμόν
428 743 488 808 pro
511 717 670 808 ἡμέτερον
688 723 884 811 acciperent.
928 723 1083 788 Totidem
1100 732 1211 788 tamen
1231 722 1305 789 lite·

189 844 254 901 rae,
278 833 359 909 quot
381 822 629 909 pronominibus
652 821 740 913 σιγάς
763 836 796 890 et
813 821 907 907 άμάς,
931 823 958 889 si
982 822 1065 889 haec
1081 823 1221 889 concisis
1244 824 1304 889 ad·

188 946 407 1001 numeramus,
429 924 592 989 detractae
613 946 686 990 esse
708 936 888 1002 somonam,
912 924 1030 990 desunt
1050 925 1147 990 etiam
1167 926 1304 1015 proprio

179 1020 408 1115 Ἀμφιάραος,
436 1025 527 1110 quod
550 1026 638 1091 idem
662 1025 716 1091 ille
742 1048 907 1114 syncopae
930 1024 1068 1092 absolvit
1090 1025 1124 1089 in
1146 1026 1229 1092 ΕΜ.
1250 1028 1304 1106 93,

188 1128 241 1192 49.
265 1119 335 1193 άπδ
356 1130 417 1192 τοῦ
434 1119 646 1214 Ἀμφιάραος
660 1120 787 1217 Ἄμφις
807 1124 918 1213 ὥςπερ
946 1120 1154 1212 ἀστράγαλος
1175 1118 1302 1214 δι’σιρις,

185 1220 384 1315 Ἰφίανασσα
399 1219 503 1315 Ἶφις·
525 1232 624 1293 τοῦτο
647 1220 686 1295 ori
703 1226 853 1314 συγκοπὴ
873 1219 960 1292 άλλά
976 1224 1303 1320 μετασχηματισμοί·

189 1320 353 1394 οὐδέποτε
373 1324 435 1413 γάρ
458 1326 607 1415 συγκοπὴ
637 1326 763 1412 γίνεται
789 1326 903 1415 τρίτης
928 1328 1110 1413 σι.·λλαβῖγς·
1132 1321 1303 1413 Ἡρωδια-

187 1425 245 1505 νὸς
265 1424 344 1512 περὶ
367 1432 509 1493 παθῶν·
531 1450 607 1492 nam
627 1427 662 1491 in
686 1423 773 1515 σφός
801 1438 833 1492 et
852 1421 937 1510 ὑμός
962 1438 1049 1493 certe
1073 1428 1195 1493 vocalis
1219 1428 1302 1494 fina-

186 1528 227 1594 lis
250 1539 377 1594 servata
397 1538 456 1606 est,
479 1521 651 1617 ἰιιῖλμφις
669 1551 710 1594 ne
731 1528 814 1594 haec
835 1527 978 1614 quidem.
1023 1528 1092 1594 Sed
1114 1529 1197 1594 haec
1216 1530 1301 1595 ratio

186 1652 254 1695 non
275 1630 443 1717 prohibuit
471 1630 553 1695 alios
582 1630 754 1716 quominus
783 1630 950 1696 nominum
977 1628 1185 1716 propriorum
1210 1650 1301 1695 com-

186 1730 434 1797 miniscerentur
461 1752 623 1817 syncopae
646 1731 802 1798 immanes
833 1742 932 1817 atque
955 1720 1301 1818 intolerandss=³1pss

185 1833 246 1920 τὴν
263 1827 464 1919 Ἰφιγένειαν
492 1831 580 1916 λέγει
605 1836 694 1918 τρεῖς
722 1832 891 1914 συλλαβὰς
916 1827 1089 1899 ἐκκόπτων
1117 1829 1194 1898 Sch.
1216 1830 1301 1916 Lyc.

184 1933 259 1999 324.
281 1930 339 1999 τὸν
350 1924 588 2016 Ἀλκιμέδοντα
610 1931 812 2019 σογκέκοφεν
824 1925 982 2013 Ἄλκιμον
1003 1927 1109 1999 εἰπών
1131 1922 1242 2000 Schol.
1255 1933 1299 1997 A.

185 2034 229 2100 ad
250 2034 289 2101 Il.
312 2032 446 2101 XXIV.
469 2032 542 2098 574.
565 2033 717 2117 quicum
740 2054 907 2119 syncopae
934 2033 1064 2099 nomine
1090 2033 1188 2099 tacito
1210 2055 1302 2099 com-

184 2135 360 2221 prehendit
382 2156 556 2220 apocopen
575 2134 635 2199 sed
656 2134 830 2220 corrigitur
851 2158 871 2199 a
893 2135 1004 2202 Schol.
1017 2135 1088 2200 BL.
1113 2134 1156 2199 ad
1173 2156 1203 2198 v.
1224 2134 1299 2199 477.

174 2226 340 2318 ’Ἀλκιμος
362 2234 446 2300 κατὰ
466 2233 707 2318 μεταπλασμὸν
735 2230 754 2299 ὁ
785 2230 990 2318 Ἀλκιμέδων
1021 2229 1067 2313 ὡς
1099 2231 1302 2311 Μελάνθιος

184 2329 397 2411 Μελανθεύς.
436 2335 629 2400 Eustcthius
649 2333 847 2419 dionymiam
863 2344 968 2401 vocat.
999 2334 1071 2400 Nec
1090 2334 1198 2398 minus
1212 2346 1301 2400 recte

185 2433 373 2523 Stephanus
393 2431 670 2521 Λακεδαιμόνιος
691 2434 820 2520 λέγεται
844 2435 901 2501 καί
922 2433 1009 2503 κατά
1030 2434 1199 2522 σεγκοπὴν
1219 2432 1300 2503 Λά-

183 2558 250 2600 κων
271 2528 318 2612 ὠς
332 2528 591 2618 Ἀπολλόδωρός
612 2556 714 2621 φησιν
736 2528 782 2612 uie
803 2541 860 2603 τοῦ
884 2536 1094 2602 Κυδιονιᾶται
1117 2532 1157 2601 τὸ
1176 2529 1299 2601 Κάδιο-

183 2660 244 2713 νες.
276 2627 392 2701 ’Ἐοικε
414 2633 452 2698 δὲ
473 2634 695 2719 πρωτότιπον
716 2629 801 2702 εἶναι
823 2635 880 2701 καὶ
902 2628 942 2702 οὐ
964 2630 1130 2721 σιιγκοπή·
1152 2633 1241 2712 τινὲς
1261 2633 1300 2701 δὲ

182 2733 221 2801 τὸ
240 2729 370 2799 Λάκιον
390 2728 655 2820 ὑποκοριστικόν.
699 2738 794 2802 Haec
812 2746 947 2801 naturae
961 2735 1035 2821 lege
1054 2736 1195 2800 discreta
1207 2745 1297 2811 sunt3

182 2835 247 2899 alia
256 2834 420 2898 variarunt
433 2846 560 2922 poetae,
580 2839 698 2922 quibus
708 2839 829 2903 Musae
842 2837 1083 2924 omnipotentes
1103 2857 1297 2902 concessere

181 2946 218 3001 ut
243 2936 381 3002 eundem
409 2936 573 3003 hominem
595 2941 695 3006 modo
718 2939 817 3027 Iphin
838 2948 1009 3016 vocarent,
1038 2937 1156 3014 modo,
1186 2938 1214 3001 si
1243 2959 1296 3002 res

180 3038 227 3103 ita
255 3050 422 3124 posceret,
450 3038 625 3124 Iphionem
653 3042 705 3107 vel
726 3039 872 3129 Iphitum
901 3040 952 3104 vel
983 3038 1200 3125 Iphitionem3
1231 3037 1298 3102 alis

179 3139 359 3205 immutavit
385 3142 587 3206 consuetudo
616 3142 785 3229 popularis
817 3139 1004 3228 proceriore
1032 3139 1192 3204 brevians.
1238 3138 1297 3206 Sic

180 3237 394 3307 Ποσειδωνία
426 3239 692 3324 (Ποσειδώνιον,
726 3241 928 3325 Ποσείδιον)
964 3241 998 3304 in
1030 3241 1177 3305 Paestum
1204 3239 1297 3316 abiit,

169 3332 295 3426 ’Ἀργος
308 3338 448 3408 Ἵππιον
472 3341 539 3405 sive
555 3335 767 3428 Ἀργυρίππη
790 3342 957 3428 Appuliae
981 3340 1143 3429 oppidum
1165 3341 1199 3403 in
1216 3343 1298 3423 Arpi

179 3453 212 3506 et
239 3463 359 3506 nomen
385 3440 566 3506 incolarum
589 3435 854 3528 Ἀργνριππανοί
881 3442 915 3504 in
940 3443 1066 3525 Arpini.
1111 3439 1295 3525 Κιμμέριοι

179 3562 199 3605 a
220 3542 384 3607 nonnullis
406 3540 557 3627 Κίμβροι
581 3555 613 3607 et
634 3538 810 3628 Κίμμεροο-
824 3552 980 3607 vocantur
1002 3541 1100 3609 Strab
1119 3542 1197 3608 VII.
1220 3540 1297 3607 293.

171 3637 347 3727 Ἐρασῖνος
370 3643 487 3708 fluvius
504 3639 657 3726 Ἀρσῖνος
677 3640 763 3710 Vssl.
774 3643 847 3708 371.
875 3640 1047 3729 Χοάσπης,
1071 3654 1108 3707 ut
1126 3642 1185 3706 viri
1205 3643 1296 3708 docti

177 3741 395 3828 suspicantur,
417 3744 505 3809 idem
528 3741 623 3831 Χίης
640 3768 670 3808 v.
692 3743 860 3808 Muotzell.
885 3743 926 3807 ad
949 3741 1039 3808 Curt.
1065 3743 1153 3811 tht.
1176 3744 1236 3819 37,
1259 3745 1292 3809 2.

176 3843 572 3910 ChersonesusHeraclea
582 3843 837 3910 transnominata
850 3855 899 3909 est
911 3840 1050 3930 Χεροιάν
1063 3866 1093 3909 v.
1107 3844 1293 3910 Tzachuck.

175 3946 218 4010 ad
237 3946 317 4011 Mel.
340 3944 378 4010 ll.
403 3946 439 4024 1,
461 3948 492 4011 3.
546 3943 613 4010 Τδν
633 3941 864 4012 Μετάποντον
882 3940 915 4010 oi
937 3943 1107 4031 βάρβαροι
1129 3946 1297 4028 Μίταβον

174 4041 313 4114 ἐκάλουν
335 4048 442 4115 Strab.
463 4047 520 4115 vl.
543 4046 616 4111 265.
648 4046 704 4132 qui
729 4068 833 4132 genus
855 4046 1042 4111 universum
1063 4047 1176 4132 signat
1194 4045 1293 4113 XVI.

175 4143 246 4209 785.
271 4144 305 4213 ci
327 4154 393 4216 τῶν
414 4143 585 4232 δνομάτιον
598 4143 830 4229 μεταπτώσεις
842 4147 899 4213 καὶ
910 4143 1058 4231 μάλιστα
1080 4153 1146 4213 τῶν
1158 4153 1292 4231 βαρβα-

174 4249 274 4329 ρικῶν
302 4249 443 4327 πολλαί,
484 4242 643 4329 καθάπερ
675 4246 730 4311 riv
758 4244 908 4335 ,λιιριήκρ
937 4253 1082 4329 Δαρεῖον
1116 4246 1289 4325 ἐκάλεσαν,
