2736 4778
202 349 267 417 DE
288 346 555 419 PROSTHESI
574 345 638 414 ΕΤ
659 345 920 415 APHAERESI.
953 344 992 413 C.
1009 344 1036 413 1.
1070 348 1095 433 ς.
1107 345 1139 414 6.
1177 351 1236 424 ,43

127 537 190 604 dua
210 537 302 626 Opp.
316 538 366 602 11.
390 529 450 604 οὐκ
473 527 543 617 dou
561 536 685 612 μοῦνον
707 526 762 616 ἔην
783 529 902 616 ἐρίδων
923 531 1027 617 γένος,
1050 531 1144 619 quod
1158 533 1236 600 Mo-

126 637 305 727 aohopulus
322 637 462 701 adnotat
477 633 605 722 poetice
620 632 742 698 dietum
760 652 833 698 ease
855 627 927 698 ἀντὶ
946 636 1007 698 τοῦ
1028 632 1071 711 ἓν,
1093 645 1126 700 et
1137 634 1235 701 Pind.

126 738 166 806 P.
178 741 243 807 IX.
256 741 330 807 145.
350 735 385 805 ἐν
401 734 519 819 μόναις
538 731 637 803 «idion
652 755 714 820 pro
734 738 799 822 μιᾷ
816 726 909 798 ιόόῑνι
929 729 1039 798 Sohol.
1054 756 1115 800 neo
1132 737 1236 802 minua

126 865 168 907 ex
185 840 383 927 aequalitate
398 837 562 903 nominum
579 831 654 915 ἑνός
668 847 702 901 et
713 832 833 916 μονάς,
849 843 882 898 et
900 854 919 898 e
937 836 1141 922 eompoaitia3
1161 861 1238 905 nam

125 940 269 1029 ἔνι’γυιος
292 940 409 1006 dieitur
428 951 461 1004 et
479 937 683 1024 μονόγληνος
702 937 858 1003 uuoudua
874 944 908 998 et
921 939 1117 1003 monoculus.
1154 938 1239 1005 Cum

127 1036 194 1121 εἷς,
221 1048 285 1123 μιά
312 1041 458 1107 convenit
481 1037 549 1118 ἴος,
576 1035 613 1106 I'or
641 1038 732 1124 quod
752 1035 942 1121 Hesychius
964 1035 1050 1125 μόνη
1073 1039 1130 1107 καὶ
1155 1040 1239 1128 αὕτη

126 1139 251 1231 (αὐτή)
271 1142 511 1231 interpretatur,
538 1141 598 1205 aad
621 1162 681 1227 pro
706 1134 791 1219 όμός
816 1137 935 1203 dieitur
956 1139 992 1203 in
1011 1138 1163 1224 syntheto
1188 1136 1240 1210 ἴα.

125 1240 283 1328 γόοιοιος
303 1244 393 1329 quod
415 1243 605 1309 Zenodotue
626 1241 730 1306 edidit
748 1239 788 1304 11.
802 1238 905 1304 XXI.
921 1239 973 1305 95.
996 1239 1038 1305 ab
1058 1236 1238 1320 iocantem

123 1343 323 1431 Apollonius
338 1346 440 1410 Pron.
462 1344 513 1408 71.
535 1345 577 1408 Α.
601 1334 673 1420 οἷος
696 1352 802 1408 ortum
823 1340 901 1406 dicit
920 1341 1006 1410 κατὰ
1026 1344 1239 1428 πλεονασμόν

124 1432 240 1524 roff,
266 1448 356 1513 unde
380 1433 515 1511 derbum
542 1439 664 1528 Oiro'dp
690 1440 847 1528 ἐμονώθη
871 1441 983 1510 Sohol.
1005 1442 1045 1508 11.
1068 1446 1127 1512 VI.
1152 1447 1180 1511 1.
1206 1459 1238 1513 et

125 1546 278 1631 syntheta
302 1547 433 1626 οἰέανος
453 1543 648 1629 μονοχίτων,
671 1540 831 1626 οἶόκερως
851 1541 1041 1629 μονόκερως
1062 1551 1236 1625 unicornio,

124 1659 333 1734 aaaumtaque
355 1669 500 1713 consona
527 1640 618 1722 οἶνός
640 1643 698 1711 καὶ
722 1640 795 1733 οἰνή
817 1642 913 1729 παρὰ
934 1650 1006 1722 τοῖς
1020 1639 1113 1715 Ἴωσι
1133 1645 1238 1729 μονάς

124 1746 210 1813 Poll.
221 1753 312 1825 uua’o,
324 1752 422 1815 uncio
432 1749 501 1831 ⁴⁴),
517 1769 558 1811 ex
569 1744 631 1811 hoc
642 1757 750 1811 autem
759 1743 893 1810 verbum
908 1743 1060 1828 Οὶνόζειν
1073 1745 1236 1833 μονόζιιν.

124 1847 262 1915 Praeter
277 1844 388 1936 οἷότης
407 1848 474 1913 aive
494 1843 599 1934 όέτης,
618 1848 708 1933 quod
728 1870 796 1913 nou
816 1846 1003 1912 anniculum
1023 1848 1091 1914 aive
1107 1845 1238 1920 ἑνόινον

124 1950 287 2036 signifieat
303 1949 435 2015 sedada
454 1946 568 2035 Ionam}
590 1948 657 2014 aive
678 1944 811 2034 όμοιτῆ,
832 1947 1012 2012 invenimus
1029 1951 1126 2015 etiam
1139 1947 1238 2039 όιιὴς

124 2062 158 2116 et
176 2046 297 2137 αἰνετός
316 2072 347 2114 v.
361 2049 454 2115 Dies.
469 2049 516 2112 11.
534 2047 575 2112 P.
586 2049 632 2112 11.
654 2070 681 2112 c.
699 2049 728 2112 1.
744 2051 770 2130 ξ.
781 2047 812 2110 4.
834 2058 1006 2130 utrumque
1027 2048 1114 2113 idem
1135 2050 1237 2136 signi·

123 2151 226 2217 Iioana
248 2151 340 2235 quod
358 2144 517 2237 αιἰιοιιὴς
538 2159 572 2213 et
591 2147 634 2213 ab
657 2148 771 2212 eadem
791 2146 892 2233 stirpe
914 2169 997 2232 quae
1019 2148 1156 2216 obscure
1177 2174 1237 2240 ap-

124 2265 218 2339 paret
237 2253 273 2317 in
289 2247 395 2319 'Adde
412 2245 534 2318 uderida
553 2247 664 2334 cyriu
677 2248 788 2313 Tittm.
807 2272 840 2335 p.
850 2246 997 2316 XCVII.
1015 2261 1049 2316 et
1067 2250 1102 2317 in
1123 2249 1236 2321 home-

122 2354 192 2421 rico
219 2346 317 2430 αόθι,
348 2351 490 2438 ipaoque
517 2350 709 2439 pronomine
736 2344 836 2428 αόιός
863 2348 1113 2423 undecimi-91.
1159 2357 1236 2422 Hoc

124 2466 234 2523 autem
256 2454 413 2535 aueceaait
434 2452 583 2521 obsoleto
604 2451 630 2531 i',
653 2475 760 2538 aquo
783 2451 943 2537 adjectiva
965 2449 1017 2530 ἴος
1039 2468 1072 2518 et
1093 2448 1165 2534 οἶος
1183 2479 1235 2523 re-

123 2567 280 2644 petuntur
302 2555 414 2644 ApolL
439 2555 461 2621 l.
486 2577 514 2621 o.
561 2554 650 2620 Illud
674 2551 691 2620 I'
713 2576 773 2640 per
798 2576 834 2620 ae
860 2563 1004 2631 constat,
1034 2552 1135 2640 alpha
1158 2579 1235 2624 vero

122 2657 345 2745 oopulatirum
362 2655 584 2723 tantummodo
605 2678 624 2722 e
640 2654 790 2720 derivatio
806 2655 1024 2742 eognosoitur,
1041 2656 1180 2742 primum
1195 2681 1239 2725 ex·

122 2757 287 2825 adverbiis
311 2757 382 2843 ἅμα
406 2761 502 2825 timul
526 2778 607 2832 ano,
638 2768 670 2822 et
695 2753 791 2835 ι’ἱιιαξ
814 2759 906 2823 semu
934 2758 1024 2843 quod
1049 2780 1090 2823 ex
1113 2753 1236 2842 ἁμάκις

123 2871 324 2939 contractum
351 2868 402 2925 eat
424 2859 543 2925 Parnll.
567 2859 638 2925 131.
663 2869 731 2923 tum
758 2879 798 2923 ex
824 2857 983 2942 adjectivo
1010 2857 1115 2937 ἅπας,
1145 2862 1236 2946 quod

123 2960 343 3048 oompoaitum
366 2960 498 3046 quidem
520 2973 652 3026 estnec
675 2969 783 3025 tamen
803 2959 850 3024 aio
872 2958 965 3025 utin
984 2959 1064 3026 ΕΜ.
1088 2960 1162 3040 655,
1185 2963 1234 3029 lu

123 3061 263 3128 traditur
280 3060 317 3127 ιό
338 3059 432 3140 ἅπας
442 3059 649 3146 Ἡρωδιανὸς
669 3056 825 3142 βούλεται
844 3059 881 3124 ἐκ
898 3065 957 3126 τοῦ
975 3058 1046 3140 ἅμα
1064 3064 1132 3138 πᾶς
1150 3055 1236 3130 εἶναι

122 3161 158 3232 ἓν
174 3165 338 3250 αυγκοιιῇ.
370 3159 458 3245 Περὶ
477 3164 612 3236 παθῶν.
628 3159 688 3224 aed
702 3180 777 3224 oum
791 3157 890 3245 alpha
903 3158 1127 3245 inseparabili,
1143 3163 1235 3247 onjua

122 3264 233 3330 locum
252 3260 378 3328 obtinet
398 3260 599 3349 praepositio
622 3259 806 3347 copulativa
827 3256 1015 3342 iunipirus
1035 3260 1120 3327 aient
1141 3257 1236 3333 όίκοι-

121 3389 190 3444 τις,
213 3358 361 3448 ἀλέκτωρ
388 3375 422 3428 et
444 3356 566 3446 ἄλοχος
588 3386 769 3449 synonyma
790 3362 912 3431 hubent
937 3358 1124 3448 σύγκοιτος,
1152 3360 1234 3448 όμό·

122 3488 249 3547 1ιιοινος,
266 3459 479 3549 ὁμόλεκτρος.
521 3465 614 3533 Idem
634 3466 724 3551 quod
744 3463 815 3547 ἅμα
832 3466 917 3531 valet
936 3464 1035 3553 alpha
1052 3465 1086 3532 in
1106 3464 1235 3557 ἁθρόος

176 3702 226 3771 rt)
239 3700 328 3773 ἸγγΙα
346 3694 384 3765 εἷς
395 3699 502 3774 Πόφιον
521 3699 590 3757 Heu.
607 3699 728 3756 librarii
745 3719 943 3775 nonuunquam
960 3721 1013 3777 pro
1031 3703 1165 3762 numerali
1181 3724 1233 3780 po-

121 3796 240 3844 suerunt
252 3787 336 3859 alpha
347 3796 378 3844 ut
390 3788 506 3857 ιἰνὶηίόιι
518 3789 771 3860 proprietariorum,
786 3791 863 3860 quod
876 3789 904 3844 iu
917 3789 1096 3864 HIppooeatia
1109 3792 1234 3848 editione

122 3871 291 3928 Kuahniana
308 3872 343 3927 T.
358 3873 380 3928 I.
395 3876 454 3927 ²99.
467 3872 599 3945 religiosa
612 3883 782 3930 asservatum
796 3882 853 3943 eat3
873 3882 903 3928 et
918 3874 1028 3948 saepius
1045 3894 1097 3949 pro
1113 3876 1233 3932 ordinali

122 3958 207 4030 hujua
226 3959 333 4014 numeri
355 3955 526 4031 ιὲῥεσιιόριος
544 3978 596 4032 pro
618 3958 862 4033 πρωιοβιοιιόρνος
880 3979 907 4013 v.
929 3961 1038 4016 Albert.
1057 3964 1093 4015 ad
1110 3963 1233 4031 Heayeh.

121 4041 312 4118 ιἈσόνορος,
330 4054 359 4102 et
372 4042 547 4117 ιὶοιιιιθόριος
563 4065 589 4099 ν.
602 4047 678 4102 Haaa
693 4049 730 4102 ad
743 4047 831 4104 Leon.
843 4045 973 4128 Dian-p:
983 4049 1042 4101 512.
1055 4047 1092 4102 of.
1105 4047 1183 4101 Baat.
1197 4051 1234 4104 ad

123 4131 246 4201 Gregor.
259 4132 319 4185 850.
333 4130 516 4202 similiterque
533 4128 646 4202 στόμιον
659 4150 711 4204 pro
725 4131 843 4203 ἐξάγων,
860 4132 927 4203 quia
939 4149 972 4188 or
987 4139 1029 4186 eat
1044 4139 1111 4186 nota
1125 4134 1233 4191 numeri

119 4214 238 4285 panarii.
268 4213 344 4286 Κόρη
360 4214 538 4289 πρωτογόνη,
557 4217 637 4290 cujus
653 4237 730 4275 aram
739 4217 894 4274 Pausaniae
911 4226 1059 4283 memorat,
1078 4219 1177 4276 eadem
1191 4230 1235 4277 eat

123 4317 196 4375 quaa
214 4303 251 4356 ab
269 4301 422 4374 Apollonio
440 4308 624 4381 μουνογένιια
640 4304 806 4376 appellatum
