2736 4778
248 377 305 443 os
326 374 722 444 uaosonaulnsuo.
766 376 837 444 au
860 375 946 444 ou.
969 376 1036 464 aa.
1129 377 1188 446 ιιι
1321 326 1324 333 ’

74 547 238 609 aucarum
260 542 408 624 ipsorum.
452 540 563 622 Neque
585 540 618 606 id
640 538 775 607 efficitur
785 541 935 607 Planudis
957 541 1137 608 testimonio
1159 543 1192 608 iu

73 645 191 711 dnecd.
213 645 341 712 Bacbm.
363 664 393 728 p.
415 645 457 711 57
481 645 515 711 Τ.
538 644 586 725 11,
619 645 741 710 Atticos
770 645 804 710 in
836 662 980 712 sermone
1002 643 1105 710 soluto
1136 643 1192 712 illa
1275 634 1279 641 ’

72 748 326 817 constantissime
347 766 422 815 usos
444 749 499 815 καὶ
520 744 709 838 φωνήεντος
730 745 786 815 καὶ
819 745 1001 835 συμφώνου
1033 743 1191 836 ἐπιφερο-

72 852 227 934 μένου-
253 851 310 918 καὶ
330 855 494 946 μαρτυρεῖ
514 858 608 919 πᾶσα
629 849 762 935 βίβλος,
786 853 869 934 quod
891 850 1057 916 Bekkerus
1079 848 1190 916 confir·

72 954 152 1037 matt,
176 955 230 1036 qui
251 953 402 1019 Planudis
423 954 528 1020 locum
550 973 589 1020 ex
609 955 738 1021 ineditis
760 951 895 1020 afferens
916 954 950 1019 in
972 952 1089 1019 Anecd.
1109 951 1188 1020 1401

72 1057 113 1122 ad
134 1057 280 1123 ultimum
302 1057 405 1122 addit:
439 1055 524 1142 qaod
544 1056 582 1121 de
603 1058 788 1122 auctoretate
810 1055 949 1121 codicum
972 1054 1063 1137 aaa,
1095 1056 1190 1120 υννίο·

72 1159 149 1222 sr'me
171 1157 258 1223 diod.
303 1158 408 1225 Nihilo
431 1161 534 1227 secius
556 1160 609 1228 ille
631 1163 663 1227 in
686 1162 783 1228 uariis
793 1159 989 1240 lectionibus,
1012 1176 1091 1240 quas
1113 1159 1190 1225 scri-

70 1262 213 1344 ptoribus
236 1281 256 1329 a
277 1280 312 1328 se
335 1262 429 1328 editis
451 1264 592 1347 subiecit,
614 1266 708 1332 huius
729 1266 841 1332 barae
863 1263 983 1329 nullam
999 1263 1189 1329 mentionem

70 1363 146 1431 lecit
167 1384 204 1431 ao
225 1384 265 1431 ne
287 1366 430 1433 codicum
452 1369 579 1451 quidem
603 1369 830 1451 discrepantias
851 1365 974 1433 noavit
1005 1371 1042 1432 ut
1072 1367 1106 1431 in
1128 1366 1189 1449 Ly·

70 1486 155 1551 curg.
171 1487 196 1535 c.
218 1468 328 1535 Leocr.
350 1489 380 1552 p.
405 1467 475 1536 189.
505 1470 544 1536 19
578 1471 664 1555 (216.
680 1471 728 1538 -76
750 1471 865 1553 Bekk.)
900 1466 998 1555 ὅρκον
1030 1463 1189 1554 ὀμνύουσι

71 1570 201 1653 πάντες,
224 1571 360 1640 ἐπειδὰν
382 1570 431 1652 εἷς
452 1573 491 1640 ab
516 1612 552 1622 —
578 1571 769 1664 ἐγγραφῶσι
791 1574 846 1642 καὶ
869 1572 989 1660 ἔφηβοι
1023 1573 1190 1658 γένωνται,

71 1664 108 1738 tb
131 1670 161 1741 εἰ
181 1675 242 1759 μὲν
264 1672 417 1760 ὀμώμοκε
439 1677 657 1767 Λεωκράιης,
682 1683 834 1778 φανερῶς
857 1673 1054 1763 ἐπιώρκηκε,
1078 1675 1133 1741 καὶ
1151 1712 1186 1725 -

35 1786 39 1792 ·
69 1777 102 1842 in
124 1777 283 1845 codicibus
305 1779 526 1862 compluribus,
548 1786 585 1847 ut
606 1782 809 1848 Maetznerus
832 1781 928 1847 tradit
951 1797 982 1861 p.
1005 1777 1077 1858 209,
1112 1779 1189 1844 scri·

69 1886 158 1963 ptum
181 1887 231 1948 est
253 1881 472 1970 ἐγγραφῶοιν,
494 1884 527 1949 in
548 1903 611 1950 uno
634 1883 847 1973 ἐπιώρκηκεν,
871 1889 905 1948 et
925 1882 957 1947 in
978 1880 1141 1947 Demosth.
1164 1899 1189 1947 c.

69 1983 219 2050 Aristocr.
241 1983 314 2051 624.
337 1987 356 2050 3
378 1986 415 2052 lt
439 1986 524 2070 (300.
550 1986 604 2070 10)
627 1986 782 2076 ἐξέφερεν
805 1988 863 2054 τὸν
877 1982 1023 2068 πόλεμον
1034 1984 1190 2050 Webcrus

69 2106 98 2170 p.
124 2085 184 2154 146
207 2106 245 2154 ex
266 2088 440 2155 unoParis.
463 2090 575 2156 ascivit
596 2110 653 2181 pro
676 2090 823 2178 ἐξέφερε,
846 2102 979 2172 quorum
1000 2093 1148 2154 neutrum
1171 2106 1191 2154 a
1263 2083 1269 2097 '

69 2190 215 2262 Bekkcro
237 2192 369 2259 allatum
391 2198 455 2272 est3
488 2212 547 2260 nec
578 2194 729 2277 probaret
750 2193 955 2273 BenseleruS,
989 2191 1078 2258 cuius
1110 2192 1190 2257 haec

70 2299 145 2359 sunt
165 2295 263 2362 verba
284 2296 326 2361 ad
347 2295 443 2362 Isocr.
465 2315 495 2379 p.
522 2295 581 2362 185
605 2315 665 2379 sq.:
688 2295 857 2378 Isocrates,
880 2295 936 2360 aba·
953 2317 1065 2381 parua
1098 2315 1188 2379 quaa

70 2395 143 2459 dam
155 2396 200 2482 fit
220 2398 255 2461 ιἰι
276 2398 427 2481 oratione,
448 2403 469 2472 ἱ
493 2396 728 2486 ἕιγιλκυοτικόν
750 2399 914 2463 addidere
936 2397 1110 2463 υίᾱοοιιν-
1125 2420 1189 2461 οια-

67 2500 120 2586 pia
142 2498 271 2566 dubiam
293 2514 348 2584 eat,
382 2502 460 2588 quid
481 2502 519 2567 de
540 2502 583 2567 iis
605 2502 683 2567 loa‘a
704 2500 903 2567 statuendam
925 2500 977 2582 ait,
1010 2501 1045 2564 ι’νι
1077 2500 1188 2586 quobus

67 2600 180 2667 badia
201 2604 236 2669 ia
256 2606 416 2671 sententiis
441 2611 467 2680 ἶ
490 2605 645 2671 adiectam
667 2606 783 2694 tupiter
804 2640 863 2687 ·-‚
891 2605 925 2668 ia
947 2603 1058 2689 quobus
1090 2603 1125 2668 aa*
1142 2627 1190 2669 me

68 2706 218 2791 sequeris,
240 2710 265 2778 ν’
287 2732 348 2773 aba
370 2711 513 2798 receptes,
546 2721 575 2774 et
595 2709 653 2774 abi
671 2733 691 2773 α
713 2708 858 2773 Bektero
881 2719 1037 2793 receptam
1059 2718 1115 2789 eat,
1138 2706 1188 2771 de·

69 2808 154 2890 ledia
175 2833 270 2895 qaam
291 2812 386 2876 mallo
400 2813 515 2898 plures
536 2813 737 2898 repertantur
759 2812 836 2893 loci,
859 2814 892 2877 ιἰι
915 2810 1026 2897 quattus
1047 2834 1086 2876 ne
1108 2834 1188 2876 unua

15 2958 18 2963 ·
69 2910 193 2997 quidem
214 2913 294 2977 leber·
315 2913 351 2978 id
362 2913 508 2996 admattit,
520 2914 700 3001 codicesque
723 2917 756 2980 ia
767 2915 826 2979 boc
835 2938 870 2978 re
883 2926 1044 2999 tantopere
1055 2914 1187 2978 υαιιοιιι.
1245 2984 1247 2988 Α

69 3015 114 3081 Ac
136 3015 213 3087 mibi
235 3035 358 3099 quoque
369 3016 587 3099 psephismata
607 3019 663 3084 illa
681 3018 892 3084 consideranti
915 3016 1187 3083 verisimillimum

68 3119 201 3199 videtur,
223 3120 334 3186 literae
356 3120 449 3185 huius
471 3138 563 3187 usum
575 3121 639 3186 iam
660 3126 712 3186 sat
733 3121 870 3204 antiquis
882 3120 995 3186 seculis
1017 3119 1097 3186 etin
1118 3119 1189 3202 ipsa

67 3222 173 3288 Attica
183 3223 378 3289 increbuisse
390 3224 600 3306 sensimquea
615 3223 785 3290 librariolis
797 3224 882 3307 vulgi
896 3218 1124 3305 ntursraopdv
1137 3240 1187 3288 se·

67 3325 236 3406 questibus
258 3328 291 3392 in
312 3327 409 3393 libros
421 3327 608 3408 scriptorum
622 3345 692 3393 esse
713 3325 917 3393 transfusum.
962 3325 1012 3391 Ad
1036 3331 1187 3409 quanam

68 3427 283 3496 celebritatem
293 3435 404 3513 postea
414 3431 601 3511 pervenerit
624 3436 658 3496 et
672 3431 772 3496 nostri
784 3429 906 3495 codices
921 3426 1123 3494 manifestum
1139 3426 1187 3494 ia·

67 3531 154 3597 dunt
176 3538 209 3598 et
230 3533 262 3613 ii,
284 3532 567 3615 quuibusPlanudes
590 3551 666 3598 usus
688 3538 746 3600 ost
790 3532 838 3598 Ne
860 3531 1187 3599 tamenomneseius·
1240 3617 1242 3621 y
1264 3529 1266 3534 ’

67 3633 139 3700 dem
161 3636 277 3702 aetatis
297 3636 442 3702 literam
453 3637 651 3702 consensisse
666 3642 823 3718 putamus,
845 3636 992 3718 prohibet
1012 3636 1081 3717 boc,
1103 3634 1187 3718 quod
1301 3646 1325 3672 ²

66 3737 177 3804 eodem
198 3738 266 3805 loco
288 3739 390 3805 addit:
414 3743 523 3806 contra
546 3740 707 3822 disputare
728 3739 893 3806 nonnullos
918 3757 1054 3823 nuperos
1077 3743 1110 3804 et
1130 3757 1186 3803 no-
1305 3811 1308 3816 ,

67 3841 158 3907 citios
179 3842 422 3924 orthographiae
444 3842 598 3923 dusares,
620 3841 674 3924 qui
696 3859 792 3924 quum
804 3842 965 3923 vidissent
988 3847 1099 3923 poetas
1113 3858 1186 3907 con·
1244 3923 1246 3928 Ι

66 3963 175 4010 sonam
198 3963 292 4029 saepe
314 3964 377 4011 non
400 3945 525 4025 addere,
549 3963 586 4010 eo
608 3944 752 4010 inductos
774 3964 859 4027 esse,
892 3951 929 4013 ut
949 3945 983 4010 in
1005 3949 1107 4010 totum
1130 3943 1185 4009 ab·

64 4048 209 4115 licerent:
233 4046 266 4116 ot
288 4049 356 4118 νέοι
379 4043 500 4136 ταύτης
520 4052 579 4134 τῆς
600 4053 828 4137 γραμματικῆς
849 4041 1026 4114 ἐπιστάται
1050 4043 1081 4114 οἶ
1103 4046 1187 4130 χθὲς

68 4207 117 4214 ι...
126 4208 326 4217 φακὴ..

61 4291 142 4360 μαγίσι·
159 4299 218 4345 cate
235 4308 370 4346 ιαιιοοακι
382 4289 467 4359 potiti,
483 4289 513 4342 ιὀι
529 4306 585 4342 urta
601 4291 714 4343 οναίοκα
724 4288 835 4357 sambri
851 4288 971 4356 scriptum
988 4298 1025 4342 ert
1043 4287 1185 4360 γεγόνασι,

65 4376 189 4448 ἀδελφαί
204 4389 227 4432 et
244 4375 381 4448 διήνεγκε,
400 4373 477 4432 ὥστε.
494 4396 518 4430 υ.
544 4376 617 4429 mla
639 4377 695 4431 Tell
707 4375 956 4445 praeduratam.
975 4372 1041 4431 lodl
1057 4395 1086 4445 p.
1104 4375 1184 4446 ch]
