2736 4778
473 1085 481 1094 ⁵
547 1144 828 1266 Epilogus

627 1375 703 1426 'de

124 1509 420 1610 interpunctione
447 1536 530 1586 cum
556 1508 684 1586 enclisi
718 1522 755 1585 et
781 1509 1011 1614 synaloephe
1037 1511 1243 1588 coniuncta.

214 1903 232 1986 ξ
259 1904 284 1968 i.
330 1871 438 1985 Signis
449 1901 737 1982 interpunctionum
748 1903 986 1969 adnumeranda
1008 1907 1083 1969 suut
1104 1920 1151 1983 ea,
1174 1903 1244 1985 qui·

123 2004 183 2070 bus
205 2005 408 2086 parenthesin
430 2005 635 2084 denotamus,
668 2023 765 2086 quum
786 2006 1009 2087 impropriam,
1042 2023 1136 2087 quam
1172 2005 1245 2071 rhe-

123 2107 214 2172 torici
246 2108 287 2171 ad
321 2105 470 2193 σχήματα
505 2107 654 2186 διανοίας
687 2106 830 2172 referunt
862 2112 959 2188 atque
995 2107 1041 2171 sio
1077 2104 1244 2173 definiunt:

121 2208 210 2274 ἔστιν
245 2207 362 2287 ἓνωσις
404 2205 504 2293 λόγου
547 2209 585 2273 τὸ
633 2203 821 2274 ἀκόλουθον
859 2202 1084 2295 ἀφαιρουμένη
1128 2204 1245 2296 ἑτέρου

123 2312 213 2390 τινὸς
247 2312 436 2399 παραθέσει
475 2308 590 2396 λόγου,
625 2297 694 2377 αἶαν
726 2314 852 2396 „Epor
888 2312 963 2394 μὲν,
999 2305 1039 2376 σι’)
1071 2309 1133 2396 γὰρ
1167 2307 1243 2376 ἔοικ’

124 2410 311 2500 ὀτρυνέμεν,
335 2407 409 2480 ullu
433 2409 573 2479 ossiculo)u
606 2411 723 2478 Herod„
747 2413 787 2477 de
807 2412 834 2477 F
836 2412 884 2494 ig„
898 2410 949 2478 54.
972 2413 1014 2478 22
1035 2410 1144 2493 Dind.‚
1171 2413 1246 2493 sive,

123 2522 161 2582 ut
181 2516 244 2582 Jul.
256 2515 442 2581 Rufinianus
464 2516 542 2580 dicit
560 2533 590 2596 p.
613 2512 656 2579 40
678 2515 726 2580 cd.
749 2514 878 2597 Caper:
911 2538 1005 2599 quum
1027 2513 1175 2578 ordonatur
1207 2537 1247 2578 ac

123 2619 263 2704 leprir'rno
285 2619 441 2683 sententia
462 2616 703 2701 interrumpatur
729 2639 792 2702 per
813 2617 949 2682 alienam
981 2617 1175 2681 mnaseas
1197 2616 1245 2681 ‹li-

121 2745 302 2806 versamque
324 2722 523 2802 ααναινιιίαινι,
546 2727 614 2785 tum
636 2738 722 2800 eam,
744 2738 827 2801 quae
852 2720 980 2802 proprie
1001 2720 1047 2784 itu
1069 2720 1131 2786 dici
1153 2719 1244 2801 solet,

122 2825 183 2889 hoc
205 2829 255 2890 est
288 2825 486 2906 interpositio
518 2841 630 2889 vocum
663 2823 862 2904 quarundam
895 2823 1038 2888 absolute
1073 2821 1243 2887 dictarum:

123 2918 198 2993 olda
220 2933 254 2992 et
274 2928 425 3009 prolixius
453 2919 489 2992 εὖ
519 2918 586 2992 olri'
611 2920 694 3008 ἐγώ,
718 2922 819 3010 φημί,
843 2915 954 3006 οἶμαι,
989 2924 1134 3007 inquam,
1167 2920 1249 3010 milri

123 3026 212 3090 crede
235 3034 349 3095 cetera.
392 3027 481 3093 Haec
514 3028 543 3092 si
569 3025 708 3092 vocalem
740 3026 773 3090 in
800 3024 951 3106 principio
978 3022 1110 3103 habent,
1144 3023 1244 3088 vocali

122 3131 337 3196 antecedentis
360 3129 504 3195 vocabuli
522 3133 563 3195 -νῦ
587 3128 747 3194 adficitur:
781 3122 810 3192 ri
842 3125 883 3190 τὰ
910 3122 1009 3211 χείρω
1039 3121 1243 3211 κρατήσειεν,

123 3231 189 3318 ἔφη
215 3269 250 3279 -
275 3231 357 3297 Plut
379 3252 408 3296 v.
429 3232 543 3296 Antan.
565 3230 686 3295 XXXV
710 3229 799 3311 13¹),
822 3227 926 3293 sinin
948 3228 1049 3306 exitu,
1072 3227 1141 3308 ipsa
1162 3227 1243 3291 reci·

120 3335 225 3416 piunt:
248 3333 318 3418 ἕμὲ,
342 3325 444 3407 εἶπεν,
469 3328 510 3399 σίν
532 3330 698 3399 κωλύειν.
721 3329 811 3394 Dion.
823 3328 899 3393 XIV
922 3329 972 3407 27,
997 3328 1104 3409 δίχοα,
1129 3327 1242 3415 φησίν,

122 3429 149 3501 ol
172 3433 317 3523 φιλτάτη
339 3437 496 3502 Aristaen.
519 3433 536 3499 Ι
557 3434 616 3514 Ep.
639 3433 711 3513 51).
735 3429 786 3511 26,
809 3425 873 3516 ἐγώ
896 3452 961 3503 σοι,
985 3429 1097 3517 φησὶν,
1121 3427 1243 3516 εὕρηκα
1345 3450 1347 3454 ’

122 3537 204 3604 Plut
238 3559 266 3604 v.
296 3538 364 3604 Cat
386 3539 461 3605 Mai.
482 3536 589 3603 XXIV
614 3532 653 3600 19
686 3552 717 3615 p.
743 3533 803 3599 152
832 3531 910 3597 Sint
939 3536 1011 3611 eta,
1045 3532 1129 3613 quod
1160 3533 1243 3596 male
1353 3605 1355 3610 ,

121 3643 299 3725 neglectum
321 3647 374 3706 est
392 3641 431 3707 de
454 3641 527 3706 Fac.
548 3638 628 3703 Lun.
649 3635 757 3730 XXVI
779 3632 841 3700 940
862 3634 889 3699 F
912 3632 1059 3716 ἐπίσχες,
1094 3624 1180 3715 εἶπα,
1215 3625 1241 3698 ὦ

121 3745 309 3830 Λαμπρία·
344 3743 400 3808 sed
422 3743 506 3808 idern
528 3741 640 3806 vitiose
662 3738 834 3803 intruditur
862 3742 935 3803 ante
959 3741 1181 3802 consonantes:
1216 3728 1242 3799 ὦ

122 3849 239 3933 μιαρὰ,
263 3839 365 3922 εἶπεν,
401 3843 527 3930 κεφαλὴ
558 3879 594 3890 —
627 3840 769 3923 Xenopla
791 3839 872 3922 Eph.
894 3839 927 3904 Π
949 3837 969 3903 6
991 3857 1021 3920 p.
1045 3836 1096 3902 39.
1118 3836 1153 3915 cl,
1186 3840 1244 3919 τῆς

122 3955 191 4036 σῆς,
215 3951 325 4035 φασὶν,
354 3948 522 4027 Καδμείας
544 3945 635 4031 νίκης
657 3945 814 4010 Alistaen.
836 3942 854 4007 Ι
874 3942 933 4023 Ep.
955 3940 1018 4006 VII
1043 3935 1112 4017 149,
1136 3933 1243 4003 πάλαι

122 4058 193 4138 γὰρ,
219 4045 320 4127 εἶπεν,
345 4052 425 4135 λέγω
447 4047 537 4113 Dion
551 4045 622 4112 Chr.
634 4046 679 4112 IV
692 4044 753 4112 160
777 4046 831 4128 (77
844 4041 960 4124 Eruli),
983 4046 1016 4106 et
1038 4039 1084 4104 sic
1104 4039 1138 4104 in
1153 4039 1241 4104 codd.

193 4293 221 4351 ll
239 4296 313 4346 Haec
331 4300 358 4345 ct
373 4293 426 4344 ulia
443 4307 526 4359 aeque
543 4291 606 4343 trita
624 4286 801 4340 tantummodo
820 4284 931 4350 exempli
948 4258 1037 4350 matie
1071 4296 1179 4349 repono.

174 4377 292 4426 nosnos.
304 4377 389 4423 canor,
404 4377 435 4418 11.
1027 4299 1071 4417 2l
