2736 4778
120 373 178 440 DE
201 371 444 453 SYNAERESL
467 370 668 438 nlhnnssl
689 374 748 437 etc.
780 369 815 436 P.
827 370 868 436 11.
892 368 994 437 unx
1017 372 1045 457 §-
1060 370 1086 437 1.
1111 368 1171 438 125
1196 465 1202 474 ,

56 542 90 602 et
112 531 180 625 ᾠδή
202 536 341 602 Homero
363 536 471 617 ignota
491 536 628 617 primum
649 534 816 617 inhymnis
827 533 1003 599 Homericis
1015 532 1171 617 leguntur,

56 659 84 705 v.
107 639 266 705 Mnetzell.
289 640 330 705 ad
352 638 467 719 Theog.
490 637 541 703 37.
585 637 878 720 Etymon'evanuit
894 637 959 702 sed
982 654 1054 703 cum
1067 638 1170 703 verbis

56 742 138 807 notis
161 743 334 824 composita
355 746 430 807 sunt
452 738 563 825 ἀεικής
585 735 766 821 striaturis,
790 758 924 822 quorum
945 739 1038 805 alteri
1059 746 1171 822 poetes

57 839 154 928 αἰκὴς
175 842 385 924 substituunt,
408 843 501 908 alteri
524 838 641 925 ἇῖδὴς,
664 849 698 909 et
719 863 758 909 ex
779 844 839 909 hoc
859 861 974 908 nornen
996 841 1069 909 Orci
1091 839 1172 932 ᾅδης

57 946 187 1011 ductum
209 946 347 1011 ereditur
368 945 493 1028 proprie
515 943 694 1027 significans
714 946 775 1040 ohe
798 942 912 1034 ἀφανῆ
935 946 1001 1011 sive
1025 940 1172 1031 ἀΐδηλον,

57 1049 140 1113 sicut
172 1046 341 1130 Sophocles
371 1049 459 1114 illum
490 1049 630 1130 appellet
662 1048 704 1134 [v.
736 1069 766 1132 p,
789 1048 809 1114 6
832 1048 893 1133 sq]
907 1085 943 1095 -
957 1047 1047 1113 Illius
1071 1047 1172 1113 simile

57 1151 215 1215 Porsonus
237 1149 327 1216 finxit
348 1146 430 1241 ᾆκὴς
450 1153 516 1216 iota
537 1152 633 1234 alpha
653 1153 746 1234 longo
769 1151 977 1218 subscribens.
1000 1187 1036 1199 -
1062 1150 1172 1216 Teme·

58 1253 162 1318 nioum
187 1248 407 1339 Ἀμφιάρεων
440 1273 511 1320 cnm
538 1255 693 1321 similibus
721 1256 909 1337 quibusdem
936 1272 1092 1338 syncopae
1119 1272 1170 1318 ne

59 1356 142 1421 mine
152 1357 270 1438 protuli
279 1356 411 1422 Elemm.
423 1357 521 1439 1230,
533 1357 570 1423 cf.
581 1357 696 1424 Parall.
707 1357 748 1424 29
761 1359 832 1423 adn.
845 1357 886 1423 25
900 1358 1027 1443 [Phryn.
1040 1355 1127 1441 373]
1137 1392 1168 1404 -·

58 1458 285 1525 Deverborum
306 1459 340 1525 in
361 1463 404 1530 ὦ
426 1461 637 1526 contractione
658 1462 691 1525 in
718 1464 748 1551 ’ξ
773 1466 807 1525 et
828 1463 898 1551 {et
912 1459 1171 1526 deiotavelsuh

58 1562 175 1644 scripto
196 1563 247 1628 vel
269 1562 385 1628 omisso
407 1563 512 1629 dicere
535 1564 792 1646 supersedemus3
815 1563 869 1645 qui
886 1567 982 1646 σμᾶν,
1006 1563 1103 1648 γελᾶν
1117 1566 1170 1626 eta

59 1665 126 1729 sine
148 1682 186 1730 eo
213 1666 415 1747 scripserunt,
448 1666 545 1732 tacito
578 1665 727 1749 suffragio
759 1664 946 1732 confirmant
967 1663 1171 1729 Choerohosd

58 1785 209 1834 canonem
232 1787 261 1850 p.
285 1766 345 1832 721
370 1769 491 1834 nullum
512 1767 700 1835 infinitivum
721 1771 755 1835 in
777 1771 811 1839 ῖ
834 1772 1000 1834 exeuntem
1022 1764 1172 1833 antehoc

58 1869 176 1934 habere
201 1863 434 1959 ἆνεκφώνητον
457 1870 585 1954 [Techn.
611 1872 671 1937 188
694 1892 723 1937 n·
746 1871 790 1956 9].

144 1975 209 2043 ῖαυ
232 1990 251 2037 a
274 1975 356 2038 crasi
378 1973 541 2052 abhorret;
563 1993 637 2039 nam
658 1975 743 2056 quod
761 1974 839 2039 deus
853 1972 1009 2039 barbarus
1024 1967 1172 2050 Τααυιός

58 2076 144 2141 idem
180 2081 319 2154 Ταῦθος
348 2082 485 2157 vocatur,
519 2075 596 2142 nihil
629 2077 670 2141 ad
691 2094 772 2155 rem;
805 2093 908 2157 neque
940 2076 1003 2141 huc
1035 2075 1173 2140 convent

60 2176 250 2260 synaloephe
273 2174 387 2245 ταύτά.
1157 2224 1160 2231 -

146 2279 259 2345 Restat
280 2284 343 2362 ἦ,
377 2281 462 2363 quod
493 2282 527 2347 in
551 2283 698 2364 optativis
721 2283 893 2349 verborum
913 2283 946 2346 in
968 2282 1009 2351 ὦ
1033 2280 1172 2345 desinen

60 2383 140 2448 tium
173 2385 316 2450 contrahi
348 2385 543 2467 grammatici
566 2386 692 2451 docent:
729 2381 868 2473 ὃράοιμι
891 2379 1010 2472 (lupius,
1045 2377 1173 2466 ὁράοιπ

61 2481 166 2573 ὁρῷιε
199 2486 255 2552 καὶ
290 2489 487 2576 πλεονασμῷ
521 2490 580 2554 τοῦ
612 2491 646 2559 '0'
680 2485 805 2576 ὁρόῳτε
837 2486 983 2552 Eustath.
1018 2484 1091 2550 481.
1122 2482 1171 2565 39,

61 2586 192 2676 κτῴμην
213 2589 272 2655 σὺν
294 2595 340 2677 τῷ
357 2585 469 2659 Triari
502 2594 561 2657 τοῦ
587 2590 748 2679 κταοίμην
770 2591 841 2656 ΕΜ.
864 2589 937 2657 542.
959 2587 1010 2670 lo,
1044 2593 1078 2653 et
1098 2587 1172 2653 hant

61 2709 157 2757 unam
188 2690 322 2757 formam
354 2691 418 2759 fert
447 2711 550 2759 sermo
572 2696 712 2760 numeris
735 2694 865 2761 solutus.
891 2729 926 2742 —
952 2692 1095 2758 Nominis
1117 2690 1173 2755 hut

62 2795 182 2860 redacti
216 2794 394 2877 exemplum
415 2797 541 2862 unicum
563 2803 613 2862 est
634 2793 756 2885 ᾠδή*),
789 2798 873 2880 qnod
905 2797 1041 2878 primum
1063 2794 1173 2875 legitm

61 2896 95 2959 in
116 2895 239 2978 hymnis
260 2896 444 2978 Homericis,
467 2899 608 2964 nonnulli
630 2919 704 2965 vero
737 2900 821 2965 idem
844 2899 1044 2965 scribendum
1066 2902 1173 2979 putan·¹

58 2999 94 3063 in
117 2998 248 3064 Hesiodi
270 3007 305 3091 et>
323 3001 452 3066 Pindari
473 3002 625 3082 versibus
649 3002 704 3067 ubi
726 2996 824 3088 ἀοιδή
840 3000 1099 3083 bisyllabnmest
1122 2994 1173 3064 seo‘

61 3101 204 3184 plerique
218 3101 405 3169 -deiendunt
436 3123 498 3169 non
531 3108 741 3184 contractum,
774 3109 840 3169 tres
873 3104 1027 3185 primores
1046 3101 1173 3166 uocales

62 3222 120 3285 per
156 3206 312 3287 synizesin
344 3205 541 3288 proferentes
579 3213 616 3272 nt
651 3207 819 3273 novissime
852 3204 1104 3272 Schneidewinus
1139 3194 1173 3269 ao‘

63 3305 153 3371 Nem.
175 3307 222 3372 Xl
237 3308 287 3373 23.
303 3309 474 3375 —Nomen
495 3310 658 3392 proprium
680 3311 826 3392 idemque
848 3309 997 3375 Mercurii
1019 3307 1173 3389 epitheton

62 3412 184 3491 Σῶκος,
208 3412 292 3493 quod
313 3412 444 3479 Homeri
467 3413 671 3495 explicatores
684 3409 1090 3493 odoaexoginterpretantuq
1113 3410 1173 3475 sino

63 3510 159 3577 dubio
182 3514 314 3596 simplex
336 3523 386 3583 est
408 3537 428 3582 a
448 3516 545 3583 uerbo
568 3513 648 3596 oto,
671 3537 699 3582 v.
721 3515 865 3580 Rhemat
877 3513 940 3579 285
963 3512 1070 3597 [Proll.
1093 3511 1173 3598 323]

153 3619 223 3686 5135
244 3617 329 3690 in}
356 3619 552 3686 contrahitur
583 3620 616 3684 in
638 3620 742 3684 verbis
764 3617 886 3699 iisdem,
919 3635 1000 3699 quae
1022 3619 1068 3689 Eo]
1089 3617 1122 3682 in
1145 3619 1174 3703 ξ

64 3723 196 3798 mutant,
219 3720 474 3805 ethaecquoque
487 3720 873 3805 dieotasiamplificuntur:
897 3716 1005 3788 dudo
1018 3717 1174 3807 διαίρεσίς

64 3818 134 3889 ἐστι
158 3827 217 3888 τοῦ
240 3818 320 3888 ἀλῶ
341 3823 435 3889 schol
459 3823 517 3890 on
539 3825 568 3892 V
591 3824 663 3891 377.

15 3962 19 3967 -
151 3925 178 4010 ἕ.
201 3926 230 3990 2.
273 3924 406 3992 Praeter
427 3926 524 3993 verbo
544 3929 707 4011 praedicta
728 3928 790 3994 dno
812 3931 1023 4008 suntgenero,
1047 3941 1175 4004 quorun

64 4029 222 4094 secundae
254 4047 408 4110 personae
437 4030 471 4094 in
497 4035 551 4103 ἱᾶἶ
575 4036 706 4112 exeunt,
738 4031 893 4113 berytona
925 4034 958 4094 et
984 4024 1176 4093 circumflexe

133 4184 163 4251 l)
180 4185 253 4237 Haec
268 4185 357 4237 verbm
375 4180 495 4256 „o‘priprs
512 4189 589 4243 Eust.
607 4210 641 4224 -
659 4212 693 4222 -
709 4185 819 4237 unicum
836 4190 877 4236 est
893 4178 970 4255 ᾠδή11
987 4181 1069 4234 deleri
1084 4151 1174 4235 vellet
1263 4172 1265 4179 ’

66 4271 128 4324 Leo.
145 4271 199 4339 ipsc
213 4270 376 4340 etpurificavit,
403 4273 540 4343 aedlquod
564 4273 593 4326 ie
613 4289 699 4326 eorum
716 4273 797 4325 laon
813 4271 980 4323 nouam
996 4287 1066 4323 auore
1082 4269 1176 4338 qtciden

63 4360 130 4412 nihil
146 4376 256 4427 usquam
272 4367 407 4427 comparet.
