<?xml version="1.0" encoding="UTF-8"?>
<!DOCTYPE html PUBLIC "-//W3C//DTD XHTML 1.0 Transitional//EN"
    "http://www.w3.org/TR/xhtml1/DTD/xhtml1-transitional.dtd">
<html xmlns="http://www.w3.org/1999/xhtml" xml:lang="en" lang="en">
 <head>
  <title>
</title>
<meta http-equiv="Content-Type" content="text/html;charset=utf-8" />
  <meta name='ocr-system' content='tesseract 3.04.00' />
  <meta name='ocr-capabilities' content='ocr_page ocr_carea ocr_par ocr_line ocrx_word'/>
</head>
<body>
  <div class='ocr_page' id='page_1' title='image "./pathologiaegrae00lobegoog_0117.png"; bbox 0 0 2736 4778; ppageno 0'>
   <div class='ocr_carea' id='block_1_1' title="bbox 168 326 910 401">
    <p class='ocr_par' dir='ltr' id='par_1_1' title="bbox 168 326 910 401">
     <span class='ocr_line' id='line_1_1' title="bbox 168 326 910 401; baseline -0.015 0"><span class='ocrx_word' id='word_1_1' title='bbox 168 331 240 401; x_wconf 80' lang='lat'>104</span> <span class='ocrx_word' id='word_1_2' title='bbox 529 326 848 395; x_wconf 81' lang='lat' dir='ltr'>DISSERTATIO</span> <span class='ocrx_word' id='word_1_3' title='bbox 882 327 910 391; x_wconf 94' lang='lat'>1.</span> 
     </span>
    </p>
   </div>
   <div class='ocr_carea' id='block_1_2' title="bbox 161 509 1282 4016">
    <p class='ocr_par' dir='ltr' id='par_1_2' title="bbox 161 509 1282 4016">
     <span class='ocr_line' id='line_1_2' title="bbox 162 509 1279 596; baseline 0.002 -22"><span class='ocrx_word' id='word_1_4' title='bbox 162 532 193 575; x_wconf 84' lang='lat' dir='ltr'>v.</span> <span class='ocrx_word' id='word_1_5' title='bbox 215 509 254 576; x_wconf 89' lang='lat' dir='ltr'>C.</span> <span class='ocrx_word' id='word_1_6' title='bbox 277 511 319 577; x_wconf 90' lang='lat' dir='ltr'>V.</span> <span class='ocrx_word' id='word_1_7' title='bbox 341 511 367 594; x_wconf 63' lang='grc' dir='ltr'><strong>ξ.</strong></span> <span class='ocrx_word' id='word_1_8' title='bbox 389 510 420 573; x_wconf 99' lang='grc'><strong>2.</strong></span> <span class='ocrx_word' id='word_1_9' title='bbox 464 510 533 577; x_wconf 85' lang='lat' dir='ltr'>Sed</span> <span class='ocrx_word' id='word_1_10' title='bbox 553 510 714 595; x_wconf 87' lang='lat' dir='ltr'>Hesychii</span> <span class='ocrx_word' id='word_1_11' title='bbox 744 509 868 576; x_wconf 90' lang='lat' dir='ltr'>notatio</span> <span class='ocrx_word' id='word_1_12' title='bbox 895 514 1004 575; x_wconf 83' lang='grc' dir='ltr'>Τυπεῖ</span> <span class='ocrx_word' id='word_1_13' title='bbox 1027 515 1137 596; x_wconf 80' lang='grc' dir='ltr'><strong><em>ψοφεῖ</em></strong></span> <span class='ocrx_word' id='word_1_14' title='bbox 1159 515 1279 576; x_wconf 74' lang='grc' dir='ltr'><strong><em>κτυπεῖ</em></strong></span> 
     </span>
     <span class='ocr_line' id='line_1_3' title="bbox 161 605 1279 696; baseline 0 -22"><span class='ocrx_word' id='word_1_15' title='bbox 161 617 278 696; x_wconf 76' lang='grc' dir='ltr'><strong><em>κροτεῖ</em></strong></span> <span class='ocrx_word' id='word_1_16' title='bbox 298 621 331 674; x_wconf 90' lang='lat' dir='ltr'>et</span> <span class='ocrx_word' id='word_1_17' title='bbox 352 609 442 694; x_wconf 89' lang='lat' dir='ltr'>quod</span> <span class='ocrx_word' id='word_1_18' title='bbox 462 610 601 676; x_wconf 92' lang='lat' dir='ltr'>Nonnus</span> <span class='ocrx_word' id='word_1_19' title='bbox 625 612 708 676; x_wconf 84' lang='lat' dir='ltr'><strong>dixit</strong></span> <span class='ocrx_word' id='word_1_20' title='bbox 727 611 810 675; x_wconf 92' lang='lat' dir='ltr'>XX.</span> <span class='ocrx_word' id='word_1_21' title='bbox 832 611 905 675; x_wconf 81' lang='lat'><strong>351.</strong></span> <span class='ocrx_word' id='word_1_22' title='bbox 929 605 1087 694; x_wconf 68' lang='grc' dir='ltr'><strong><em>αἰθερίου</em></strong></span> <span class='ocrx_word' id='word_1_23' title='bbox 1104 605 1279 692; x_wconf 79' lang='grc' dir='ltr'><strong><em>πατάγοεο</em></strong></span> 
     </span>
     <span class='ocr_line' id='line_1_4' title="bbox 161 707 1279 796; baseline -0.004 -19"><span class='ocrx_word' id='word_1_24' title='bbox 161 707 270 790; x_wconf 81' lang='grc' dir='ltr'><strong><em>τόπος</em></strong></span> <span class='ocrx_word' id='word_1_25' title='bbox 302 717 479 796; x_wconf 83' lang='grc' dir='ltr'><strong><em>βρονταῖος</em></strong></span> <span class='ocrx_word' id='word_1_26' title='bbox 515 713 656 778; x_wconf 89' lang='lat' dir='ltr'>ostentui</span> <span class='ocrx_word' id='word_1_27' title='bbox 689 725 740 776; x_wconf 89' lang='lat' dir='ltr'>est</span> <span class='ocrx_word' id='word_1_28' title='bbox 770 711 882 796; x_wconf 87' lang='lat' dir='ltr'>kappa</span> <span class='ocrx_word' id='word_1_29' title='bbox 910 710 943 773; x_wconf 93' lang='lat' dir='ltr'>in</span> <span class='ocrx_word' id='word_1_30' title='bbox 966 709 1084 774; x_wconf 88' lang='lat' dir='ltr'>iisdem</span> <span class='ocrx_word' id='word_1_31' title='bbox 1110 707 1279 773; x_wconf 84' lang='lat' dir='ltr'>vocabulis</span> 
     </span>
     <span class='ocr_line' id='line_1_5' title="bbox 165 810 1279 897; baseline -0.001 -21"><span class='ocrx_word' id='word_1_32' title='bbox 165 811 235 876; x_wconf 87' lang='lat' dir='ltr'>sine</span> <span class='ocrx_word' id='word_1_33' title='bbox 266 811 332 876; x_wconf 93' lang='lat' dir='ltr'>ullo</span> <span class='ocrx_word' id='word_1_34' title='bbox 366 812 613 897; x_wconf 83' lang='lat' dir='ltr'>significationis</span> <span class='ocrx_word' id='word_1_35' title='bbox 648 811 785 877; x_wconf 90' lang='lat' dir='ltr'>dissidio</span> <span class='ocrx_word' id='word_1_36' title='bbox 819 811 935 875; x_wconf 81' lang='lat' dir='ltr'>adesse</span> <span class='ocrx_word' id='word_1_37' title='bbox 968 821 1001 875; x_wconf 87' lang='lat' dir='ltr'>et</span> <span class='ocrx_word' id='word_1_38' title='bbox 1028 810 1153 876; x_wconf 79' lang='lat' dir='ltr'>deesse.</span> <span class='ocrx_word' id='word_1_39' title='bbox 1207 810 1279 875; x_wconf 87' lang='lat' dir='ltr'>Nec</span> 
     </span>
     <span class='ocr_line' id='line_1_6' title="bbox 163 907 1280 1000; baseline 0.003 -25"><span class='ocrx_word' id='word_1_40' title='bbox 163 911 269 976; x_wconf 89' lang='lat' dir='ltr'>minus</span> <span class='ocrx_word' id='word_1_41' title='bbox 288 911 435 997; x_wconf 87' lang='lat' dir='ltr'>Libyum</span> <span class='ocrx_word' id='word_1_42' title='bbox 460 913 629 1000; x_wconf 74' lang='lat' dir='ltr'><strong>epitheton</strong></span> <span class='ocrx_word' id='word_1_43' title='bbox 658 911 747 999; x_wconf 89' lang='lat' dir='ltr'>apud</span> <span class='ocrx_word' id='word_1_44' title='bbox 769 911 970 996; x_wconf 73' lang='lat' dir='ltr'><strong>Aeschylum</strong></span> <span class='ocrx_word' id='word_1_45' title='bbox 998 907 1202 998; x_wconf 75' lang='grc' dir='ltr'><strong><em>ἡλιόκτυπον</em></strong></span> <span class='ocrx_word' id='word_1_46' title='bbox 1225 911 1280 994; x_wconf 76' lang='grc' dir='ltr'>γέ·</span> 
     </span>
     <span class='ocr_line' id='line_1_7' title="bbox 164 1009 1278 1101; baseline -0.003 -24"><span class='ocrx_word' id='word_1_47' title='bbox 164 1035 220 1090; x_wconf 89' lang='grc' dir='ltr'><strong><em>νος</em></strong></span> <span class='ocrx_word' id='word_1_48' title='bbox 241 1012 305 1077; x_wconf 87' lang='lat' dir='ltr'>hoo</span> <span class='ocrx_word' id='word_1_49' title='bbox 328 1025 378 1076; x_wconf 88' lang='lat' dir='ltr'>est</span> <span class='ocrx_word' id='word_1_50' title='bbox 398 1010 607 1101; x_wconf 79' lang='grc' dir='ltr'><strong><em>ἡλεόβλητον.</em></strong></span> <span class='ocrx_word' id='word_1_51' title='bbox 650 1014 728 1078; x_wconf 86' lang='lat' dir='ltr'>Alia</span> <span class='ocrx_word' id='word_1_52' title='bbox 750 1010 880 1096; x_wconf 88' lang='lat' dir='ltr'>subjicit</span> <span class='ocrx_word' id='word_1_53' title='bbox 897 1011 1072 1077; x_wconf 87' lang='lat' dir='ltr'>Helladius</span> <span class='ocrx_word' id='word_1_54' title='bbox 1088 1009 1187 1076; x_wconf 86' lang='lat' dir='ltr'>Phot.</span> <span class='ocrx_word' id='word_1_55' title='bbox 1205 1010 1278 1075; x_wconf 80' lang='lat'><strong>866.</strong></span> 
     </span>
     <span class='ocr_line' id='line_1_8' title="bbox 165 1101 1280 1199; baseline -0.002 -21"><span class='ocrx_word' id='word_1_56' title='bbox 165 1112 222 1179; x_wconf 79' lang='grc' dir='ltr'><strong><em>ναὶ</em></strong></span> <span class='ocrx_word' id='word_1_57' title='bbox 248 1112 287 1178; x_wconf 85' lang='grc' dir='ltr'>τό</span> <span class='ocrx_word' id='word_1_58' title='bbox 321 1112 453 1179; x_wconf 81' lang='grc' dir='ltr'><strong><em>καὶνυτο</em></strong></span> <span class='ocrx_word' id='word_1_59' title='bbox 481 1113 644 1199; x_wconf 81' lang='grc' dir='ltr'><strong><em>περισσόν</em></strong></span> <span class='ocrx_word' id='word_1_60' title='bbox 665 1110 730 1196; x_wconf 75' lang='grc' dir='ltr'>ἔχει</span> <span class='ocrx_word' id='word_1_61' title='bbox 751 1113 790 1180; x_wconf 84' lang='grc' dir='ltr'>τό</span> <span class='ocrx_word' id='word_1_62' title='bbox 813 1101 912 1180; x_wconf 63' lang='grc' dir='ltr'>’κ’καί</span> <span class='ocrx_word' id='word_1_63' title='bbox 935 1111 972 1179; x_wconf 85' lang='grc' dir='ltr'>τὸ</span> <span class='ocrx_word' id='word_1_64' title='bbox 996 1115 1137 1196; x_wconf 78' lang='grc' dir='ltr'><strong><em>κοῦρος·</em></strong></span> <span class='ocrx_word' id='word_1_65' title='bbox 1157 1115 1280 1199; x_wconf 85' lang='grc' dir='ltr'><strong><em>ναῦρος</em></strong></span> 
     </span>
     <span class='ocr_line' id='line_1_9' title="bbox 165 1205 1278 1299; baseline -0.003 -21"><span class='ocrx_word' id='word_1_66' title='bbox 165 1209 229 1298; x_wconf 75' lang='grc' dir='ltr'>γάρ</span> <span class='ocrx_word' id='word_1_67' title='bbox 253 1211 341 1278; x_wconf 77' lang='grc' dir='ltr'><strong><em>ἐστιν</em></strong></span> <span class='ocrx_word' id='word_1_68' title='bbox 363 1205 435 1279; x_wconf 79' lang='grc' dir='ltr'><strong><em>οἷον</em></strong></span> <span class='ocrx_word' id='word_1_69' title='bbox 456 1209 475 1280; x_wconf 86' lang='grc' dir='ltr'><strong><em>ό</em></strong></span> <span class='ocrx_word' id='word_1_70' title='bbox 498 1213 582 1280; x_wconf 80' lang='grc' dir='ltr'><strong><em>κατὰ</em></strong></span> <span class='ocrx_word' id='word_1_71' title='bbox 604 1216 681 1280; x_wconf 83' lang='grc' dir='ltr'><strong><em>νοῦν</em></strong></span> <span class='ocrx_word' id='word_1_72' title='bbox 702 1211 859 1299; x_wconf 75' lang='grc' dir='ltr'>ἐλαφρός.</span> <span class='ocrx_word' id='word_1_73' title='bbox 897 1214 952 1279; x_wconf 89' lang='lat' dir='ltr'>De</span> <span class='ocrx_word' id='word_1_74' title='bbox 970 1211 1085 1298; x_wconf 86' lang='lat' dir='ltr'>primo,</span> <span class='ocrx_word' id='word_1_75' title='bbox 1109 1211 1199 1295; x_wconf 91' lang='lat' dir='ltr'>quod</span> <span class='ocrx_word' id='word_1_76' title='bbox 1216 1232 1278 1276; x_wconf 93' lang='lat' dir='ltr'>no·</span> 
     </span>
     <span class='ocr_line' id='line_1_10' title="bbox 165 1308 1280 1395; baseline 0.004 -21"><span class='ocrx_word' id='word_1_77' title='bbox 165 1310 223 1374; x_wconf 86' lang='lat' dir='ltr'>stri</span> <span class='ocrx_word' id='word_1_78' title='bbox 247 1310 455 1377; x_wconf 87' lang='lat' dir='ltr'>Grammatici</span> <span class='ocrx_word' id='word_1_79' title='bbox 477 1313 542 1379; x_wconf 87' lang='lat' dir='ltr'>alio</span> <span class='ocrx_word' id='word_1_80' title='bbox 564 1316 709 1395; x_wconf 85' lang='lat' dir='ltr'>trahunt,</span> <span class='ocrx_word' id='word_1_81' title='bbox 739 1315 901 1383; x_wconf 82' lang='lat' dir='ltr'>consentit</span> <span class='ocrx_word' id='word_1_82' title='bbox 921 1315 1001 1380; x_wconf 85' lang='lat' dir='ltr'>EM.</span> <span class='ocrx_word' id='word_1_83' title='bbox 1025 1313 1097 1390; x_wconf 81' lang='lat'>126,</span> <span class='ocrx_word' id='word_1_84' title='bbox 1116 1314 1169 1377; x_wconf 81' lang='lat'>40.</span> <span class='ocrx_word' id='word_1_85' title='bbox 1193 1308 1280 1380; x_wconf 82' lang='grc' dir='ltr'><strong><em>ἇπο-</em></strong></span> 
     </span>
     <span class='ocr_line' id='line_1_11' title="bbox 166 1405 1280 1503; baseline 0.004 -29"><span class='ocrx_word' id='word_1_86' title='bbox 166 1408 322 1494; x_wconf 82' lang='grc' dir='ltr'><strong><em>καίνυμαι</em></strong></span> <span class='ocrx_word' id='word_1_87' title='bbox 353 1413 390 1477; x_wconf 82' lang='grc' dir='ltr'>τό</span> <span class='ocrx_word' id='word_1_88' title='bbox 424 1418 503 1480; x_wconf 82' lang='grc' dir='ltr'><strong><em>νικῶ</em></strong></span> <span class='ocrx_word' id='word_1_89' title='bbox 525 1417 620 1503; x_wconf 82' lang='grc' dir='ltr'><strong><em>παρὰ</em></strong></span> <span class='ocrx_word' id='word_1_90' title='bbox 641 1419 678 1485; x_wconf 82' lang='grc' dir='ltr'>τό</span> <span class='ocrx_word' id='word_1_91' title='bbox 703 1416 863 1485; x_wconf 72' lang='grc' dir='ltr'><strong><em>υἷ’νυσθαι</em></strong></span> <span class='ocrx_word' id='word_1_92' title='bbox 890 1414 945 1480; x_wconf 79' lang='grc' dir='ltr'>καὶ</span> <span class='ocrx_word' id='word_1_93' title='bbox 967 1411 1147 1497; x_wconf 77' lang='grc' dir='ltr'><strong><em>λαμβάνειν</em></strong></span> <span class='ocrx_word' id='word_1_94' title='bbox 1170 1405 1280 1481; x_wconf 75' lang='grc' dir='ltr'><strong><em>ἆθλον</em></strong></span> 
     </span>
     <span class='ocr_line' id='line_1_12' title="bbox 164 1503 1280 1599; baseline 0.004 -25"><span class='ocrx_word' id='word_1_95' title='bbox 164 1509 244 1590; x_wconf 77' lang='grc' dir='ltr'><strong><em>τοὺς</em></strong></span> <span class='ocrx_word' id='word_1_96' title='bbox 281 1516 439 1591; x_wconf 77' lang='grc' dir='ltr'><strong><em>νικῶντας</em></strong></span> <span class='ocrx_word' id='word_1_97' title='bbox 480 1515 728 1597; x_wconf 82' lang='grc' dir='ltr'><strong><em>πλεονάσαντος</em></strong></span> <span class='ocrx_word' id='word_1_98' title='bbox 768 1522 828 1584; x_wconf 81' lang='grc' dir='ltr'>τοῦ</span> <span class='ocrx_word' id='word_1_99' title='bbox 867 1503 902 1594; x_wconf 56' lang='grc' dir='ltr'>ν’,</span> <span class='ocrx_word' id='word_1_100' title='bbox 939 1515 1040 1599; x_wconf 85' lang='lat' dir='ltr'>idque</span> <span class='ocrx_word' id='word_1_101' title='bbox 1073 1514 1280 1579; x_wconf 85' lang='lat' dir='ltr'>confirmatur</span> 
     </span>
     <span class='ocr_line' id='line_1_13' title="bbox 165 1610 1279 1703; baseline 0.004 -26"><span class='ocrx_word' id='word_1_102' title='bbox 165 1611 325 1677; x_wconf 80' lang='lat' dir='ltr'>consimili</span> <span class='ocrx_word' id='word_1_103' title='bbox 343 1635 405 1676; x_wconf 92' lang='lat' dir='ltr'>usu</span> <span class='ocrx_word' id='word_1_104' title='bbox 424 1613 515 1678; x_wconf 86' lang='lat' dir='ltr'>verbi</span> <span class='ocrx_word' id='word_1_105' title='bbox 537 1615 643 1701; x_wconf 75' lang='grc' dir='ltr'><strong><em>αἱρεῖν</em></strong></span> <span class='ocrx_word' id='word_1_106' title='bbox 667 1618 717 1703; x_wconf 89' lang='lat' dir='ltr'>(id</span> <span class='ocrx_word' id='word_1_107' title='bbox 739 1627 788 1682; x_wconf 87' lang='lat' dir='ltr'>est</span> <span class='ocrx_word' id='word_1_108' title='bbox 809 1610 975 1702; x_wconf 68' lang='grc' dir='ltr'><strong><em>ἄρνυσθαι</em></strong></span> <span class='ocrx_word' id='word_1_109' title='bbox 999 1617 1067 1680; x_wconf 87' lang='lat' dir='ltr'>sive</span> <span class='ocrx_word' id='word_1_110' title='bbox 1091 1611 1279 1702; x_wconf 76' lang='lat' dir='ltr'>ol&#39;vuoltor),</span> 
     </span>
     <span class='ocr_line' id='line_1_14' title="bbox 167 1712 1279 1802; baseline 0.005 -27"><span class='ocrx_word' id='word_1_111' title='bbox 167 1712 209 1776; x_wconf 90' lang='lat' dir='ltr'>dc</span> <span class='ocrx_word' id='word_1_112' title='bbox 240 1733 305 1796; x_wconf 94' lang='lat' dir='ltr'>quo</span> <span class='ocrx_word' id='word_1_113' title='bbox 327 1712 485 1781; x_wconf 91' lang='lat' dir='ltr'>Scholion</span> <span class='ocrx_word' id='word_1_114' title='bbox 506 1714 643 1782; x_wconf 81' lang='lat' dir='ltr'>Aristid.</span> <span class='ocrx_word' id='word_1_115' title='bbox 667 1741 687 1782; x_wconf 87' lang='lat' dir='ltr'>a</span> <span class='ocrx_word' id='word_1_116' title='bbox 708 1715 963 1802; x_wconf 85' lang='lat' dir='ltr'>Wyttenbaohio</span> <span class='ocrx_word' id='word_1_117' title='bbox 985 1716 1028 1779; x_wconf 88' lang='lat' dir='ltr'>ad</span> <span class='ocrx_word' id='word_1_118' title='bbox 1049 1714 1215 1780; x_wconf 74' lang='lat' dir='ltr'><strong>Plutarch.</strong></span> <span class='ocrx_word' id='word_1_119' title='bbox 1238 1715 1279 1781; x_wconf 86' lang='lat' dir='ltr'>de</span> 
     </span>
     <span class='ocr_line' id='line_1_15' title="bbox 168 1811 1279 1903; baseline 0.002 -24"><span class='ocrx_word' id='word_1_120' title='bbox 168 1811 203 1879; x_wconf 90' lang='lat' dir='ltr'>S.</span> <span class='ocrx_word' id='word_1_121' title='bbox 226 1811 268 1876; x_wconf 91' lang='lat' dir='ltr'>N.</span> <span class='ocrx_word' id='word_1_122' title='bbox 290 1815 332 1880; x_wconf 92' lang='lat' dir='ltr'>V.</span> <span class='ocrx_word' id='word_1_123' title='bbox 354 1836 388 1900; x_wconf 89' lang='lat' dir='ltr'>p.</span> <span class='ocrx_word' id='word_1_124' title='bbox 411 1815 441 1879; x_wconf 82' lang='lat'>8.</span> <span class='ocrx_word' id='word_1_125' title='bbox 467 1817 661 1903; x_wconf 83' lang='lat' dir='ltr'>evulgatum,</span> <span class='ocrx_word' id='word_1_126' title='bbox 684 1843 703 1883; x_wconf 91' lang='lat' dir='ltr'>a</span> <span class='ocrx_word' id='word_1_127' title='bbox 722 1819 897 1885; x_wconf 85' lang='lat' dir='ltr'>Dindorlio</span> <span class='ocrx_word' id='word_1_128' title='bbox 919 1841 953 1903; x_wconf 91' lang='lat' dir='ltr'>p.</span> <span class='ocrx_word' id='word_1_129' title='bbox 975 1816 1049 1881; x_wconf 83' lang='grc'><strong>472.</strong></span> <span class='ocrx_word' id='word_1_130' title='bbox 1072 1817 1279 1902; x_wconf 81' lang='lat' dir='ltr'>praetermis·</span> 
     </span>
     <span class='ocr_line' id='line_1_16' title="bbox 167 1909 1280 2006; baseline 0.004 -29"><span class='ocrx_word' id='word_1_131' title='bbox 167 1934 254 1978; x_wconf 78' lang='lat' dir='ltr'>rum:</span> <span class='ocrx_word' id='word_1_132' title='bbox 280 1909 431 1995; x_wconf 72' lang='grc' dir='ltr'><strong><em>Εὔπολις</em></strong></span> <span class='ocrx_word' id='word_1_133' title='bbox 453 1918 532 2006; x_wconf 78' lang='grc' dir='ltr'><strong><em>περὶ</em></strong></span> <span class='ocrx_word' id='word_1_134' title='bbox 555 1924 616 1986; x_wconf 77' lang='grc' dir='ltr'>τοῦ</span> <span class='ocrx_word' id='word_1_135' title='bbox 636 1921 841 2006; x_wconf 82' lang='grc' dir='ltr'><strong><em>Περικλέους</em></strong></span> <span class='ocrx_word' id='word_1_136' title='bbox 864 1918 965 2006; x_wconf 80' lang='grc' dir='ltr'><strong><em>φησὶν</em></strong></span> <span class='ocrx_word' id='word_1_137' title='bbox 987 1910 1176 1985; x_wconf 68' lang='grc' dir='ltr'><strong><em>Ἕκόέκα</em></strong></span> <span class='ocrx_word' id='word_1_138' title='bbox 1203 1941 1280 1984; x_wconf 92' lang='grc' dir='ltr'>πο-</span> 
     </span>
     <span class='ocr_line' id='line_1_17' title="bbox 167 2013 1279 2107; baseline 0.003 -28"><span class='ocrx_word' id='word_1_139' title='bbox 167 2013 247 2080; x_wconf 78' lang='grc' dir='ltr'><strong><em>δῶν</em></strong></span> <span class='ocrx_word' id='word_1_140' title='bbox 278 2014 373 2104; x_wconf 78' lang='grc' dir='ltr'><strong><em>ᾔρει</em></strong></span> <span class='ocrx_word' id='word_1_141' title='bbox 404 2019 534 2104; x_wconf 77' lang='grc' dir='ltr'><strong><em>λέγων</em></strong></span> <span class='ocrx_word' id='word_1_142' title='bbox 567 2019 665 2098; x_wconf 81' lang='grc' dir='ltr'>τούς</span> <span class='ocrx_word' id='word_1_143' title='bbox 694 2016 881 2107; x_wconf 69' lang='grc' dir='ltr'><strong><em>ῥήτορας</em></strong></span> <span class='ocrx_word' id='word_1_144' title='bbox 917 2016 1077 2103; x_wconf 86' lang='lat' dir='ltr'>(Mcinek.</span> <span class='ocrx_word' id='word_1_145' title='bbox 1109 2017 1155 2082; x_wconf 91' lang='lat' dir='ltr'>Il.</span> <span class='ocrx_word' id='word_1_146' title='bbox 1188 2015 1279 2102; x_wconf 81' lang='lat'><strong>458.)</strong></span> 
     </span>
     <span class='ocr_line' id='line_1_18' title="bbox 166 2109 1279 2208; baseline 0.002 -28"><span class='ocrx_word' id='word_1_147' title='bbox 166 2109 271 2199; x_wconf 72' lang='grc' dir='ltr'><strong><em>αἱρῶν</em></strong></span> <span class='ocrx_word' id='word_1_148' title='bbox 292 2109 364 2182; x_wconf 80' lang='grc' dir='ltr'><strong><em>ἀντὶ</em></strong></span> <span class='ocrx_word' id='word_1_149' title='bbox 385 2123 446 2185; x_wconf 80' lang='grc' dir='ltr'>τοῦ</span> <span class='ocrx_word' id='word_1_150' title='bbox 466 2123 564 2185; x_wconf 83' lang='grc' dir='ltr'><strong><em>νικῶν</em></strong></span> <span class='ocrx_word' id='word_1_151' title='bbox 590 2130 650 2186; x_wconf 89' lang='lat' dir='ltr'>etc.</span> <span class='ocrx_word' id='word_1_152' title='bbox 668 2131 699 2186; x_wconf 90' lang='lat' dir='ltr'>et</span> <span class='ocrx_word' id='word_1_153' title='bbox 715 2119 956 2208; x_wconf 86' lang='lat' dir='ltr'>comparatione</span> <span class='ocrx_word' id='word_1_154' title='bbox 971 2126 1091 2203; x_wconf 86' lang='lat' dir='ltr'>poetae</span> <span class='ocrx_word' id='word_1_155' title='bbox 1105 2117 1148 2180; x_wconf 88' lang='lat' dir='ltr'>ad</span> <span class='ocrx_word' id='word_1_156' title='bbox 1156 2118 1279 2182; x_wconf 90' lang='lat' dir='ltr'>Buttm.</span> 
     </span>
     <span class='ocr_line' id='line_1_19' title="bbox 167 2212 1282 2301; baseline 0.003 -22"><span class='ocrx_word' id='word_1_157' title='bbox 167 2212 311 2279; x_wconf 79' lang='lat' dir='ltr'>Gramm.</span> <span class='ocrx_word' id='word_1_158' title='bbox 340 2217 413 2280; x_wconf 90' lang='grc'><strong>210.</strong></span> <span class='ocrx_word' id='word_1_159' title='bbox 441 2220 571 2282; x_wconf 86' lang='lat' dir='ltr'>excitati</span> <span class='ocrx_word' id='word_1_160' title='bbox 590 2219 720 2301; x_wconf 81' lang='grc' dir='ltr'><strong><em>πάντας</em></strong></span> <span class='ocrx_word' id='word_1_161' title='bbox 741 2216 981 2295; x_wconf 80' lang='grc' dir='ltr'><strong><em>κλεπτοσύναις</em></strong></span> <span class='ocrx_word' id='word_1_162' title='bbox 1005 2216 1154 2296; x_wconf 79' lang='grc' dir='ltr'><strong><em>ἐξαίνυτο</em></strong></span> <span class='ocrx_word' id='word_1_163' title='bbox 1173 2217 1210 2280; x_wconf 94' lang='lat' dir='ltr'>id</span> <span class='ocrx_word' id='word_1_164' title='bbox 1232 2229 1282 2282; x_wconf 88' lang='lat' dir='ltr'>est</span> 
     </span>
     <span class='ocr_line' id='line_1_20' title="bbox 167 2311 1282 2406; baseline 0.006 -31"><span class='ocrx_word' id='word_1_165' title='bbox 167 2311 268 2380; x_wconf 66' lang='lat' dir='ltr'>irino.</span> <span class='ocrx_word' id='word_1_166' title='bbox 312 2315 353 2379; x_wconf 93' lang='lat' dir='ltr'>In</span> <span class='ocrx_word' id='word_1_167' title='bbox 374 2317 486 2382; x_wconf 92' lang='lat' dir='ltr'>Photii</span> <span class='ocrx_word' id='word_1_168' title='bbox 508 2319 582 2384; x_wconf 92' lang='lat' dir='ltr'>loco</span> <span class='ocrx_word' id='word_1_169' title='bbox 604 2321 773 2386; x_wconf 87' lang='lat' dir='ltr'>Bekkcrus</span> <span class='ocrx_word' id='word_1_170' title='bbox 796 2311 899 2404; x_wconf 75' lang='grc' dir='ltr'><strong><em>οὖρος</em></strong></span> <span class='ocrx_word' id='word_1_171' title='bbox 919 2341 937 2382; x_wconf 89' lang='lat' dir='ltr'>e</span> <span class='ocrx_word' id='word_1_172' title='bbox 956 2317 1029 2383; x_wconf 87' lang='lat' dir='ltr'>cod.</span> <span class='ocrx_word' id='word_1_173' title='bbox 1047 2317 1125 2382; x_wconf 90' lang='lat' dir='ltr'>Par.</span> <span class='ocrx_word' id='word_1_174' title='bbox 1150 2320 1282 2406; x_wconf 80' lang='lat' dir='ltr'>scripsit</span> 
     </span>
     <span class='ocr_line' id='line_1_21' title="bbox 168 2415 1281 2507; baseline 0.006 -29"><span class='ocrx_word' id='word_1_175' title='bbox 168 2435 228 2500; x_wconf 91' lang='lat' dir='ltr'>pro</span> <span class='ocrx_word' id='word_1_176' title='bbox 251 2421 382 2502; x_wconf 86' lang='grc' dir='ltr'><strong><em>ναῦρος,</em></strong></span> <span class='ocrx_word' id='word_1_177' title='bbox 406 2419 458 2483; x_wconf 90' lang='lat' dir='ltr'>cui</span> <span class='ocrx_word' id='word_1_178' title='bbox 480 2420 589 2506; x_wconf 91' lang='lat' dir='ltr'>aptior</span> <span class='ocrx_word' id='word_1_179' title='bbox 609 2422 742 2507; x_wconf 90' lang='lat' dir='ltr'>quidem</span> <span class='ocrx_word' id='word_1_180' title='bbox 764 2433 813 2486; x_wconf 88' lang='lat' dir='ltr'>est</span> <span class='ocrx_word' id='word_1_181' title='bbox 832 2420 1055 2505; x_wconf 76' lang='lat' dir='ltr'>interpretatio</span> <span class='ocrx_word' id='word_1_182' title='bbox 1074 2419 1137 2483; x_wconf 86' lang='lat' dir='ltr'>ista</span> <span class='ocrx_word' id='word_1_183' title='bbox 1158 2415 1177 2484; x_wconf 87' lang='grc' dir='ltr'><strong><em>ό</em></strong></span> <span class='ocrx_word' id='word_1_184' title='bbox 1194 2419 1281 2485; x_wconf 88' lang='grc' dir='ltr'><strong><em>κατὰ</em></strong></span> 
     </span>
     <span class='ocr_line' id='line_1_22' title="bbox 164 2515 1280 2610; baseline 0.004 -30"><span class='ocrx_word' id='word_1_185' title='bbox 164 2520 242 2581; x_wconf 81' lang='grc' dir='ltr'><strong><em>νοῦν</em></strong></span> <span class='ocrx_word' id='word_1_186' title='bbox 270 2515 420 2605; x_wconf 78' lang='grc' dir='ltr'><strong><em>ἐλαφρός</em></strong></span> <span class='ocrx_word' id='word_1_187' title='bbox 449 2522 558 2607; x_wconf 89' lang='lat' dir='ltr'>(quasi</span> <span class='ocrx_word' id='word_1_188' title='bbox 591 2520 746 2610; x_wconf 84' lang='grc' dir='ltr'><strong><em>υόουρος)</em></strong></span> <span class='ocrx_word' id='word_1_189' title='bbox 775 2522 835 2587; x_wconf 86' lang='lat' dir='ltr'>sed</span> <span class='ocrx_word' id='word_1_190' title='bbox 863 2531 1047 2607; x_wconf 83' lang='lat' dir='ltr'>repugnant</span> <span class='ocrx_word' id='word_1_191' title='bbox 1076 2542 1159 2603; x_wconf 87' lang='lat' dir='ltr'>quae</span> <span class='ocrx_word' id='word_1_192' title='bbox 1188 2530 1280 2584; x_wconf 88' lang='lat' dir='ltr'>ante-</span> 
     </span>
     <span class='ocr_line' id='line_1_23' title="bbox 165 2615 1280 2712; baseline 0.006 -34"><span class='ocrx_word' id='word_1_193' title='bbox 165 2615 295 2693; x_wconf 91' lang='lat' dir='ltr'>cedunt,</span> <span class='ocrx_word' id='word_1_194' title='bbox 317 2619 381 2682; x_wconf 91' lang='lat' dir='ltr'>nisi</span> <span class='ocrx_word' id='word_1_195' title='bbox 403 2623 576 2688; x_wconf 89' lang='lat' dir='ltr'>Helladius</span> <span class='ocrx_word' id='word_1_196' title='bbox 599 2625 633 2689; x_wconf 92' lang='lat' dir='ltr'>in</span> <span class='ocrx_word' id='word_1_197' title='bbox 656 2647 755 2712; x_wconf 89' lang='lat' dir='ltr'>opere</span> <span class='ocrx_word' id='word_1_198' title='bbox 774 2624 901 2709; x_wconf 83' lang='lat' dir='ltr'>integro</span> <span class='ocrx_word' id='word_1_199' title='bbox 918 2644 986 2685; x_wconf 90' lang='lat' dir='ltr'>non</span> <span class='ocrx_word' id='word_1_200' title='bbox 1005 2620 1111 2685; x_wconf 92' lang='lat' dir='ltr'>solum</span> <span class='ocrx_word' id='word_1_201' title='bbox 1127 2620 1168 2685; x_wconf 87' lang='lat' dir='ltr'>de</span> <span class='ocrx_word' id='word_1_202' title='bbox 1186 2619 1280 2705; x_wconf 89' lang='lat' dir='ltr'>pleo-</span> 
     </span>
     <span class='ocr_line' id='line_1_24' title="bbox 164 2718 1281 2810; baseline 0.005 -32"><span class='ocrx_word' id='word_1_203' title='bbox 164 2738 278 2781; x_wconf 87' lang='lat' dir='ltr'>nasmo</span> <span class='ocrx_word' id='word_1_204' title='bbox 299 2718 413 2785; x_wconf 87' lang='lat' dir='ltr'>literae</span> <span class='ocrx_word' id='word_1_205' title='bbox 434 2723 546 2810; x_wconf 88' lang='lat' dir='ltr'>kappa</span> <span class='ocrx_word' id='word_1_206' title='bbox 568 2726 744 2791; x_wconf 86' lang='lat' dir='ltr'>sedetiam</span> <span class='ocrx_word' id='word_1_207' title='bbox 767 2727 808 2790; x_wconf 90' lang='lat' dir='ltr'>de</span> <span class='ocrx_word' id='word_1_208' title='bbox 831 2724 928 2808; x_wconf 89' lang='lat' dir='ltr'>hujus</span> <span class='ocrx_word' id='word_1_209' title='bbox 947 2742 1112 2786; x_wconf 86' lang='lat' dir='ltr'>consonae</span> <span class='ocrx_word' id='word_1_210' title='bbox 1130 2740 1190 2806; x_wconf 91' lang='lat' dir='ltr'>pro</span> <span class='ocrx_word' id='word_1_211' title='bbox 1209 2719 1281 2784; x_wconf 86' lang='lat' dir='ltr'>aliis</span> 
     </span>
     <span class='ocr_line' id='line_1_25' title="bbox 166 2819 1280 2912; baseline 0.004 -32"><span class='ocrx_word' id='word_1_212' title='bbox 166 2819 394 2903; x_wconf 87' lang='lat' dir='ltr'>suppositione</span> <span class='ocrx_word' id='word_1_213' title='bbox 424 2823 579 2908; x_wconf 92' lang='lat' dir='ltr'>loquutus</span> <span class='ocrx_word' id='word_1_214' title='bbox 609 2837 672 2902; x_wconf 82' lang='lat' dir='ltr'>est3</span> <span class='ocrx_word' id='word_1_215' title='bbox 703 2830 823 2909; x_wconf 81' lang='grc' dir='ltr'><strong><em>ναῡρος</em></strong></span> <span class='ocrx_word' id='word_1_216' title='bbox 856 2834 985 2912; x_wconf 85' lang='lat' dir='ltr'>praeter</span> <span class='ocrx_word' id='word_1_217' title='bbox 1010 2821 1187 2907; x_wconf 82' lang='lat' dir='ltr'>ancipitem</span> <span class='ocrx_word' id='word_1_218' title='bbox 1208 2822 1280 2884; x_wconf 90' lang='lat' dir='ltr'>He-</span> 
     </span>
     <span class='ocr_line' id='line_1_26' title="bbox 165 2918 1282 3013; baseline 0.004 -32"><span class='ocrx_word' id='word_1_219' title='bbox 165 2918 270 3001; x_wconf 88' lang='lat' dir='ltr'>sychii</span> <span class='ocrx_word' id='word_1_220' title='bbox 292 2921 436 3005; x_wconf 83' lang='lat' dir='ltr'>glossam</span> <span class='ocrx_word' id='word_1_221' title='bbox 458 2930 580 3012; x_wconf 80' lang='grc' dir='ltr'><strong><em>Ναῦρα</em></strong></span> <span class='ocrx_word' id='word_1_222' title='bbox 601 2923 620 3013; x_wconf 83' lang='grc' dir='ltr'>ἢ</span> <span class='ocrx_word' id='word_1_223' title='bbox 644 2922 764 3013; x_wconf 89' lang='grc' dir='ltr'><strong><em>ναορόν</em></strong></span> <span class='ocrx_word' id='word_1_224' title='bbox 792 2919 906 3011; x_wconf 72' lang='grc' dir='ltr'><strong><em>ὄγκος,</em></strong></span> <span class='ocrx_word' id='word_1_225' title='bbox 934 2946 1001 2989; x_wconf 93' lang='lat' dir='ltr'>non</span> <span class='ocrx_word' id='word_1_226' title='bbox 1027 2922 1146 3008; x_wconf 85' lang='lat' dir='ltr'>legitur</span> <span class='ocrx_word' id='word_1_227' title='bbox 1174 2920 1235 2985; x_wconf 92' lang='lat' dir='ltr'>sed</span> <span class='ocrx_word' id='word_1_228' title='bbox 1262 2944 1282 2984; x_wconf 88' lang='lat' dir='ltr'>a</span> 
     </span>
     <span class='ocr_line' id='line_1_27' title="bbox 164 3023 1280 3110; baseline 0.001 -25"><span class='ocrx_word' id='word_1_229' title='bbox 164 3023 385 3106; x_wconf 78' lang='lat' dir='ltr'>grammatico,</span> <span class='ocrx_word' id='word_1_230' title='bbox 410 3026 465 3110; x_wconf 92' lang='lat' dir='ltr'>qui</span> <span class='ocrx_word' id='word_1_231' title='bbox 490 3034 576 3094; x_wconf 81' lang='grc' dir='ltr'><strong><em>νοεῖν</em></strong></span> <span class='ocrx_word' id='word_1_232' title='bbox 598 3037 630 3092; x_wconf 90' lang='lat' dir='ltr'>et</span> <span class='ocrx_word' id='word_1_233' title='bbox 651 3032 742 3093; x_wconf 83' lang='grc' dir='ltr'><strong><em>κυεῖν</em></strong></span> <span class='ocrx_word' id='word_1_234' title='bbox 763 3024 851 3091; x_wconf 89' lang='lat' dir='ltr'>idem</span> <span class='ocrx_word' id='word_1_235' title='bbox 873 3047 945 3090; x_wconf 85' lang='lat' dir='ltr'>esse</span> <span class='ocrx_word' id='word_1_236' title='bbox 967 3023 1178 3099; x_wconf 83' lang='lat' dir='ltr'>meminisset,</span> <span class='ocrx_word' id='word_1_237' title='bbox 1200 3023 1280 3107; x_wconf 82' lang='lat' dir='ltr'>fingi</span> 
     </span>
     <span class='ocr_line' id='line_1_28' title="bbox 165 3117 1280 3214; baseline 0.001 -28"><span class='ocrx_word' id='word_1_238' title='bbox 165 3124 272 3207; x_wconf 91' lang='lat' dir='ltr'>potuit</span> <span class='ocrx_word' id='word_1_239' title='bbox 294 3126 337 3189; x_wconf 87' lang='lat' dir='ltr'>ad</span> <span class='ocrx_word' id='word_1_240' title='bbox 360 3128 589 3214; x_wconf 84' lang='lat' dir='ltr'>explicandum</span> <span class='ocrx_word' id='word_1_241' title='bbox 605 3132 738 3213; x_wconf 80' lang='grc' dir='ltr'><strong><em>κοῦρος,</em></strong></span> <span class='ocrx_word' id='word_1_242' title='bbox 761 3128 850 3212; x_wconf 91' lang='lat' dir='ltr'>quod</span> <span class='ocrx_word' id='word_1_243' title='bbox 866 3117 1099 3212; x_wconf 85' lang='lat' dir='ltr'>glossographi</span> <span class='ocrx_word' id='word_1_244' title='bbox 1118 3145 1280 3189; x_wconf 90' lang='lat' dir='ltr'>consensu</span> 
     </span>
     <span class='ocr_line' id='line_1_29' title="bbox 164 3223 1281 3312; baseline 0.002 -26"><span class='ocrx_word' id='word_1_245' title='bbox 164 3223 418 3311; x_wconf 87' lang='lat' dir='ltr'>interpretantur</span> <span class='ocrx_word' id='word_1_246' title='bbox 452 3226 566 3308; x_wconf 85' lang='grc' dir='ltr'><strong><em>κακός.</em></strong></span> <span class='ocrx_word' id='word_1_247' title='bbox 619 3229 737 3312; x_wconf 86' lang='lat' dir='ltr'>Neque</span> <span class='ocrx_word' id='word_1_248' title='bbox 769 3229 905 3293; x_wconf 85' lang='lat' dir='ltr'>alterum</span> <span class='ocrx_word' id='word_1_249' title='bbox 940 3235 1075 3291; x_wconf 89' lang='lat' dir='ltr'>testatur</span> <span class='ocrx_word' id='word_1_250' title='bbox 1108 3226 1281 3311; x_wconf 84' lang='lat' dir='ltr'>quisquam</span> 
     </span>
     <span class='ocr_line' id='line_1_30' title="bbox 164 3321 1282 3412; baseline 0.001 -25"><span class='ocrx_word' id='word_1_251' title='bbox 164 3336 294 3408; x_wconf 89' lang='lat' dir='ltr'>practer</span> <span class='ocrx_word' id='word_1_252' title='bbox 322 3327 525 3410; x_wconf 88' lang='lat' dir='ltr'>Hesychium</span> <span class='ocrx_word' id='word_1_253' title='bbox 553 3321 671 3410; x_wconf 79' lang='grc' dir='ltr'><strong><em>Αὖροι</em></strong></span> <span class='ocrx_word' id='word_1_254' title='bbox 700 3329 797 3410; x_wconf 80' lang='grc' dir='ltr'><strong><em>λαγοί</em></strong></span> <span class='ocrx_word' id='word_1_255' title='bbox 826 3327 977 3412; x_wconf 78' lang='grc' dir='ltr'><strong><em>λ’σαυροι,</em></strong></span> <span class='ocrx_word' id='word_1_256' title='bbox 1000 3326 1090 3411; x_wconf 94' lang='lat' dir='ltr'>quod</span> <span class='ocrx_word' id='word_1_257' title='bbox 1111 3347 1224 3390; x_wconf 85' lang='lat' dir='ltr'>vereor</span> <span class='ocrx_word' id='word_1_258' title='bbox 1246 3337 1282 3388; x_wconf 93' lang='lat' dir='ltr'>ut</span> 
     </span>
     <span class='ocr_line' id='line_1_31' title="bbox 165 3421 1280 3508; baseline 0.001 -20"><span class='ocrx_word' id='word_1_259' title='bbox 165 3421 290 3490; x_wconf 85' lang='lat' dir='ltr'>Coraes</span> <span class='ocrx_word' id='word_1_260' title='bbox 312 3427 355 3491; x_wconf 88' lang='lat' dir='ltr'>ad</span> <span class='ocrx_word' id='word_1_261' title='bbox 378 3428 511 3493; x_wconf 89' lang='lat' dir='ltr'>Heliod.</span> <span class='ocrx_word' id='word_1_262' title='bbox 534 3429 607 3495; x_wconf 83' lang='lat'><strong>345.</strong></span> <span class='ocrx_word' id='word_1_263' title='bbox 630 3436 717 3492; x_wconf 88' lang='lat' dir='ltr'>recte</span> <span class='ocrx_word' id='word_1_264' title='bbox 739 3427 775 3491; x_wconf 92' lang='lat' dir='ltr'>in</span> <span class='ocrx_word' id='word_1_265' title='bbox 790 3429 909 3508; x_wconf 81' lang='grc' dir='ltr'><strong><em>σαῦροι</em></strong></span> <span class='ocrx_word' id='word_1_266' title='bbox 930 3427 1116 3502; x_wconf 86' lang='lat' dir='ltr'>mutaverit;</span> <span class='ocrx_word' id='word_1_267' title='bbox 1135 3448 1210 3490; x_wconf 88' lang='lat' dir='ltr'>nam</span> <span class='ocrx_word' id='word_1_268' title='bbox 1225 3425 1280 3489; x_wconf 89' lang='lat' dir='ltr'>ille</span> 
     </span>
     <span class='ocr_line' id='line_1_32' title="bbox 166 3521 1280 3616; baseline 0.003 -29"><span class='ocrx_word' id='word_1_269' title='bbox 166 3523 231 3589; x_wconf 89' lang='lat' dir='ltr'>hoo</span> <span class='ocrx_word' id='word_1_270' title='bbox 252 3527 360 3592; x_wconf 86' lang='lat' dir='ltr'>dicere</span> <span class='ocrx_word' id='word_1_271' title='bbox 382 3529 510 3594; x_wconf 89' lang='lat' dir='ltr'>videtur</span> <span class='ocrx_word' id='word_1_272' title='bbox 528 3530 659 3616; x_wconf 85' lang='lat' dir='ltr'>lepores</span> <span class='ocrx_word' id='word_1_273' title='bbox 682 3550 741 3615; x_wconf 89' lang='lat' dir='ltr'>per</span> <span class='ocrx_word' id='word_1_274' title='bbox 758 3525 1055 3592; x_wconf 84' lang='lat' dir='ltr'>denominationem</span> <span class='ocrx_word' id='word_1_275' title='bbox 1075 3521 1200 3612; x_wconf 78' lang='grc' dir='ltr'><strong><em>αόρους</em></strong></span> <span class='ocrx_word' id='word_1_276' title='bbox 1220 3547 1280 3590; x_wconf 88' lang='lat' dir='ltr'>vo-</span> 
     </span>
     <span class='ocr_line' id='line_1_33' title="bbox 166 3621 1281 3716; baseline 0.002 -27"><span class='ocrx_word' id='word_1_277' title='bbox 166 3626 232 3689; x_wconf 88' lang='lat' dir='ltr'>cari</span> <span class='ocrx_word' id='word_1_278' title='bbox 259 3628 353 3711; x_wconf 87' lang='lat' dir='ltr'>quasi</span> <span class='ocrx_word' id='word_1_279' title='bbox 385 3625 544 3716; x_wconf 79' lang='grc' dir='ltr'><strong><em>ἰοαύρους</em></strong></span> <span class='ocrx_word' id='word_1_280' title='bbox 570 3632 622 3696; x_wconf 89' lang='lat' dir='ltr'>vel</span> <span class='ocrx_word' id='word_1_281' title='bbox 651 3626 828 3712; x_wconf 69' lang='grc' dir='ltr'><strong><em>ἰσονόμους</em></strong></span> <span class='ocrx_word' id='word_1_282' title='bbox 854 3639 891 3691; x_wconf 92' lang='lat' dir='ltr'>ut</span> <span class='ocrx_word' id='word_1_283' title='bbox 911 3628 1076 3693; x_wconf 82' lang='lat' dir='ltr'>Nicander</span> <span class='ocrx_word' id='word_1_284' title='bbox 1101 3621 1281 3715; x_wconf 76' lang='grc' dir='ltr'><strong><em>ἠνεμόεντα</em></strong></span> 
     </span>
     <span class='ocr_line' id='line_1_34' title="bbox 165 3722 1278 3812; baseline 0.001 -21"><span class='ocrx_word' id='word_1_285' title='bbox 165 3725 296 3810; x_wconf 80' lang='grc' dir='ltr'><strong><em>λαγωόν</em></strong></span> <span class='ocrx_word' id='word_1_286' title='bbox 319 3728 400 3791; x_wconf 80' lang='lat' dir='ltr'>dixit</span> <span class='ocrx_word' id='word_1_287' title='bbox 422 3729 522 3794; x_wconf 78' lang='lat' dir='ltr'>Ther.</span> <span class='ocrx_word' id='word_1_288' title='bbox 543 3733 617 3796; x_wconf 83' lang='lat'><strong>454.</strong></span> <span class='ocrx_word' id='word_1_289' title='bbox 661 3731 756 3795; x_wconf 90' lang='lat' dir='ltr'>Idem</span> <span class='ocrx_word' id='word_1_290' title='bbox 772 3722 988 3812; x_wconf 72' lang='grc' dir='ltr'><strong><em>Αόριβότας·</em></strong></span> <span class='ocrx_word' id='word_1_291' title='bbox 1011 3724 1029 3794; x_wconf 89' lang='grc' dir='ltr'><strong><em>ό</em></strong></span> <span class='ocrx_word' id='word_1_292' title='bbox 1047 3724 1219 3808; x_wconf 81' lang='grc' dir='ltr'><strong><em>Αἰσχύλος</em></strong></span> <span class='ocrx_word' id='word_1_293' title='bbox 1241 3725 1278 3791; x_wconf 83' lang='grc' dir='ltr'>τό</span> 
     </span>
     <span class='ocr_line' id='line_1_35' title="bbox 166 3821 1281 3915; baseline -0.003 -20"><span class='ocrx_word' id='word_1_294' title='bbox 166 3822 285 3914; x_wconf 69' lang='grc' dir='ltr'><strong><em>αὔριον</em></strong></span> <span class='ocrx_word' id='word_1_295' title='bbox 313 3827 377 3913; x_wconf 86' lang='lat' dir='ltr'>(vel</span> <span class='ocrx_word' id='word_1_296' title='bbox 404 3821 496 3914; x_wconf 74' lang='lat' dir='ltr'>odor)</span> <span class='ocrx_word' id='word_1_297' title='bbox 530 3829 588 3898; x_wconf 77' lang='grc' dir='ltr'>ἐπὶ</span> <span class='ocrx_word' id='word_1_298' title='bbox 615 3835 675 3898; x_wconf 80' lang='grc' dir='ltr'>τοῦ</span> <span class='ocrx_word' id='word_1_299' title='bbox 695 3828 819 3912; x_wconf 82' lang='grc' dir='ltr'><strong><em>ταχέως</em></strong></span> <span class='ocrx_word' id='word_1_300' title='bbox 842 3838 874 3892; x_wconf 90' lang='lat' dir='ltr'>et</span> <span class='ocrx_word' id='word_1_301' title='bbox 893 3825 1073 3913; x_wconf 81' lang='grc' dir='ltr'><strong><em>Πόόαυρος</em></strong></span> <span class='ocrx_word' id='word_1_302' title='bbox 1096 3825 1281 3915; x_wconf 68' lang='grc' dir='ltr'><strong><em>ἐρρωμένος</em></strong></span> 
     </span>
     <span class='ocr_line' id='line_1_36' title="bbox 165 3927 1281 4016; baseline -0.005 -20"><span class='ocrx_word' id='word_1_303' title='bbox 165 3930 243 4010; x_wconf 83' lang='grc' dir='ltr'><strong><em>τοὺς</em></strong></span> <span class='ocrx_word' id='word_1_304' title='bbox 277 3929 387 4008; x_wconf 83' lang='grc' dir='ltr'><strong><em>πόδας</em></strong></span> <span class='ocrx_word' id='word_1_305' title='bbox 413 3929 550 3995; x_wconf 82' lang='lat' dir='ltr'>fortasse</span> <span class='ocrx_word' id='word_1_306' title='bbox 583 3929 624 3995; x_wconf 88' lang='lat' dir='ltr'>ab</span> <span class='ocrx_word' id='word_1_307' title='bbox 655 3929 769 3995; x_wconf 83' lang='lat' dir='ltr'>eadem</span> <span class='ocrx_word' id='word_1_308' title='bbox 795 3928 906 4016; x_wconf 86' lang='lat' dir='ltr'>stirpe.</span> <span class='ocrx_word' id='word_1_309' title='bbox 937 3967 978 3976; x_wconf 91' lang='lat'>-</span> <span class='ocrx_word' id='word_1_310' title='bbox 1007 3927 1217 3993; x_wconf 86' lang='lat' dir='ltr'>Herodianus</span> <span class='ocrx_word' id='word_1_311' title='bbox 1248 3927 1281 3991; x_wconf 91' lang='lat' dir='ltr'>in</span> 
     </span>
    </p>
   </div>
   <div class='ocr_carea' id='block_1_3' title="bbox 166 4163 1280 4325">
    <p class='ocr_par' dir='ltr' id='par_1_3' title="bbox 166 4163 1280 4325">
     <span class='ocr_line' id='line_1_37' title="bbox 166 4163 1280 4236; baseline -0.003 -18"><span class='ocrx_word' id='word_1_312' title='bbox 166 4172 215 4218; x_wconf 87' lang='lat' dir='ltr'>aut</span> <span class='ocrx_word' id='word_1_313' title='bbox 232 4165 347 4236; x_wconf 81' lang='lat' dir='ltr'>indigne</span> <span class='ocrx_word' id='word_1_314' title='bbox 364 4169 520 4224; x_wconf 76' lang='lat' dir='ltr'>alucinator</span> <span class='ocrx_word' id='word_1_315' title='bbox 539 4174 587 4220; x_wconf 87' lang='lat' dir='ltr'>aut</span> <span class='ocrx_word' id='word_1_316' title='bbox 605 4165 717 4235; x_wconf 81' lang='lat' dir='ltr'>ignotos</span> <span class='ocrx_word' id='word_1_317' title='bbox 735 4163 816 4220; x_wconf 81' lang='lat' dir='ltr'>nobis</span> <span class='ocrx_word' id='word_1_318' title='bbox 835 4171 964 4219; x_wconf 83' lang='lat' dir='ltr'>auctores</span> <span class='ocrx_word' id='word_1_319' title='bbox 984 4171 1118 4234; x_wconf 84' lang='lat' dir='ltr'>sequutus</span> <span class='ocrx_word' id='word_1_320' title='bbox 1137 4170 1195 4230; x_wconf 79' lang='lat' dir='ltr'>est3</span> <span class='ocrx_word' id='word_1_321' title='bbox 1216 4180 1280 4215; x_wconf 86' lang='lat' dir='ltr'>nam</span> 
     </span>
     <span class='ocr_line' id='line_1_38' title="bbox 166 4246 1278 4325; baseline -0.002 -22"><span class='ocrx_word' id='word_1_322' title='bbox 166 4253 242 4322; x_wconf 84' lang='lat' dir='ltr'>apud</span> <span class='ocrx_word' id='word_1_323' title='bbox 251 4268 308 4315; x_wconf 87' lang='lat' dir='ltr'>eos,</span> <span class='ocrx_word' id='word_1_324' title='bbox 317 4254 365 4321; x_wconf 87' lang='lat' dir='ltr'>qui</span> <span class='ocrx_word' id='word_1_325' title='bbox 376 4256 460 4311; x_wconf 84' lang='lat' dir='ltr'>hodie</span> <span class='ocrx_word' id='word_1_326' title='bbox 469 4254 609 4325; x_wconf 84' lang='lat' dir='ltr'>leguntur,</span> <span class='ocrx_word' id='word_1_327' title='bbox 620 4267 726 4304; x_wconf 86' lang='lat' dir='ltr'>summa</span> <span class='ocrx_word' id='word_1_328' title='bbox 736 4257 780 4305; x_wconf 80' lang='lat' dir='ltr'>ert</span> <span class='ocrx_word' id='word_1_329' title='bbox 788 4252 889 4306; x_wconf 88' lang='lat' dir='ltr'>horum</span> <span class='ocrx_word' id='word_1_330' title='bbox 897 4249 1099 4305; x_wconf 74' lang='lat' dir='ltr'>vocabulorum</span> <span class='ocrx_word' id='word_1_331' title='bbox 1109 4246 1278 4304; x_wconf 81' lang='lat' dir='ltr'>differentia.</span> 
     </span>
    </p>
   </div>
   <div class='ocr_carea' id='block_1_4' title="bbox 0 0 1376 4778">
    <p class='ocr_par' dir='ltr' id='par_1_4' title="bbox 0 0 1376 4778">
     <span class='ocr_line' id='line_1_39' title="bbox 0 0 1376 4778; baseline 0 0"><span class='ocrx_word' id='word_1_332' title='bbox 0 0 1376 4778; x_wconf 95' lang='lat' dir='ltr'> </span> 
     </span>
    </p>
   </div>
  </div>
 </body>
</html>
