2736 4778
203 361 266 431 rer
582 357 860 459 orssnarurro
893 359 965 425 vm

204 528 457 608 contrariumque
483 530 524 590 M
529 522 549 611 η’
556 550 588 606 χι
613 519 657 603 uis·
679 521 765 607 νοόχι
790 522 845 589 καὶ
869 519 958 606 οόχί·
992 517 1167 605 Εὔβουλος
1190 523 1336 607 (Fragm.

204 630 288 696 Gom.
311 629 360 694 III
382 626 469 712 216.)
492 628 709 694 Antiatticista
729 629 763 694 in
784 627 902 693 dnecd
923 626 1024 694 Beklc
1049 625 1121 692 108.
1149 626 1198 692 ll.

288 732 360 798 Non
381 732 490 814 procul
511 731 584 797 hinc
605 737 739 814 vagatur
757 730 1094 812 vordesperatissima
1118 749 1217 815 quam
1230 730 1334 797 Choe-

202 835 352 901 roboscus
375 835 408 899 in
429 833 545 899 Psalm.
568 832 619 900 di.
642 835 683 899 25
717 835 749 899 in
772 834 927 915 quadrum
950 833 1094 915 redigere
1118 839 1272 900 nonaum:
1295 836 1332 900 τὸ

202 943 319 1024 κῆχος
341 933 465 1022 γίνεται
489 937 582 1024 πορόι
615 937 653 1004 τὸ
688 941 737 1022 πῆ
770 937 826 1004 καὶ
848 933 978 1004 tardere
1007 941 1066 1021 τῆς
1089 939 1333 1024 secundicerius

176 1042 259 1108 ‘aui
287 1045 399 1126 τροπῇ
432 1046 489 1107 τοῦ
516 1043 541 1110 {I
567 1035 616 1119 οἷς
642 1044 660 1111 i
688 1045 793 1126 ιιῆχος.
837 1039 870 1105 Is
892 1040 989 1121 igitur
1011 1039 1180 1106 dictionem
1202 1040 1333 1108 Atume

201 1137 391 1211 urbanitatis
423 1147 485 1209 ποῖ
506 1146 604 1230 νῆχος
636 1163 654 1210 e
682 1143 784 1209 tribus
811 1142 955 1225 partibus
977 1141 1144 1209 conflatam
1167 1161 1244 1209 esse
1267 1151 1331 1211 sta·

202 1248 272 1326 tuit,
295 1246 445 1311 adverbia
456 1246 599 1312 eiusdem
612 1246 721 1328 stirpis
744 1250 806 1312 νιοῖ
826 1251 861 1310 et
880 1242 920 1332 κή
943 1244 1038 1312 idest
1054 1242 1331 1332 nrlparallclismo

201 1349 337 1431 quodam
356 1349 466 1431 juncta
484 1353 622 1430 putans,
655 1347 723 1414 iere
751 1355 787 1414 ut
813 1349 846 1414 in
869 1348 981 1431 Odyss,
1003 1349 1081 1414 XIX
1103 1348 1165 1414 dli
1189 1353 1329 1438 Παρνη-

202 1448 303 1530 σόνδ’,
337 1448 399 1517 ὅθι
422 1448 490 1517 ποό
511 1476 571 1535 μοι
599 1446 735 1539 κτήματ’
761 1449 833 1518 ἔασι
857 1452 1035 1517 encliticum
1057 1453 1191 1519 relativo
1215 1454 1330 1519 adiun-

201 1561 287 1622 ctum
314 1560 364 1621 est
397 1559 430 1618 et
457 1571 552 1635 saepe
575 1554 823 1621 demonstrativo
845 1555 926 1643 τῇδέ
948 1579 1014 1642 πη,
1050 1557 1130 1643 τῇδέ
1161 1581 1246 1633 που,
1281 1556 1331 1620 Ιιιί

201 1657 327 1723 duali.
371 1657 601 1723 Eratosthenes
633 1675 708 1723 vero
741 1663 774 1722 et
795 1656 979 1739 Apollonius
1012 1675 1069 1739 pro
1103 1681 1164 1742 quo
1192 1659 1330 1724 υιᾈιιόιι

200 1765 390 1843 acceperuut
411 1760 555 1825 Jonicum
577 1766 693 1847 κῆγχος
725 1779 764 1826 ex
791 1760 831 1849 νὴ
860 1753 960 1845 όγχος
992 1762 1059 1826 sive
1082 1752 1156 1847 όγχι
1179 1769 1358 1840 οοοειπιος

200 1869 370 1929 sumentes.
413 1862 500 1928 Nihil
532 1849 644 1930 horum
676 1862 796 1944 probat
813 1862 989 1928 Meinekius
1017 1882 1168 1946 spemque
1201 1885 1328 1933 omnem

200 1967 267 2031 veri
288 1965 466 2031 inveniendi
488 1967 556 2032 iure
574 1965 682 2031 abiicit
697 1965 738 2032 ad
749 1965 874 2048 Fragm.
885 1958 1031 2032 Pherecr.
1054 1966 1123 2033 Vol.
1135 1967 1214 2034 ΗΡ.
1227 1968 1244 2033 Ι
1256 1968 1327 2036 350.

287 2069 507 2152 Aspiratarum
529 2070 657 2135 tertiam
679 2069 818 2151 epectasi
841 2068 1015 2135 adhibitam
1037 2089 1108 2136 esse
1128 2070 1236 2152 Epim.
1258 2073 1279 2138 l
1300 2091 1325 2138 c.

200 2160 397 2240 demonstrat
419 2173 561 2254 exemplo
584 2171 725 2238 adverbii
757 2167 908 2248 νειόθι,
944 2173 1033 2255 cujus
1065 2175 1192 2255 generis
1227 2176 1325 2241 multa

199 2281 344 2355 exstant:
369 2272 500 2351 οἴκοθι,
524 2272 659 2364 τηλόθι,
683 2270 801 2360 ἐγγύθι
825 2279 882 2340 ete
928 2273 990 2340 Sed
1012 2275 1061 2341 his
1085 2278 1233 2345 omnibus
1255 2297 1324 2346 eon·

200 2382 308 2448 iuncta
330 2384 381 2446 est
402 2378 575 2461 corruptis,
597 2397 679 2460 quae
701 2378 831 2458 dicitur,
853 2379 1026 2461 prototypi,
1060 2381 1145 2463 quod
1166 2383 1324 2466 integrum

204 2485 343 2551 reddunt
364 2477 448 2565 οόχό,
483 2479 579 2564 νοιχό.
626 2479 806 2563 Suppetunt
838 2501 912 2548 vero
935 2483 1099 2549 similiora:
1131 2479 1323 2572 ἀπόπροθι,

200 2582 296 2669 αὖθι,
321 2584 440 2666 ἐκεῖθι,
465 2604 546 2668 quae
570 2591 694 2651 veteres
716 2586 809 2650 nimis
832 2603 963 2666 operose
987 2586 1027 2651 ad
1038 2606 1196 2669 syncopen
1221 2590 1323 2656 detor·

199 2697 306 2773 quent,
323 2711 352 2754 v.
365 2691 455 2754 Path.
468 2689 601 2753 Elemm.
615 2688 630 2752 I
643 2687 715 2752 357.
725 2725 760 2735 -
772 2688 853 2754 Non
875 2691 1080 2772 aspiratos
1103 2690 1245 2757 excludit
1255 2693 1323 2758 ΕΜ.

199 2793 270 2860 638.
294 2795 345 2873 37,
369 2794 408 2858 de
431 2788 506 2859 οὐκί
528 2792 696 2871 disserens,
719 2792 802 2873 quod
820 2792 1087 2874 solcpleonasmo‚
1110 2796 1323 2876 uonepectasi

198 2903 326 2963 auctum
348 2897 437 2962 dicit:
473 2891 507 2962 ui
541 2894 603 2981 γὰρ
631 2891 823 2973 incaeduus
856 2894 912 2961 διό
936 2898 1064 2962 δασέων
1086 2896 1252 2982 γίνονται,
1285 2894 1324 2965 οό

198 3000 255 3066 dud
278 3000 399 3091 ψιλῶν.
445 2999 506 3065 Hic
528 2999 625 3080 igitur
647 2998 795 3063 dissentit
817 3016 888 3063 curn
911 2999 974 3079 illo,
998 2999 1052 3080 qui
1074 3017 1104 3080 p.
1130 2998 1203 3065 306.
1226 2999 1269 3068 39
1292 3007 1323 3067 et

198 3104 270 3169 825.
296 3102 513 3185 1710quitur:
549 3097 658 3186 ὥςπερ
687 3095 756 3165 όπό
785 3108 845 3167 eoo
869 3098 908 3187 δή
932 3101 1056 3187 γίνεται
1080 3105 1197 3189 όῆιο,
1236 3100 1322 3170 or‘r'ror

197 3206 251 3271 uui
274 3200 344 3272 όπό
368 3209 427 3270 τοῦ
450 3201 481 3271 ai
504 3194 605 3270 alcu.
633 3204 807 3286 anuippe
830 3203 890 3270 fuit
902 3205 1077 3288 Tryphonis
1101 3208 1260 3273 sententia
1282 3208 1321 3273 ab

198 3309 361 3391 Apollonio
384 3308 463 3373 Adr.
486 3305 549 3373 569
572 3309 742 3374 memoriae
765 3308 895 3374 tradita:
930 3308 965 3375 νό
989 3302 1014 3374 ιό
1036 3304 1157 3394 μόριον
1180 3309 1323 3378 inradia

196 3415 252 3479 διὰ
275 3416 332 3478 τοῦ
355 3414 389 3483 ῗι
411 3411 559 3478 ἐποιεῖτο
582 3411 735 3500 κλητικόι
757 3408 971 3499 ἐπίφθεγμοῐ
1000 3405 1085 3492 ιόιοι,
1119 3410 1241 3478 noctu
1268 3414 1322 3481 καὶ

197 3520 241 3602 τῴ
265 3511 366 3603 δήτὸ
390 3517 473 3602 δῆτα
497 3514 679 3600 παρόκειιο.
715 3513 805 3590 Quod
816 3515 855 3580 de
868 3508 935 3582 ὦτα
947 3517 1070 3595 dicitur,
1088 3517 1227 3581 omnium
1239 3536 1321 3598 quae

198 3619 237 3682 de
262 3611 288 3682 ὦ
312 3615 371 3684 τόν
394 3624 612 3699 proponuntur
632 3617 827 3684 levissimum
850 3617 1135 3702 est[cl.p.193sq.]
1158 3618 1321 3685 De‘altero

195 3722 351 3785 consentit
382 3721 526 3785 Klotzius
559 3721 600 3785 ad
627 3720 1141 3800 Devsr.11=134‚affirmauvum
1166 3717 1224 3807 όὴ,
1258 3742 1322 3804 quo

193 3825 402 3890 fortioresset
417 3822 595 3903 affirmatio,
619 3825 651 3889 in
675 3828 758 3912 όῆια
781 3824 969 3906 productum
992 3843 1071 3890 esse.
1117 3823 1199 3899 Quin
1223 3826 1321 3890 etiam

197 3927 325 3992 luerunt
347 3946 426 4009 quos
448 3927 753 4001 insolentiorcrcsis
777 3928 941 4008 compositi
962 3919 1048 4016 ¹ardre
1070 3928 1115 3992 ita
1136 3926 1322 4008 offenderet

196 4038 232 4095 ut
266 4030 398 4111 simplici
432 4035 489 4096 καί
513 4028 665 4112 syllabam
689 4030 882 4096 extensivam
910 4032 1050 4096 additam
1073 4031 1322 4113 suspicarentur,

195 4153 223 4198 v.
247 4135 288 4198 ad
310 4135 358 4199 Αἱ.
380 4153 410 4215 p.
435 4134 484 4198 70.
521 4171 556 4180 -
593 4132 770 4215 Improbius
803 4133 923 4200 luditur
956 4136 989 4199 in
1010 4134 1187 4201 nominibus
1219 4140 1322 4202 meta·

193 4237 320 4318 plastis:
346 4233 643 4324 ἡροοχημαιιοιιός
666 4234 734 4303 ἐοιι
760 4235 938 4324 προσθήκη
959 4241 1041 4320 μιᾶς
1054 4225 1218 4325 ονλλιιβῆς
1235 4241 1322 4306 κατὰ

194 4339 229 4402 τό
259 4338 354 4417 τέλος
386 4332 458 4407 οἷον
487 4333 600 4427 όνειροι
629 4334 783 4427 ὀνείρατα
818 4339 976 4421 Josephus
1006 4339 1164 4408 Rhacend
1187 4338 1323 4425 Synops
