2736 4778
135 349 215 421 434
490 341 809 409 DlSSllllTATlO
836 340 902 409 111.

136 537 174 593 et
194 527 275 592 haec
297 547 464 614 paragoge
484 525 649 591 rarissima
668 539 718 591 est
735 538 768 592 et
785 539 838 593 eta
856 526 1064 614 diphthongo
1092 529 1264 616 suppositi

138 629 291 716 exempla
317 639 374 691 aut
397 627 486 691 nulla
516 637 591 691 sunt
619 639 675 692 aut
697 628 877 714 inexperta.
922 629 980 697 Sic
1002 653 1042 697 eo
1061 629 1204 696 labimur
1226 642 1263 698 nt

136 732 209 816 agn·
230 730 345 796 Nemei
367 739 493 816 partem
516 729 693 815 palustrem
715 730 850 816 proprie
872 726 981 797 ίλείοε
1004 730 1164 815 (veliam,
1190 734 1261 799 Ve-

135 832 278 916 labrum)
302 831 421 895 dietam
443 840 476 894 et
497 827 539 895 ab
562 828 626 895 hoc
648 831 863 897 habitatorem
885 828 1036 920 ilserjrpr
1064 845 1146 919 typo
1175 856 1261 919 gen·

134 933 236 1001 tilicio
266 932 468 1020 appellatum
494 952 566 995 esse
594 932 800 1019 suspicemur
825 933 921 999 sicuti
949 933 1007 1018 qui
1030 932 1145 998 urbem
1158 930 1261 1015 Ἕλος

134 1035 283 1103 incolunt
295 1030 420 1099 Ἕλειοι
441 1041 598 1096 vocantur
617 1045 649 1098 et
669 1028 834 1110 Ἑλεᾶεαε,
864 1033 1009 1099 Nemeae
1036 1033 1166 1099 inoolae
1188 1037 1260 1105 Νί-

133 1161 226 1222 perot
247 1147 281 1201 et
300 1136 471 1220 Νεμεῆτατ
494 1133 562 1197 sive
585 1138 772 1220 Νεμετῆται
800 1133 892 1218 qnod
912 1134 1021 1219 ipsum
1041 1133 1083 1199 L.
1105 1133 1260 1201 Dindor·

134 1239 197 1304 fius
219 1237 254 1301 in
276 1234 341 1302 Th.
363 1256 384 1298 a
403 1244 503 1319 poeta
524 1234 580 1299 illo
607 1234 763 1320 scriptum
777 1238 890 1321 'putat
915 1273 956 1282 -
985 1235 1152 1319 Sequente
1176 1257 1259 1302 con·

135 1360 219 1404 sona
240 1347 293 1401 eta
315 1335 478 1421 interponi
502 1335 599 1400 docet
618 1335 699 1401 EM.
719 1334 793 1413 516,
818 1336 868 1401 12.
901 1332 1038 1423 κιχήλας
1058 1337 1119 1414 τὰς
1139 1337 1259 1418 κίχλας

133 1441 336 1523 πλεονασμῷ
363 1441 424 1502 τοῦ
446 1426 484 1525 τ’),
516 1436 576 1501 sed
595 1435 790 1502 Athenaeus
813 1437 876 1502 hoc
899 1436 1113 1521 Syracusanis
1141 1436 1259 1503 tribuit

132 1563 195 1609 neo
222 1539 343 1624 legitur
369 1537 432 1601 nisi
454 1537 545 1623 apud
566 1547 683 1623 poetas
706 1537 846 1604 doricas.
890 1540 1068 1624 Στιείρημα
1089 1560 1110 1600 a
1127 1538 1257 1605 Nican-

132 1644 193 1707 dro
210 1662 270 1727 pro
291 1637 427 1722 σπέρμα
450 1639 594 1725 positum
616 1659 689 1702 esse
712 1638 795 1704 falso
819 1638 1256 1727 crediditSeholiographus

130 1744 229 1810 Alex.
251 1741 326 1804 417.
369 1738 545 1804 Praeterea
570 1741 788 1804 Buttmannus
811 1740 918 1807 Lexil.
940 1739 969 1804 Ι.
991 1741 1065 1805 293.
1087 1740 1123 1804 in
1144 1741 1255 1809 verbis

132 1837 249 1932 ἅρήγω
272 1853 305 1906 et
327 1834 451 1926 ἅνήγω,
475 1839 567 1923 quod
589 1861 607 1903 e
629 1840 775 1926 perlecto
793 1834 903 1927 ίένωγα
920 1842 1055 1928 effingit,
1079 1854 1133 1908 eta
1148 1864 1253 1930 epen-

131 1945 289 2013 theticum
314 1940 376 2006 sibi
399 1962 577 2026 agnoscere
598 1942 736 2007 videtur.

216 2043 398 2110 Illustriora
419 2041 601 2127 pleonasmi
624 2043 763 2129 veruga
784 2043 944 2128 impressa
965 2055 1041 2108 sunt
1057 2046 1253 2132 compositis

131 2141 275 2233 εὐγενής,
305 2139 458 2231 εὖηγεεής
488 2142 573 2211 κατὰ
594 2145 839 2227 παρέμπτωσω
859 2131 1253 2232 τοῦγΑροΠσωΙτει.

129 2260 165 2313 et
187 2244 298 2314 Schol.
317 2246 361 2309 A.
385 2243 428 2308 ad
452 2244 491 2309 ll.
514 2244 576 2311 VI.
598 2245 672 2311 578.
702 2245 822 2331 quibus
842 2245 992 2310 Naukius
1015 2245 1116 2311 Arist.
1140 2271 1175 2332 p.
1199 2249 1251 2315 50.

129 2361 164 2414 et
177 2345 400 2416 Doederlinus
416 2343 527 2410 Gloss.
548 2345 620 2410 178.
634 2346 727 2429 justo
746 2346 852 2413 acrius
869 2358 1063 2433 repugnant,
1085 2346 1253 2415 similiter·

127 2473 196 2535 que
218 2444 360 2530 είττελής
382 2443 563 2532 εὐσταλής,
589 2447 680 2531 quod
700 2448 845 2532 argutius
862 2447 1004 2533 explieat
1017 2447 1097 2512 EM
1110 2447 1186 2527 390,
1197 2451 1252 2517 40.

132 2550 225 2634 tropei
260 2546 298 2610 τὸ
328 2544 442 2611 πέλειν
472 2537 606 2631 ὠτειλῆς
635 2548 691 2613 καί
720 2549 753 2611 έν
783 2551 937 2615 συνθέσει
975 2544 1165 2616 εὖτσπέλεια
1195 2552 1252 2621 καὶ

131 2651 242 2733 τροπῇ
271 2641 459 2729 tappetae.
509 2645 577 2709 Pro
608 2645 763 2735 δοςλεγής
797 2661 964 2737 receptum
994 2661 1044 2714 est
1071 2652 1252 2741 ὁυςηλεγής

129 2744 463 2834 significantissimum
474 2745 554 2810 illud
566 2751 759 2833 τανηλεγέος
775 2747 943 2816 θανάτοιο
959 2749 1139 2834 epitheton,
1158 2753 1251 2836 quod

129 2847 340 2915 translatione
369 2847 412 2911 ad
440 2846 520 2912 alias
550 2871 603 2912 res
632 2849 783 2915 adversas
815 2874 1050 2936 nonnunquam
1079 2854 1113 2916 in
1133 2854 1247 2919 vicini-

130 2963 230 3018 tatem
254 2947 343 3013 verbi
370 2944 501 3032 ἀλέγεω
530 2948 672 3015 declinat
695 2950 837 3038 ideoque
869 2953 911 3018 ab
933 2954 1164 3041 interpretibus
1187 2976 1246 3019 ex·

127 3055 268 3144 plicatur
290 3045 308 3116 ὃ
331 3047 437 3126 κακὰς
459 3047 644 3136 φροντίδας
666 3050 749 3135 ἐγων
769 3053 847 3121 Sch.
870 3056 910 3120 ss.
931 3056 1015 3121 XX.
1039 3056 1111 3123 154.
1145 3067 1179 3122 et
1200 3057 1250 3124 sio

126 3158 227 3226 etiam
255 3149 448 3238 ἀπηλεγέως
477 3150 576 3215 modo
606 3175 667 3239 per
702 3151 989 3240 ἆττσλελεγμένως,
1025 3153 1250 3244 ἀποστατικῶς

127 3254 304 3346 exponitur
337 3249 438 3314 modo
472 3247 703 3338 ἀφροντίστως
734 3280 764 3320 ν.
792 3258 901 3342 Heyn.
935 3259 978 3324 ad
1011 3260 1050 3325 ll.
1078 3259 1144 3327 IX.
1169 3261 1248 3328 309.

126 3354 295 3447 quomodo
316 3348 516 3437 Apollonius
546 3355 713 3440 accepisse
739 3357 868 3423 videtur
893 3359 921 3424 1.
946 3361 1017 3426 785.
1043 3356 1159 3448 Ἰήσων
1187 3362 1250 3433 ἐπὶ

126 3459 253 3542 γθσνὸς
272 3445 396 3537 ὄμματ’
423 3450 556 3534 ἐρείσας
577 3451 699 3521 νίσσετ’
730 3452 925 3545 ἀπηλεγέως
953 3460 1016 3526 hoc
1039 3473 1088 3527 est
1110 3456 1249 3542 οὐδενὸς

123 3558 255 3639 ἀλέγων
275 3563 374 3638 atque
395 3552 530 3619 verbum
552 3555 652 3621 semel
672 3556 792 3623 lectum
813 3560 859 3626 11.
884 3561 934 3627 17.
966 3559 997 3627 εἰ
1024 3557 1056 3626 d'
1081 3559 1121 3629 ἂν
1151 3560 1247 3652 ἀπη-

128 3658 293 3743 λεγέοντες
326 3653 409 3731 ἐμὰς
436 3657 595 3724 πατέοιτε
625 3656 806 3740 θέμιστας,
841 3663 900 3727 sed
932 3675 1106 3749 utrumque
1135 3664 1248 3730 locum

123 3754 304 3827 immutavit
325 3755 537 3821 Herodianus
560 3751 789 3844 ἇνεγλεγέοττες
814 3762 958 3829 scribens
989 3777 1021 3830 et
1049 3761 1246 3853 ἇτηλεγίως,

123 3860 216 3950 quod
246 3854 390 3940 Quintus
417 3858 602 3942 frequentat
627 3881 657 3923 v.
685 3860 838 3947 Koechly
867 3866 909 3930 ad
937 3865 979 3932 L.
1006 3866 1052 3932 11.
1073 3867 1149 3932 414.
1181 3886 1245 3953 pro

124 3957 437 4035 immisericorditer,
460 3959 659 4046 Apollonius
675 3983 752 4027 vero
773 3987 932 4050 nusquam
950 3967 1135 4055 scripsit2).
1165 3968 1245 4034 Hoc

192 4131 221 4199 2)
238 4127 409 4198 Ἀπηλεγίως
432 4130 507 4199 apud
530 4130 606 4183 huno
630 4125 791 4198 saepissimo
816 4131 934 4200 legimns
959 4135 1126 4206 plerumque
1150 4135 1244 4192 verbis

123 4214 238 4273 dicendi
257 4212 420 4285 adjunctum
444 4232 496 4285 pro
516 4207 666 4285 τίταῤῥήδην
687 4214 827 4283 praecise,
852 4217 942 4270 missis
965 4219 1146 4291 ambagibus,
1172 4239 1244 4276 nun-

122 4315 210 4374 qnam
227 4297 266 4351 ita
283 4306 313 4350 ut
333 4297 480 4360 incuriose,
501 4297 662 4364 incogitata.
682 4299 762 4352 reddi
781 4302 878 4370 possit.
