2736 4778
147 343 213 414 un
231 341 499 435 ruosrrmu
520 339 582 411 nr
608 338 871 411 neumausi
905 339 944 409 o.
960 341 989 409 1.
1011 345 1037 431 ς.
1054 344 1086 409 4.
1135 346 1185 420 3³

72 528 226 612 ἐπίταοίς
259 528 347 602 ἔστιν
378 525 424 607 ὡς
453 527 491 593 τὸ
525 522 642 608 ἀχανές
673 527 728 593 καλ
758 521 870 607 ἀτενές
898 527 976 596 Seh.
1001 529 1114 617 ApolL
1137 529 1184 598 11.

70 635 144 700 459.
167 634 230 701 hoo
253 644 362 700 autem
384 627 520 694 verbum
541 627 612 693 eine
632 625 699 693 ullo
724 626 969 712 significationis
987 630 1185 700 incremento

72 759 93 800 a
117 736 281 824 primitivo
303 723 354 802 iio)
378 729 556 795 derivatum
581 738 632 794 eet
657 740 695 794 ut
715 751 735 794 a
759 727 831 810 ιυίω
853 728 950 814 wado
969 752 1000 797 v.
1024 732 1183 800 Technol.

74 837 144 902 154.
173 832 282 922 ἀλέγω
312 833 351 900 τὸ
380 818 496 898 ἧκοθ
525 829 708 917 ἐπαύξησιν
729 823 770 897 οὐ
792 828 877 896 κατὰ
899 830 1052 918 στέρησιν
1075 833 1184 920 Epim.

71 937 100 1002 1.
116 937 169 1014 85,
187 937 240 1002 32.
262 933 342 1000 ΕΜ.
354 933 467 1011 5944.
492 931 583 1018 quod
601 931 666 998 alio
687 930 762 999 loeo
782 930 1083 1019 retractabitur²⁸).
1117 935 1188 1000 Aut

71 1038 236 1123 adjeotiva
268 1046 356 1102 sunt:
388 1029 565 1117 ἆάοχεοος,
597 1028 800 1120 ἀδάκρυτος,
833 1027 1035 1121 deprimor,
1067 1034 1187 1120 quibua

71 1138 157 1203 nihil
183 1137 326 1203 efficitur.
378 1135 465 1203 Nam
501 1134 641 1221 primum
675 1135 750 1222 plue
784 1133 893 1201 valere
922 1157 1021 1220 quam
1049 1128 1188 1220 ἷίσχοτος

70 1238 164 1304 nullo
193 1246 382 1324 argumento
413 1234 548 1323 probari
576 1247 704 1324 potest3
731 1235 911 1302 seeundum
923 1237 996 1321 jam
1023 1237 1100 1304 olim
1131 1260 1184 1306 re·

69 1340 172 1407 tutavi
194 1340 238 1406 ad
256 1341 313 1424 Aj.
335 1361 369 1425 p.
391 1337 466 1404 278.
489 1338 538 1424 (p.
560 1338 633 1403 299.
654 1337 719 1403 Ed.
742 1337 815 1422 Pr.)
837 1331 1006 1425 ἀκρότητα
1029 1336 1185 1425 κύμβαλα

70 1444 105 1509 in
127 1441 254 1510 Comici
278 1461 374 1507 versu
395 1439 437 1504 T.
463 1438 525 1507 IV.
547 1438 620 1504 600.
651 1450 738 1505 certe
758 1462 826 1507 non
853 1450 929 1504 sunt
951 1438 1187 1529 πολοκρόιητα

72 1546 132 1611 sed
169 1539 374 1629 δυςκρότητα
409 1551 447 1606 ut
482 1534 664 1626 ἆκολμητος
693 1539 798 1620 ὕπνος
827 1540 936 1606 Noun.
964 1539 1080 1607 XVII.
1112 1542 1184 1608 119.

71 1645 192 1733 πόρτις
222 1638 375 1728 ἅνομφος
401 1641 437 1707 id
465 1652 517 1707 eet
543 1641 673 1707 Helena
703 1642 785 1729 Lyo.
818 1642 889 1707 102.
922 1664 1007 1728 quae
1034 1654 1067 1706 et
1089 1640 1187 1710 κακό·

71 1768 201 1833 topper
223 1743 287 1809 diei
309 1744 417 1830 potuit
437 1754 470 1808 et
490 1739 707 1832 πολύοομφος
732 1754 769 1809 ut
796 1744 831 1809 in
852 1743 974 1810 Gloeea
1000 1743 1184 1831 exponitur,

72 1848 254 1932 eademque
283 1838 404 1933 ἀκλεής
432 1843 561 1910 infamis
589 1853 623 1909 et
649 1842 807 1933 διιςκλοής
835 1856 934 1932 atque
962 1844 1059 1912 etiam
1080 1849 1186 1914 πολυ-

72 1946 171 2035 eteris
201 1947 344 2024 famosa,
378 1968 464 2032 quae
483 1945 699 2025 ¹diversorum
727 1946 895 2013 nominum
928 1947 963 2012 in
990 1970 1089 2013 unam
1116 1970 1186 2014 rem

73 2047 300 2115 convenientia
337 2047 452 2135 procul
491 2045 591 2112 dubio
626 2044 820 2113 scholiastae
854 2046 983 2112 induxit
1018 2058 1055 2111 ut
1087 2046 1187 2133 alpha

73 2149 233 2236 privativo
255 2149 321 2213 vim
343 2146 522 2214 tribuerent
541 2145 740 2212 intentivum.
785 2147 854 2215 Sed
874 2146 976 2214 multo
998 2149 1103 2233 major
1122 2148 1187 2217 illia

73 2251 171 2338 eopia
200 2249 433 2317 vocabulorum
462 2248 510 2315 aie
535 2247 745 2334 figuratorum
773 2259 810 2316 ut
837 2247 937 2337 alpha
964 2250 1108 2316 detrecto
1130 2261 1187 2318 aut

75 2351 314 2419 substantivum
345 2350 462 2417 evadat
495 2360 552 2416 aut
572 2349 661 2416 nulla
684 2350 885 2437 relinquatur
907 2352 1006 2418 dictio
1028 2351 1185 2419 effabilis:

72 2448 195 2532 ὂῖοκνος
215 2449 403 2532 πολύοινος
421 2451 498 2521 seh.
526 2450 645 2521 Trach.
668 2451 741 2520 843.
764 2447 874 2537 ὄβιος,
903 2444 1037 2534 d‘tdvog,
1055 2447 1186 2534 ἄξυλος,

73 2549 221 2642 ἄπορος,
250 2564 394 2632 caetera,
422 2552 541 2639 quibua
569 2553 606 2620 ad
637 2547 720 2637 dyor
747 2565 779 2619 et
807 2543 896 2622 πολύ
920 2553 1097 2639 significari
1119 2565 1185 2620 eta-

72 2667 187 2734 tuunt,
216 2677 276 2721 eeu
297 2656 376 2741 quia
397 2655 604 2722 erediderunt
624 2654 724 2743 alpha
743 2655 852 2743 ipsum
872 2654 958 2722 bano
979 2655 1044 2720 vim
1065 2654 1186 2722 habere

73 2781 133 2825 seu
155 2755 353 2844 antiphrasis
377 2757 512 2824 odorem
534 2757 663 2843 sequuti
675 2759 739 2843 ²⁹).
782 2757 912 2824 Horum
937 2756 1094 2845 pleraque
1114 2761 1185 2845 jam

73 2883 94 2926 a
123 2857 342 2928 Valckenario
372 2870 406 2925 et
430 2858 633 2926 Doederlino
661 2859 828 2946 exagitata
849 2869 934 2938 eunt,
957 2881 1096 2946 quorum
1115 2883 1184 2927 me-

72 2961 212 3028 moriam
230 2983 299 3027 non
321 2959 496 3028 renovabo.
540 2961 610 3029 Sed
635 2959 669 3026 hi
703 2982 835 3047 quoque
864 2982 978 3027 vereor
997 2983 1039 3027 ne
1065 2961 1184 3029 Gram-

71 3063 201 3129 matioie
212 3062 286 3149 plue
298 3060 468 3128 tribuerint
479 3084 577 3148 quam
587 3082 639 3127 ree
657 3073 689 3127 et
703 3061 822 3126 veritae
839 3061 1008 3128 concedat.
1032 3062 1184 3129 Doeder-

71 3165 159 3231 linus
181 3164 313 3251 quidem
335 3187 368 3251 p.
390 3164 442 3230 24.
461 3165 566 3247 otpto,
588 3161 704 3247 inquit,
726 3165 917 3229 intentivum
937 3165 1053 3246 uoueri
1072 3167 1109 3230 to
1129 3166 1187 3231 od·

67 3269 192 3352 jettiut‘t
213 3261 397 3352 ἇγέρωχος,
424 3258 668 3347 ἀμαιμάκετος,
690 3256 832 3347 ὅμοιος,
862 3257 1023 3342 interos,
1053 3256 1188 3350 ἀπέρω-

73 3391 155 3447 πος,
177 3361 332 3449 ἄσχετος,
354 3360 543 3454 detortos,
567 3357 699 3445 ὅοκιος,
721 3357 875 3444 dotores.
897 3356 1052 3451 ι’ίτροτος,
1065 3359 1187 3448 διχόνο-

73 3493 140 3548 τος.
185 3469 308 3536 Verum
336 3465 453 3534 horum
475 3488 552 3553 pore
574 3466 715 3534 maxima
736 3476 803 3534 tem
829 3464 1068 3554 impenetrabili
1091 3467 1187 3554 quari

124 3705 174 3773 28)
185 3702 344 3777 Heeyehiue
361 3699 503 3759 Λὺοσιιαι
519 3707 647 3774 μαίνεται
663 3702 735 3760 talea
756 3704 872 3759 tortum
894 3701 1032 3776 scriptura
1052 3705 1187 3778 deeeptus

74 3791 230 3861 falsamque
242 3790 322 3846 verbi
336 3787 466 3846 ἀλύσσειν
476 3789 738 3862 interpretationem
754 3796 889 3862 aequatur
907 3791 944 3846 de
956 3807 1013 3861 qua
1024 3790 1129 3849 dietum
1143 3798 1188 3846 ert

73 3877 103 3932 in
112 3877 219 3933 Techn.
235 3877 295 3931 101.
309 3884 339 3933 et
349 3877 410 3932 245.

124 3964 171 4030 29)
185 3961 233 4017 sie
250 3960 401 4016 Erotianua
416 3958 544 4034 Ἀοήμοις
560 3955 653 4024 τόποις
670 3969 726 4025 τοῖς
743 3961 912 4037 πολυσὴμοις
927 3961 988 4019 κατ’
1008 3961 1187 4036 ἀντίφραοιν,

73 4050 152 4121 quod
170 4066 227 4103 non
246 4046 377 4103 convenit
392 4046 461 4103 loeis
477 4048 607 4103 aFoeeio
627 4047 734 4119 citatis3
753 4051 848 4107 Schol.
865 4051 898 4106 u
915 4049 994 4106 XIV.
1006 4051 1066 4102 195.
1084 4043 1188 4120 ἀστρά-

72 4137 159 4206 γαλος
169 4131 231 4188 κατ’
244 4132 429 4205 ἀντίφραοιν·
448 4131 651 4206 πολύσιρεπιος
662 4133 724 4208 γάρ.
741 4137 806 4192 ΕΜ.
822 4139 880 4202 177,
897 4139 940 4191 tt.
959 4131 1105 4207 ἄφλαστον
1121 4135 1183 4190 κατ’

72 4219 245 4292 λνιίφραοιν
266 4216 295 4274 τὸ
320 4215 488 4285 tiatorem,
515 4238 567 4293 pro
592 4238 649 4291 quo
671 4222 736 4277 Seh.
761 4223 828 4294 Lye.
853 4224 896 4279 29.
923 4219 982 4275 ror'
1008 4215 1187 4292 ιύφημιομὸν

73 4303 227 4362 rubatituit.

123 4391 364 4439 botronatum.
748 4387 749 4390 ’
957 4391 978 4460 3
