2736 4778
213 338 280 411 os
296 338 646 412 enutrissem
665 318 940 412 soumruss.
964 341 1061 411 ou.
1078 344 1143 431 §.a
1170 342 1244 423 573

137 527 273 616 saepius
298 527 458 617 reperitur
482 529 655 618 participio
684 528 718 594 in
743 530 850 595 locum
875 528 1024 614 adjectivi
1051 532 1246 600 succedente

136 629 234 707 ἕλκος
255 629 370 697 λευκὸν
391 629 612 717 ἐρευθόμενον
631 654 672 699 ατ
692 634 791 698 rubro
812 634 952 697 albicans
975 632 1085 699 Noun.
1106 633 1252 719 xxm,

136 730 211 797 102.
233 731 324 818 quod
345 731 444 819 vulgo
470 731 693 820 λευκέρυθρον
718 733 836 799 dicitur
856 733 1053 819 composite;
1082 741 1170 802 υιῦτα
1193 761 1245 818 χι-

132 834 240 912 τῶνος
257 833 413 919 plausor
443 832 649 918 ἐρευθόμενα
680 834 720 899 Ρ.
745 833 859 901 Silent.
883 832 966 901 Tab.
994 836 1112 902 Mund.
1137 837 1165 902 1.
1192 837 1244 903 85.

133 932 241 1003 ἵπποι
262 931 394 1022 φαιδρὰ
416 930 662 1024 φαληριόωντες
679 936 724 1001 Π.
740 937 814 1001 231.
832 937 935 1021 χριυτὶ
956 937 1058 1014 μέλαν
1078 936 1246 1023 στίλβουσι

135 1032 242 1123 Soph.
263 1034 310 1101 11.
332 1035 406 1099 222.
428 1045 461 1100 et
482 1035 533 1100 all.
556 1036 598 1101 sd
619 1037 674 1120 Aj.
696 1061 730 1124 p.
752 1037 804 1102 95.
847 1038 911 1103 His
938 1037 1025 1104 addo
1050 1039 1154 1104 varias
1182 1040 1244 1105 cir·

122 1126 315 1203 'cultionum
329 1138 456 1224 species
473 1131 578 1224 ὠχρὸν
594 1135 785 1226 ἐρευδήιυιι
799 1140 999 1226 μεμιγμένον
1014 1132 1118 1219 ἔνδος
1129 1140 1244 1208 Silent.

133 1236 242 1326 Sopb,
248 1238 295 1305 H.
307 1239 380 1305 217.
395 1235 609 1327 τὸρῧπιυχρου
627 1232 700 1320 μετ’
720 1237 935 1328 ἐρυθήματος
948 1239 1086 1307 Luciam
1100 1240 1243 1310 Charon.

127 1342 158 1427 ξ.
175 1341 227 1408 11.
249 1332 356 1421 ὄνθος
376 1337 411 1408 ἔν
430 1345 478 1428 τῷ
500 1342 639 1426 φοινικῷ
659 1333 906 1428 δποπόρρψρον
925 1342 1164 1411 Diosc.111.7.
1181 1346 1242 1431 (9.)

84 1430 89 1444 ’
128 1438 373 1529 δπδκιρδοκ’ἒν
392 1445 439 1529 τῷ
459 1441 577 1520 μέλανι
598 1440 659 1506 IV.
680 1437 751 1503 154.
764 1439 867 1524 (157.)
891 1443 991 1529 polle
1011 1441 1166 1531 δπωχρος
1186 1447 1245 1513 καὶ

131 1540 169 1610 ἔν
201 1546 250 1633 τῷ
283 1544 435 1631 δαφοιυῷ
470 1538 626 1619 πελιδνός
661 1540 817 1606 Philostr.
850 1544 930 1610 Jun.
962 1544 1066 1631 Imug.
1095 1548 1138 1614 V.
1170 1545 1242 1613 869.

131 1644 213 1731 (118
230 1644 321 1729 Jao.)
354 1643 422 1711 Sed
441 1642 516 1709 hinc
531 1643 602 1727 jam
624 1643 703 1708 satis
726 1653 864 1731 apparet
883 1656 1003 1729 quanta
1023 1647 1057 1712 in
1077 1648 1141 1714 hoc
1159 1670 1243 1733 quo-

132 1768 199 1835 que
215 1766 337 1835 genere
352 1746 448 1811 luerit
465 1743 573 1831 graeci
592 1744 750 1810 sermonis
767 1744 899 1811 ubertas
920 1757 953 1813 et
967 1749 1115 1815 varietas.
1145 1749 1242 1817 Nunc

128 1870 208 1916 vero
230 1870 364 1936 operam
381 1869 487 1914 mecm
509 1847 673 1913 conferam
695 1847 737 1911 ad
756 1849 944 1916 numeralia.

216 1955 243 2038 δ’.
257 1954 289 2018 4.
322 1950 546 2019 Cardinalium
567 1951 814 2035 conjugatorum
835 1951 975 2039 primum
998 1951 1113 2020 ἕνδεκα
1133 1953 1241 2041 Apol·

128 2054 356 2143 louinsssynt.
376 2054 440 2120 111.
463 2052 494 2131 5,
515 2052 588 2118 200.
611 2052 644 2116 in
664 2052 788 2118 incerto
808 2054 961 2139 relinquit
982 2052 1048 2121 εἴτε
1069 2051 1106 2120 ἐκ
1126 2060 1255 2144 παρα-’

128 2154 262 2236 δέσεως
284 2154 325 2225 δν
350 2153 416 2224 εἴτε
441 2154 477 2222 ἐκ
503 2154 692 2233 συνθέσεως
719 2154 783 2220 hoc
806 2166 872 2232 est,
906 2177 1042 2233 censeo,
1070 2167 1177 2223 utrum
1200 2178 1241 2224 ex

128 2257 285 2349 apposito
314 2255 350 2325 ἓν
377 2255 458 2324 δέκα
486 2256 605 2322 iactum
632 2255 675 2320 sit
702 2265 739 2321 ut
767 2254 801 2323 lv
827 2257 926 2324 πέντε
953 2277 1026 2333 sea,
1057 2254 1116 2325 δύο
1141 2260 1240 2327 πέντε

127 2372 261 2447 septem,
283 2381 368 2446 quac
388 2358 583 2424 Aristoteles
604 2357 716 2424 Probl.
739 2357 817 2425 XV.
840 2360 871 2424 3.
895 2358 1036 2446 exempli
1058 2381 1157 2425 causa
1176 2360 1239 2425 lin-

126 2461 195 2550 git,
219 2482 265 2557 pn
293 2482 311 2527 e
337 2460 519 2548 composito
545 2456 682 2526 δυόδεκα
713 2460 834 2526 omissa
861 2471 897 2525 ut
924 2461 959 2526 in
988 2462 1110 2551 χέρνιψ
1135 2462 1239 2528 vocali
1342 2537 1344 2540 y

126 2562 321 2632 conuexiva.
363 2564 439 2629 Hoc
460 2563 567 2628 minus
589 2563 697 2650 placet
716 2563 941 2652 reputantibus
963 2562 1131 2651 syncopen
1151 2563 1239 2631 illam

125 2665 302 2758 perpaucis
324 2665 514 2753 permissam
537 2688 609 2731 esse
632 2677 665 2731 et
691 2666 846 2733 obsoletis
870 2664 1039 2732 vocabulis
1064 2665 1238 2754 ipsumque

124 2768 293 2836 numerale
312 2760 360 2847 εἷς
378 2790 446 2834 non
467 2767 620 2856 componi
641 2768 705 2833 nisi
726 2790 804 2834 casu
826 2767 959 2855 obliquo
984 2764 1144 2855 ἓνοαδής,
1167 2763 1240 2836 ἑνο-

125 2870 246 2951 ποιδς,
273 2866 417 2948 ἓνάενος,
445 2865 601 2955 ἑνίμυιυς,
630 2871 712 2937 illud
740 2882 847 2938 autem
874 2870 990 2937 ἕνδεκα
1019 2882 1168 2937 constare
1196 2893 1239 2937 ex

126 2971 258 3041 duobus
280 2971 377 3037 rectis
395 2962 444 3050 εἷς
466 2971 533 3036 sive
551 2969 586 3040 ἓν
608 2975 663 3040 καὶ
686 2971 776 3040 δέκα.
820 2972 995 3036 Praeterea
1017 2969 1162 3057 synthesi
1184 2992 1236 3037 re·

124 3084 256 3168 pugnat
277 3074 444 3141 conversio
469 3073 609 3161 partium
631 3073 712 3142 δέκα
737 3065 800 3153 εἷς,
824 3071 981 3154 senapis,
1009 3072 1090 3140 δέκα
1113 3071 1148 3138 ἓν
1169 3072 1238 3138 sive

125 3179 244 3248 δεκαέν
275 3187 313 3248 ut
344 3173 500 3255 δεκαδύο,
536 3176 723 3260 δεκατρεῖς,
756 3174 923 3261 quomodo
956 3174 1153 3261 posteriores
1186 3174 1236 3240 lo·

125 3290 283 3368 quantur,
313 3288 346 3344 et
368 3277 567 3344 interventus
591 3277 728 3364 copulae
749 3273 980 3356 ἓνοςκαίδεκα,
1005 3276 1095 3361 quod
1116 3276 1237 3342 Pollux

123 3384 154 3451 Ι.
176 3381 229 3449 55.
250 3403 351 3446 unum
371 3391 409 3445 ut
430 3377 630 3448 δυοκαίδεκα
653 3389 822 3444 accentum
845 3378 967 3444 habere
989 3378 1068 3443 dicit
1088 3378 1123 3444 in
1144 3388 1236 3445 ante·

122 3474 305 3576 penultima
318 3482 478 3571 positum3
497 3480 556 3547 sed
570 3481 755 3547 necessario
774 3480 928 3545 dividitur
944 3480 1119 3547 accedente
1136 3481 1237 3547 altera

123 3584 354 3673 conjunctione
376 3580 479 3675 ἑνίιτε
500 3583 557 3650 καὶ
579 3582 659 3651 δέκα
681 3574 769 3651 ἔτεσι
788 3583 890 3649 Ρυυε.
904 3583 964 3652 IV.
979 3584 1030 3663 17,
1044 3583 1075 3650 6.
1118 3582 1237 3670 Neque

118 3692 233 3757 'tamen
253 3708 365 3754 rursus
388 3684 568 3774 parathesis
592 3684 656 3751 dici
677 3694 786 3773 potest
809 3685 888 3773 quia
909 3684 1026 3753 ἕνδεκα
1046 3707 1107 3774 per
1127 3688 1237 3753 omnis

122 3814 246 3883 genera
273 3801 306 3857 et
330 3811 425 3855 casus
455 3788 583 3853 ducitur
608 3788 668 3853 sed
692 3797 742 3854 est
764 3788 924 3874 quaedam
951 3787 1124 3874 singularis
1149 3789 1234 3875 figu-

120 3894 223 3975 ratio,
253 3878 337 3980 quae'
365 3889 500 3978 propriu
529 3890 741 3956 numeralium
771 3902 888 3956 natura
919 3902 1099 3956 excusatur.
1151 3886 1236 3955 Cum

121 3994 241 4065 ἕνδεκα
262 3991 413 4061 convenit
431 3990 573 4059 δυόδεκα
596 3993 663 4058 sive
682 3989 842 4074 δυώδεκα,
864 3992 953 4058 unde
972 3991 1102 4058 δώδεκα
1122 4000 1235 4055 nutum

121 4108 191 4175 est;
218 4096 278 4162 sed
303 4095 349 4160 illi
376 4116 508 4182 quoque
532 4105 651 4181 poetae
676 4092 823 4161 inserunt
846 4092 998 4180 copulam
1024 4101 1160 4156 accentu
1183 4092 1234 4157 vel

119 4198 180 4265 uni
201 4196 340 4286 copulae
359 4196 514 4283 imposito
535 4196 588 4261 vel
610 4220 669 4286 per
690 4209 756 4264 tres
775 4218 872 4263 voces
890 4195 1010 4260 diviso:
1034 4191 1234 4261 δυοκαίδεκα

120 4297 307 4395 Πάμφιλος
338 4298 414 4387 τριά
446 4303 540 4366 ποιεῖ
574 4299 631 4366 καὶ
663 4299 750 4367 κατὰ
780 4291 971 4383 παράθεσιν
999 4291 1234 4389 ἀναγινώσκει·
