2736 4778
429 1324 854 1423 ruoosuluu.
955 1457 959 1463 Ι
1145 1264 1148 1274 ’

567 1526 719 1536 -α--ι

81 1643 362 1743 Proschematismi
384 1678 526 1744 salebras
550 1678 758 1759 scopulosque
781 1694 927 1758 egressos
939 1676 1055 1758 exeipit
1071 1694 1200 1759 campus

79 1779 193 1859 planus
215 1780 328 1863 viaque
350 1786 462 1863 aperta
483 1782 591 1847 multis
607 1778 864 1863 praecedentium
875 1780 1016 1861 vestigiis
1037 1781 1201 1861 impresso.

80 1880 220 1947 Primum
244 1885 328 1950 enim
350 1884 405 1950 illa
427 1885 602 1967 scripturae
625 1881 828 1965 ambiguitas,
863 1901 945 1965 quae
973 1882 1006 1948 in
1040 1883 1201 1964 superiore

81 1985 236 2051 curriculo
267 1988 399 2069 singulis
432 1987 498 2052 iere
528 1986 693 2070 gressibus
719 1985 926 2068 procedentes
954 1990 1114 2050 remorata
1142 1990 1200 2066 est,

79 2086 131 2151 hic
152 2086 219 2153 fere
240 2108 403 2172 nunquam
423 2091 600 2157 intercedit.
645 2090 726 2154 Tum
748 2089 844 2153 etiam
866 2087 1097 2168 uocabulorum,
1120 2107 1201 2170 quae

79 2208 162 2256 nunc
184 2192 217 2257 in
239 2192 407 2257 discrimen
430 2195 574 2275 veniunt,
607 2210 756 2259 numerus
783 2191 876 2272 longe
898 2189 1079 2258 adstrictior
1101 2211 1202 2275 eaque

80 2298 203 2359 tantum
236 2314 298 2360 non
326 2297 431 2362 omnia
453 2298 627 2379 antiquitus
655 2296 775 2361 tradita
796 2298 878 2359 sunt.
924 2293 1068 2376 Denique
1089 2294 1201 2362 horum
1286 2298 1289 2304 “

80 2415 155 2478 pars
177 2398 314 2464 maxima
346 2399 392 2463 ita
413 2404 533 2464 temere
565 2399 627 2465 huc
649 2399 789 2463 coniecta
811 2402 876 2477 est,
911 2403 946 2461 ut
967 2398 1075 2478 paucis
1097 2397 1201 2462 verbis

80 2497 181 2564 refelli
202 2501 332 2582 possint.
376 2481 512 2567 Etenim*
525 2519 622 2583 quum
644 2501 677 2565 in
699 2501 777 2582 ipsis
799 2499 865 2566 fere
887 2500 1111 2582 grammaticae
1123 2500 1201 2565 artis

79 2603 259 2684 primordiis
281 2604 385 2685 opinio
406 2604 601 2685 invaluisset,
624 2605 776 2687 quidquid
798 2605 847 2669 vel
865 2603 905 2668 ab
917 2602 1080 2684 analogiae
1091 2621 1202 2668 norma

80 2705 172 2777 vela
193 2706 349 2772 communi
370 2706 519 2789 loquendi
541 2709 663 2774 ratione
685 2707 898 2773 abalienatum
922 2712 1015 2786 esset,
1049 2725 1111 2771 non
1144 2725 1200 2772 no·

79 2808 180 2874 tivum
201 2827 303 2891 neque
336 2811 485 2891 oprimis
513 2811 639 2892 linguae
666 2808 827 2877 fictoribus
848 2811 1110 2893 proseminatum,
1145 2808 1202 2873 sed

79 2911 207 2977 licentia
228 2911 433 2993 scribentium
455 2911 665 2978 deformatum
687 2930 773 2992 esse,
807 2912 883 2976 nihil
912 2911 1013 2992 magis
1036 2915 1200 2975 consenta-

79 3032 174 3079 neum
196 3012 271 3094 fuit,
305 3034 400 3097 quem
434 3021 470 3080 ut
493 3015 629 3098 syllabus
652 3033 777 3098 quoque
800 3013 1022 3079 vocabulorum
1044 3016 1201 3076 extremas

80 3135 176 3199 saepe
199 3116 352 3183 defecisse
373 3124 544 3183 sumerent.
578 3117 680 3183 Huius
703 3118 799 3201 igitur
821 3113 1028 3196 corruptionis
1049 3114 1201 3195 exempla,

80 3239 162 3303 quae
185 3227 309 3287 veteres
338 3222 473 3302 sparsim
494 3226 749 3303 expromerent,
783 3220 899 3286 artium
928 3217 1097 3299 scriptores
1130 3223 1203 3298 post
1280 3302 1283 3309 Α

80 3329 208 3390 renatas
229 3324 503 3405 renascendasque
525 3320 633 3389 literas
660 3323 750 3389 brevi
783 3323 935 3404 complexi
969 3324 1043 3385 sunt
1077 3320 1150 3385 inde
1183 3339 1203 3386 a

81 3425 237 3492 Clenardo
264 3445 364 3508 usque
397 3427 437 3492 ad
460 3425 644 3492 Fischerum
667 3445 799 3509 eosque,
833 3425 887 3520 qui
914 3429 988 3506 post
1015 3445 1088 3491 cum
1109 3445 1200 3509 prae-

79 3534 173 3611 cepto
193 3530 417 3612 grammaticae
439 3548 497 3612 per
518 3530 703 3612 compendia
723 3528 931 3595 tradiderunt
977 3526 1102 3597 Sedvix
1115 3532 1201 3613 quis·

81 3650 176 3713 quam
201 3630 273 3711 tuit,
306 3633 361 3713 qui
389 3633 494 3698 omnia
526 3652 589 3699 uno
617 3632 738 3698 ambitu
759 3630 1052 3714 comprehenderet,
1086 3634 1202 3700 nedum

81 3736 135 3815 qui
157 3752 256 3816 genus
270 3734 460 3800 ‘universum
480 3735 514 3800 in
535 3740 639 3801 certas
662 3735 783 3817 species
804 3735 978 3817 partiretur
993 3737 1201 3820 singulorum·

81 3856 143 3919 que
164 3842 325 3902 momenta
344 3837 544 3918 ponderaret,
567 3837 684 3903 omissa
699 3837 869 3919 suppleret.
898 3838 990 3904 Hanc
1011 3839 1107 3921 igitur
1128 3859 1200 3922 pro·

81 3941 214 4006 vinciam
236 3941 384 4024 equidem
413 3939 537 4022 suscepi
564 3958 602 4007 eo
623 3940 823 4022 potissimum
845 3939 990 4019 oonsilio,
1024 3948 1062 4006 ut
1083 3944 1200 4008 veteris

83 4044 268 4126 disciplinae
289 4043 459 4125 imaginem
480 4042 658 4124 legentibus
681 4049 964 4125 repraesentarem.

169 4148 242 4213 Jam
264 4147 291 4212 si
313 4145 413 4211 omnis
435 4161 517 4226 quae
539 4146 660 4210 ratione
682 4142 854 4228 suscipitur
874 4145 913 4210 de
934 4164 970 4211 re
985 4146 1090 4227 aliqua
1111 4147 1202 4213 insti·

82 4253 164 4318 tutio
187 4271 206 4317 a
229 4249 407 4316 definitione
419 4245 573 4330 proficisci
585 4247 687 4329 debet
709 4248 796 4313 haud
812 4249 1026 4330 importunum
1038 4250 1201 4316 exordium

84 4355 217 4439 praebet
243 4352 405 4420 Charisius
436 4350 553 4417 Inscite
581 4347 625 4414 lv
647 4349 676 4415 5.
705 4352 723 4414 7
757 4349 907 4439 Apocope
940 4363 1000 4437 est,
1037 4376 1131 4439 quam
1164 4377 1203 4418 ex
