2736 4778
197 315 625 384 naeaosmmsrar
641 269 904 427 neumausi
922 316 1140 405 cvncta
1167 322 1236 396 171

122 500 193 567 cavi
216 501 452 585 cujuscumque
474 499 567 563 notio
588 497 771 582 requiritur,
793 501 931 587 propius
953 513 1002 568 est
1020 502 1124 591 χιόνη,
1148 505 1238 589 quod

123 602 232 668 Orion
253 601 423 686 suadetp.
446 600 499 674 80,
522 599 573 662 21.
596 604 768 684 προχῶναι
790 592 862 666 οἷον
882 605 1001 681 χῶραι,
1023 614 1056 667 et
1076 606 1237 690 quodam-

121 704 222 770 modo
251 703 423 769 confirmat
450 698 571 765 Pollux
597 698 644 763 Π.
676 699 748 763 188.
786 697 818 767 οἱ
846 701 979 785 γλοοτοὶ
1010 708 1154 784 κοχιῦναι
1183 706 1239 772 καὶ

123 802 253 890 πύγαια
292 797 595 886 προςαγορεὺονται
627 800 684 867 καὶ
720 805 902 883 προχῶνοι.
952 801 1022 869 Sed
1047 803 1083 866 id
1110 826 1241 890 quoqne

124 927 242 1026 parum
264 902 417 969 convenit
439 900 729 968 Grammaticorum
751 901 993 966 notationibus:
1027 901 1161 982 Κόκκυξ
1184 910 1242 971 τοῦ

126 1002 227 1092 ὑγροῦ
257 1001 386 1089 (ἱεροῦ)
414 998 531 1070 ὀστέου
559 1001 596 1068 τὸ
628 1001 715 1089 πρὸς
742 1010 815 1082 τοῖς
845 1000 1174 1084 ἶσχίοις-κοχῶναι
1204 1005 1241 1073 τὸ

128 1101 219 1190 ἱερὸν
244 1100 379 1172 ὀστοῦν·
407 1099 440 1169 ol
469 1103 506 1170 δὲ
534 1101 577 1167 τὰ
605 1098 814 1186 ἑκατέρωθεν
843 1105 944 1191 μέρη·
967 1101 1104 1171 τίθεται
1127 1105 1243 1172 δὲκαὶ

122 1302 201 1370 Sch.
217 1304 319 1369 Arist
341 1305 428 1388 qu.
453 1303 525 1368 722.
550 1302 773 1384 Quamobrem
797 1303 832 1367 in
854 1302 938 1368 hanc
960 1303 1134 1368 incidimus
1157 1327 1237 1370 con·

115 1404 275 1487 jeemram
305 1404 440 1491 stirpem
460 1402 612 1470 vocabuli
635 1405 730 1469 sitam
753 1426 825 1468 esse
851 1404 885 1467 in
906 1403 1009 1468 tribus
1030 1404 1131 1469 literis
1154 1427 1238 1491 quae

121 1504 238 1570 latinae
262 1505 352 1570 vocis
375 1524 483 1572 coo-tc
500 1516 576 1569 sunt
596 1504 721 1591 primae
743 1515 777 1570 et
799 1504 875 1569 hinc
895 1503 1074 1570 derivatum
1096 1505 1239 1591 κοχ-ώνη

122 1607 255 1693 proprie
284 1607 471 1693 significare
498 1629 553 1672 eas
584 1616 694 1693 partes
728 1628 812 1690 quoe
845 1605 887 1669 ad
920 1626 1035 1671 coxam
1066 1605 1239 1692 pertinent,

122 1705 208 1772 hunc
228 1717 337 1773 autem
355 1730 477 1774 nomen
499 1707 665 1794 accepisse
687 1705 727 1770 ab
751 1729 802 1783 eo,
826 1708 915 1791 quod
942 1709 1144 1794 superiorem
1165 1730 1238 1773 cor·

122 1808 212 1893 poris
234 1818 361 1894 partem
380 1805 519 1891 κωχεὺει
540 1820 577 1872 ut
596 1808 819 1894 Hippocrates
846 1808 925 1873 dicit
952 1808 994 1874 de
1018 1810 1141 1874 Articc.
1163 1808 1237 1874 215.

123 1909 164 1973 Τ.
185 1909 231 1974 11.
253 1909 291 1975 τὸ
317 1902 425 1990 ὄχθος
444 1912 504 1976 τοῦ
525 1905 681 1991 σώματος
702 1903 832 1988 ὀχέετοα
856 1907 914 1976 ἐπὶ
934 1914 982 1995 τῷ
1004 1916 1102 1996 μηρῷ

207 2013 233 2094 ξ.
256 2009 287 2074 6.
335 2009 400 2074 His
431 2009 610 2075 iterationis
644 2009 802 2093 exemplis
836 2009 919 2074 alius
951 2009 1016 2072 alia
1048 2009 1148 2072 addet
1180 2009 1238 2073 de-

121 2120 229 2174 metve
243 2112 315 2195 *ὓς
341 2131 417 2174 nam
438 2109 480 2174 de
502 2133 570 2173 non
592 2108 707 2194 paucis
736 2107 903 2172 vocabulis
928 2108 1103 2193 disceptari
1128 2119 1239 2194 potest

122 2219 232 2274 utrum
249 2231 329 2275 casu
346 2210 426 2275 duas
447 2211 595 2295 ejusdem
612 2209 685 2274 soni
707 2208 847 2292 syllabas
868 2208 901 2273 in
918 2209 1081 2296 principio
1096 2208 1240 2275 habeant

124 2332 167 2374 an
184 2310 225 2376 de
246 2309 406 2376 industria
426 2311 527 2377 altera
547 2310 639 2376 alteri
662 2309 775 2375 addita
797 2310 848 2375 sit.
894 2309 996 2393 Quod
1017 2310 1102 2388 dico,
1127 2334 1238 2376 exem-

122 2410 187 2496 plis
215 2409 334 2476 faciam
360 2411 488 2477 clarius.
539 2410 730 2491 Κασκοὶνδιξ
757 2407 776 2499 ἡ
806 2411 968 2497 >op-‘tollis
1000 2411 1029 2475 si
1058 2411 1100 2474 ab
1130 2413 1240 2496 aliqua

123 2511 283 2577 scanditis
314 2510 525 2577 similitudine
557 2512 722 2598 appellata
751 2523 818 2588 est,
853 2511 923 2575 sine
953 2509 1054 2576 dubio
1083 2510 1125 2573 ad
1152 2511 1240 2577 hunc

121 2611 230 2677 locum
247 2612 360 2678 referri
382 2623 523 2701 oportet.
567 2613 636 2681 Sed
652 2613 725 2697 quis
743 2633 805 2675 nos
823 2612 977 2677 certiores
992 2611 1102 2676 reddit
1119 2633 1237 2676 secun-

123 2712 199 2777 dam
214 2711 310 2797 hujus
325 2713 466 2779 nominis
488 2713 647 2798 syllabam
659 2713 765 2799 magis
779 2713 920 2778 nativam
936 2723 982 2790 et,
1005 2724 1042 2778 ut
1058 2712 1105 2779 sio
1122 2712 1238 2793 dicam,

46 2848 51 2855 ·
122 2812 347 2900 capitaliorem
371 2836 445 2880 esse
472 2815 597 2903 prima?
624 2815 786 2880 Arcadius
813 2838 847 2900 p.
872 2815 922 2879 70.
949 2811 1136 2898 βάρβαρος,
1158 2813 1240 2903 τάρ-

121 2939 240 2998 ταρος,
261 2912 455 3004 μάρμαρος,
477 2917 647 3002 κέρβερος,
674 2916 860 3000 πέρπερος,
881 2911 1061 2997 βόρβορος,
1085 2936 1152 2978 uno
1176 2937 1238 2980 no-

122 3013 211 3078 mine
236 3015 380 3100 appellat
402 3016 710 3098 δοδιπλασιαομένα
737 3008 810 3078 κατ’
839 3008 950 3097 ἀρχήν.
991 3013 1045 3076 Ex
1071 3013 1135 3078 hoc
1160 3037 1238 3080 vero

122 3137 191 3180 non
217 3113 365 3199 sequitur
388 3137 463 3181 eum
488 3114 648 3182 vocabula
671 3114 728 3177 illa
754 3111 871 3176 eodem
895 3109 969 3175 loco
995 3110 1237 3196 habuisseque

121 3211 294 3302 μερμήρα,
328 3215 513 3302 ὀαρόοὶπτω
544 3226 577 3280 et
604 3212 731 3279 similia.
779 3212 865 3277 Nam
891 3211 921 3276 si
946 3210 1177 3296 βαρβαρίζειν,
1204 3225 1241 3279 ut

122 3314 242 3382 Strabo
260 3317 315 3394 ait,
336 3317 426 3382 idem
448 3314 608 3403 estquod
628 3313 775 3403 καρίζειν
796 3323 829 3380 et
849 3311 1241 3397 uaoflddswssubstantia

120 3417 211 3482 vocis
235 3427 285 3481 est
304 3416 430 3502 syllaba
448 3423 515 3503 βαρ
529 3418 583 3501 ⁸⁶)
610 3438 707 3501 quam
730 3436 813 3499 quae
835 3412 1078 3497 subsequuntur
1104 3413 1147 3477 ad
1173 3426 1238 3480 ter-

120 3517 331 3583 minationem
348 3517 513 3604 pertinent
534 3527 571 3581 ut
591 3514 717 3593 κίκινος
739 3526 773 3580 et
792 3517 898 3581 calcar
920 3515 1001 3579 duas
1021 3514 1154 3580 easdem
1172 3519 1239 3604 syl-

120 3616 213 3684 labas
233 3617 355 3684 habent
374 3639 436 3685 neo
457 3627 563 3684 tamen
580 3617 747 3703 duplicata
768 3626 844 3680 sunt
865 3615 925 3680 sed
943 3637 1115 3703 paragoga
1134 3640 1155 3683 a
1172 3626 1241 3688 κῖκι

190 3821 236 3888 35)
249 3820 375 3876 Plurima
386 3819 497 3875 addidit
507 3818 551 3874 vir
563 3817 741 3874 doctissimus
754 3816 785 3872 in
797 3816 1001 3886 dissertatione,
1011 3837 1095 3890 quam
1108 3818 1136 3874 in
1148 3819 1239 3891 prima
1295 3846 1297 3850 ·

120 3905 227 3960 Adnot.
247 3904 385 3972 indicavi,
404 3904 543 3960 diversam
561 3924 578 3959 a
596 3904 678 3960 nobis
697 3904 769 3958 viam
788 3902 941 3975 ingressus.

193 3991 241 4058 30)
259 3991 350 4062 Epim.
366 3992 426 4056 35³,
440 3993 483 4046 27.
501 3987 635 4061 βόρβορος
652 3988 728 4061 παρὰ
748 3987 776 4045 τὸ
793 3988 879 4063 βάρος
896 3988 957 4044 κατ’
979 3984 1240 4057 ἆναδιπλαοιασμόν

122 4094 177 4130 ser.
192 4073 333 4148 βάρβαρος
350 4093 386 4130 ex
403 4076 479 4131 Gud.
497 4077 561 4142 104,
577 4077 617 4129 17.
636 4072 775 4148 βάρβαρος
792 4080 897 4148 εἴρηται
916 4071 973 4127 ‹tnt
993 4075 1040 4126 rori
1060 4075 1125 4145 περὶ
1144 4071 1242 4143 φωνὴν

122 4158 240 4231 βάρους,
259 4163 337 4231 qood
354 4178 458 4216 nomen
480 4161 503 4216 ai
521 4164 666 4228 subesset,
684 4160 779 4233 potina
797 4163 934 4215 baronem
953 4155 1133 4225 significarat.
1164 4164 1243 4237 Βαρ-

122 4244 214 4309 adicer
234 4244 262 4300 rb
282 4252 456 4320 βαρβαρίζειν
474 4247 539 4303 ΕΜ.
