2736 4778
179 373 227 448 56
543 366 860 438 Dlsshurnrro
895 368 922 434 l.

177 554 340 640 διαίρεσις
366 558 426 621 τοῦ
453 543 526 642 ride,
555 551 625 623 άπὸ
656 555 693 623 δὲ
722 561 783 624 sori
805 553 880 639 άδε)
904 552 1012 644 ἕηκεν,
1042 553 1109 635 ἕεις
1137 553 1179 620 de
1200 554 1286 620 Adv.

176 656 249 721 557.
267 668 299 722 et
319 655 435 720 iterum
455 654 489 720 in
509 655 609 722 Pron.
633 655 683 722 74.
706 657 744 726 τὸ
760 644 786 726 ἶ
805 653 987 739 πλεονάζον
1013 654 1048 724 ἐν
1074 652 1289 740 δισυλλάβοις

175 753 369 842 ἀναβιβάζει
395 757 453 824 adv
481 754 577 827 τόνον
603 754 713 837 ἔειπε,
737 755 854 843 ἔοργα,
878 757 955 827 ἕαδε
977 753 1027 840 (ελ
1048 752 1288 842 πλεονασμός).

175 858 242 925 Hic
261 859 361 944 igitur
380 859 447 924 duo
468 859 694 946 complectitur
714 856 946 926 vocabulorum
965 880 1104 946 genera,
1133 850 1233 923 rerba
1254 850 1289 922 et

176 960 319 1039 nomina,
342 971 375 1027 et
395 961 478 1026 duas
501 960 701 1040 affectiones,
727 963 952 1050 pleonasmum
974 972 1005 1028 et
1027 960 1198 1027 diaeresin.
1233 959 1289 1026 De

174 1062 288 1128 ultimo
315 1062 405 1147 quod
428 1060 614 1142 addubitat,
644 1065 804 1152 praecidit
823 1064 1034 1131 Herodianus
1064 1063 1107 1128 ad
1127 1053 1167 1127 11.
1189 1060 1278 1128 XIV
1279 1107 1287 1126 .

175 1165 248 1232 340.
265 1176 298 1229 et
314 1163 382 1231 Od.
398 1163 560 1233 XVI28.
584 1164 620 1232 τὰ
645 1164 723 1233 ἕαδε
747 1165 911 1249 διαίρεσις
933 1171 993 1236 τοῦ
1014 1154 1084 1254 ἧδε,
1105 1164 1287 1249 eodemque

177 1266 309 1333 nomine
337 1266 439 1333 XIII.
461 1266 535 1334 543.
566 1266 707 1355 explicat
736 1267 876 1333 aoristos
905 1266 1001 1354 ἐάγη,
1031 1263 1130 1352 ἐάλη,
1162 1262 1288 1353 ἑάφθη,

179 1365 301 1447 ἑάλων,
338 1369 397 1435 sed
432 1370 527 1435 simul
562 1379 674 1436 monet
702 1380 756 1434 eta
793 1393 860 1435 non
886 1368 921 1434 in
952 1367 1151 1454 quibuslibet
1181 1365 1288 1432 verbis

177 1469 310 1535 dissolvi
338 1471 399 1536 sed
425 1471 459 1536 in
488 1470 538 1537 his
560 1472 660 1536 modo
683 1493 767 1556 quae
789 1470 830 1536 ab
861 1468 959 1557 alpha
986 1468 1159 1556 incipiant3
1187 1489 1289 1554 quare

176 1567 291 1659 ἑάφθη
323 1572 366 1637 ad
399 1571 496 1641 άπεω
531 1572 736 1639 referendum
766 1595 838 1638 esse
867 1595 950 1651 non,
985 1595 1049 1659 quo
1079 1568 1289 1637 Aristarchus

174 1673 336 1751 voluerat,
369 1673 412 1738 ad
448 1673 585 1757 ἕπομαι.
634 1675 725 1762 Ergo
758 1674 855 1740 etiam
882 1671 978 1762 ἐάλη,
1006 1674 1098 1760 quod
1126 1671 1287 1741 x1.192.

175 1771 386 1863 σννεσιράφη
416 1774 484 1840 sive
511 1773 693 1865 συνειλήθη
721 1775 966 1862 interpretatur,
997 1775 1066 1842 sine
1096 1773 1196 1842 dubio
1222 1796 1289 1840 non

175 1875 222 1941 ita
243 1885 280 1939 ut
302 1877 520 1942 Buttmannus
543 1888 575 1942 et
595 1876 756 1943 Matthiae
778 1902 812 1965 p.
835 1876 907 1943 527.
938 1876 979 1942 ab
1003 1874 1087 1945 ἐλλω
1112 1876 1289 1943 derivatum

175 1976 303 2065 putavit
324 1977 384 2044 sed
408 2002 428 2043 a
450 2000 630 2065 synonymo
654 1978 797 2064 quodam
820 1971 925 2055 άλλιο,
946 1978 1038 2065 cujus
1060 1978 1290 2044 inclinamenta

175 2073 268 2158 άλείς
298 2090 331 2143 et
357 2074 475 2148 άλεναι
502 2081 576 2168 ipse
605 2078 799 2167 subjicit¹³)
829 2079 869 2146 ci.
891 2079 1017 2147 Techn.
1041 2081 1112 2146 117.
1136 2081 1290 2167 idemque

176 2202 332 2268 praesens
349 2181 599 2269 praescripsisse
614 2181 800 2249 videnturii
820 2182 886 2269 qui,
909 2183 937 2248 si
960 2178 1075 2270 ἑάφθη
1098 2181 1140 2248 ab
1163 2181 1290 2267 ἕπομαι

177 2280 356 2347 derivatum
388 2293 546 2360 sumatur,
585 2283 620 2347 id
660 2282 776 2364 πάθος
807 2288 952 2373 μονηρις
983 2306 1056 2350 esse
1090 2284 1291 2350 cont-endunt

175 2383 285 2471 Epim.
315 2383 343 2449 1.
379 2382 450 2449 169.
492 2382 684 2449 Eustathius
713 2385 786 2464 945,
814 2386 866 2452 32.
895 2396 1067 2472 utrumque
1096 2385 1138 2451 ab
1163 2385 1234 2454 ἓπω
1258 2397 1292 2452 et

176 2480 255 2554 εἴλω
277 2486 396 2574 repetit
418 2484 476 2552 sed
499 2485 541 2552 de
562 2485 733 2554 affectione
753 2499 848 2553 nutat
871 2486 944 2567 939,
964 2488 1016 2554 48.
1039 2484 1110 2555 άπὸ
1132 2482 1289 2557 coicitur

176 2585 300 2673 γίνεται
336 2582 419 2677 άλην
452 2585 509 2655 καὶ
540 2588 743 2678 πλεονασμῷ
774 2586 889 2675 ἐάλην·
922 2582 943 2677 ἢ
974 2593 1093 2666 κοινῶς
1126 2582 1207 2675 ἥλην
1235 2586 1292 2655 καὶ

177 2686 329 2757 διαλύσει
357 2684 464 2775 λάλην.
514 2688 590 2755 Ηοο
621 2690 752 2757 nomine
777 2690 857 2757 EM.
888 2689 968 2768 307,
996 2688 1026 2755 2.
1051 2688 1193 2775 explicat
1212 2710 1290 2777 per·

176 2789 296 2856 lectum
319 2787 402 2857 i'odo
424 2799 457 2855 et
478 2813 510 2877 p.
533 2790 607 2869 367,
629 2791 661 2858 5.
688 2793 843 2858 aoristum
873 2792 974 2870 ἵαοα,
1005 2813 1101 2876 quem
1125 2790 1291 2876 Didymus

176 2891 210 2956 in
237 2891 277 2958 Il.
299 2890 432 2959 XXIV.
455 2892 528 2957 557.
558 2906 713 2980 posuerat
741 2906 896 2980 tanquam
926 2892 1119 2959 dissolutum
1148 2914 1188 2958 ex
1215 2880 1290 2982 ἧσα,

176 3014 238 3061 nec
274 2992 366 3059 ahter
395 2992 505 3062 Schol.
540 2995 642 3062 Arist.
678 2994 765 3062 Plut.
795 2994 868 3062 545.
897 2988 961 3084 dyo
994 2993 1050 3063 καὶ
1079 2994 1113 3063 ἐν
1141 2989 1293 3062 διαλύσει

177 3093 261 3182 ἔαγα
290 3107 322 3163 et
351 3096 496 3163 Thomas
524 3098 651 3186 κατῆξα
681 3097 765 3166 κατὰ
793 3091 928 3186 άισινὴν
957 3092 1108 3165 διάλυσιν
1135 3092 1291 3173 sastago,

67 3204 76 3215 ““
177 3203 269 3287 cujus
290 3200 381 3266 verbi
403 3199 501 3287 alpha
527 3211 643 3266 natura
663 3199 798 3288 longum
820 3197 1040 3285 subsequente
1061 3218 1206 3262 consona
1229 3193 1290 3260 du·

177 3300 255 3388 plici
287 3301 407 3388 corripi
437 3300 504 3366 dixi
533 3302 567 3366 in
592 3301 710 3365 Parall.
743 3302 816 3366 400.
868 3299 938 3368 Sed
963 3299 1097 3384 longum
1125 3305 1233 3362 manet
1256 3294 1291 3360 in

178 3401 262 3469 ἕαδα
286 3414 319 3469 et
348 3399 461 3469 ἑάλων.
507 3401 618 3485 Quare
648 3400 704 3487 qui
731 3400 812 3467 haec
834 3425 966 3488 quoque
989 3398 1147 3465 dissoluta
1169 3397 1291 3477 dicunt,

179 3522 294 3588 parum
323 3503 456 3589 proprie
485 3501 670 3589 loquuntur
717 3502 846 3570 Eximie
869 3527 946 3570 vero
971 3501 1121 3570 convenit
1143 3499 1207 3566 hoc
1228 3523 1290 3567 no·

178 3623 253 3668 men
276 3602 493 3691 diphthongo,
517 3604 559 3670 de
581 3627 646 3690 qua
666 3605 875 3672 Herodianus
896 3605 964 3692 agit
988 3602 1087 3670 adIl.
1099 3601 1200 3669 XIII.
1216 3600 1291 3669 543.

180 3699 317 3804 ἧειν
284 3705 317 3772 ἐν
345 3710 417 3782 τοῖς
442 3705 744 3796 παρῳχημένοις”
721 3732 878 3833 αρχουση,
900 3733 931 3775 ει
920 3706 1134 3792 δισιροῖιο,
1161 3699 1210 3782 εἷς
1231 3700 1292 3770 δάο

180 3820 214 3876 ει
243 3806 463 3904 διαιρεῖται,
465 3799 610 3894 ελρεο”
587 3834 692 3933 ειρτη,
714 3805 824 3898 εἷ’(ιγνυ
846 3806 1014 3932 ἐέργνηει
1032 3805 1171 3904 Epim.
1166 3804 1194 3869 Ι.
1219 3804 1291 3872 169.

179 3903 199 3998 ἡ
224 3933 254 3976 ει
277 3903 326 3985 εἰς
344 3903 404 3974 δύο
426 3932 460 3975 er
480 3906 692 3978 διίσταται”
670 3935 773 3997 asoto,
796 3904 956 3995 ἕέογει,’
935 3936 954 3994 η
978 3904 1026 3986 εἷς
1044 3935 1060 3976 s
1078 3904 1292 3989 soldanatus

191 4171 194 4179 “
251 4136 296 4236 li)
310 4168 395 4231 Quod
407 4168 434 4223 in
448 4171 504 4225 fine
519 4164 594 4223 illius
612 4163 710 4220 scholii
728 4162 833 4237 legitur
852 4161 880 4219 ιό
898 4163 929 4218 δὲ
948 4158 1013 4217 ὅλον
1031 4164 1149 4233 γίγονιν
1169 4157 1225 4216 άπὸ
1244 4163 1293 4217 τοῦ

180 4249 238 4307 ἁλῶ
250 4251 279 4308 τὸ
291 4256 397 4323 πιανῶ,
410 4255 590 4313 Herodianus
603 4260 651 4310 aut
663 4271 720 4312 non
733 4251 813 4321 dixit,
830 4256 880 4309 aot
891 4247 946 4307 eho
960 4247 1025 4307 loco
1039 4246 1110 4306 dixit
1125 4265 1220 4307 aecum
1236 4247 1292 4305 dis·

181 4336 314 4401 condens.
333 4356 336 4362 ’
