2736 4778
135 336 213 407 420
481 329 801 398 DISSEBTATIO
828 330 895 399 ΠΙ.
1015 396 1019 404 2

134 516 213 600 (scr.
236 510 443 600 nanda-109)
466 517 548 581 Hes.
573 536 649 580 cum
674 506 915 602 rilyeot'dcrpoc,
944 509 1151 602 βολεηφόρος
1175 538 1255 584 oum

130 610 427 703 ’βελεσσιχαρής’).
470 600 601 684 Eodem
618 615 719 681 modo
741 615 910 681 dilatatum
930 625 981 681 est
995 614 1098 681 Panis
1120 618 1253 705 epithe-

134 725 193 782 ton
214 708 433 804 ἆρνεοθοίνης
452 716 556 784 Anth.
575 715 640 781 nisi
660 737 737 781 cum
756 708 889 802 cipvereig
910 715 1074 783 cohaeret
1117 715 1252 806 Νηλεό-

133 822 245 901 θνμος
265 829 299 883 et
319 812 536 906 vptsdnormg
556 817 585 882 si
605 839 681 884 cum
696 812 800 926 gptsjc
818 817 1005 915 composita
1022 827 1116 896 sunt,
1143 819 1252 887 vocali

134 916 316 996 abundant3
343 940 420 983 nam
447 917 608 1003 adjectiva
633 919 669 985 in
699 942 737 1008 ης
763 918 919 985 exeuntia
946 943 965 985 ο
997 918 1137 1007 simplex
1161 921 1251 986 acci·

133 1021 230 1108 piunt
240 1013 484 1109 ἅληθόμαπις,
496 1013 728 1107 ἀκριβολόγος,
745 1012 983 1108 testemur,
997 1013 1249 1106 ἀσθενόρῤιζος,

133 1115 381 1204 incideretur,
405 1113 627 1206 εὗσεβόφρων,
649 1117 974 1210 περιφερόγραμμος,
990 1118 1250 1210 πληροσὲληνος,

131 1213 320 1306 &renoscis
348 1230 411 1286 etc.
445 1220 505 1286 sed
535 1220 618 1285 nihil
650 1221 790 1308 impedit
820 1221 996 1307 quominus
1026 1243 1102 1288 cum
1131 1217 1253 1309 νηλεής

133 1320 342 1404 conjunctum
363 1331 505 1410 putetur.
547 1322 795 1408 Adjectivcrum
824 1324 988 1389 secundae
1019 1321 1250 1389 declinationis

132 1442 235 1486 unum
255 1416 392 1507 αἰσχρός
411 1422 571 1489 Manetho
595 1434 710 1507 quater
736 1423 840 1511 epsilo
872 1424 1012 1513 suffirlsit
1033 1420 1250 1510 αἶσχρεοκερ-

133 1519 207 1611 δής,
237 1518 500 1608 αἷσχρεόμυθος,
530 1519 794 1612 αῖσχρεορήμων,
825 1522 1091 1614 αἶρχρεόφημος,
1125 1522 1249 1609 quihus

132 1623 274 1690 editores
295 1622 497 1690 substituunt
516 1646 621 1709 aeque
642 1624 757 1711 ignote
777 1623 948 1713 αἷσχριο-
964 1626 1017 1692 vel
1035 1625 1125 1710 quod
1146 1625 1250 1712 longe

131 1735 276 1814 praestat
287 1721 463 1806 αἰσχεο-.
480 1724 693 1792 Substantiva
710 1727 857 1810 ejusdem
870 1725 994 1791 ordinis
1011 1726 1248 1813 perlustrantes

132 1827 198 1892 duo
225 1823 501 1912 deprehendimus
523 1825 726 1891 metallorum
755 1828 984 1914 principalium
1004 1828 1138 1893 nomina
1159 1850 1248 1915 quse

74 1920 77 1926 ’
129 1927 165 1993 in
200 1924 347 2013 synthesi
378 1926 472 1992 metri
505 1949 604 1993 causa
634 1927 764 2015 epsilon
781 1929 962 1995 ‚asciscunt
992 1925 1248 2016 χαλκοθώραξ,

128 2024 424 2116 χρυσεοσάνδαλος.
467 2030 562 2095 Haec
582 2040 691 2095 tamen
710 2031 921 2096 Hermannus
943 2029 986 2094 ad
1005 2028 1158 2096 Phoenn.
1168 2030 1247 2096 222.

130 2152 205 2198 cum
227 2125 385 2212 χάλκεος,
416 2125 554 2216 χρύσεος
579 2131 764 2219 composita
792 2153 866 2198 ease
894 2131 1023 2209 statuit,
1053 2153 1121 2216 quo
1149 2130 1248 2218 pleo-

129 2254 262 2297 nasmus
284 2239 451 2295 amovetur
473 2231 533 2296 sed
559 2231 752 2298 insolentiae
773 2244 853 2299 nota
872 2255 939 2299 non
959 2231 1097 2310 tollitur3
1124 2231 1248 2299 Graeci

130 2332 215 2400 enim
241 2330 404 2416 fingendis
438 2331 626 2417 hujusmodi
655 2333 823 2418 adjectivis
856 2331 1060 2399 substantiva
1087 2332 1249 2402 adhihent

129 2428 365 2522 osdppdvurec,
387 2426 606 2511 λινόπεπλος,
630 2429 811 2514 ξυλόπους,
839 2430 1075 2523 τριχόφυλλος,
1098 2432 1247 2523 ἐλεφαν-

128 2530 300 2610 aduenas,
322 2527 538 2621 λιθόγληνος,
561 2529 850 2620 πορφυρόκαυλος,
871 2530 1115 2622 κηρόχρωςίθ),
1140 2529 1246 2621 ῥοδό-

127 2658 226 2719 χρους
249 2654 317 2697 nou
338 2627 549 2718 ῥοδεόχρους,
579 2634 669 2717 quod
697 2646 796 2720 poeta
824 2635 1016 2701 christianus
1045 2635 1245 2721 importavit,

25 2725 27 2729 ¹
127 2754 190 2800 nec
209 2726 436 2818 ῥοδινόχρους,
471 2733 525 2796 cui
545 2733 663 2798 similia
683 2736 840 2801 nonnulla
861 2737 950 2825 apud
972 2735 1148 2822 scriptores
1168 2735 1244 2801 vul·

128 2855 223 2922 garea
245 2831 398 2918 leguntur
415 2834 702 2917 βυβλινοπὲδιλος,
726 2835 980 2924 πιννινότριχος,
1003 2831 1241 2923 κιτρινόχροος,

127 2929 357 3021 κιτρινοειδής,
380 2929 628 3022 πρασινοειδής,
653 2933 915 3026 κοκκινοβαᾳής,
941 2936 1141 3021 antiquiores
1161 2957 1240 3002 vero

128 3058 163 3101 se
185 3032 392 3121 adstringunt
412 3034 579 3119 adjectivis
601 3058 740 3122 quorum
760 3047 875 3102 neutra
902 3037 1101 3104 substantive
1124 3038 1242 3104 dicun-

127 3148 179 3201 tur
199 3147 237 3201 ut
259 3134 298 3202 τό
322 3131 427 3222 ἴρινον
453 3139 612 3221 unguenti
641 3160 760 3205 nomen
788 3138 876 3204 unde
897 3138 1100 3204 Philoxenus
1129 3138 1241 3224 dithy-

125 3238 311 3305 ramhorum
333 3236 472 3323 scriptor
494 3233 698 3322 ἰρινόμικτος
717 3239 917 3327 composuit,
948 3235 1243 3328 ὕακινθινοβαφής

126 3351 159 3406 et
186 3333 415 3426 ὖσγινοβαφής
440 3337 599 3424 Xenoph.
634 3336 848 3428 μηλινοειδής
877 3338 1046 3427 Theophr.
1078 3361 1144 3425 quo
1172 3361 1241 3406 non

196 3607 224 3674 t)
238 3606 295 3662 l'ro
308 3600 504 3682 θρασεομάχης
515 3605 593 3661 Ρίιιᾶ.
612 3607 695 3662 metri
712 3625 796 3664 causa
814 3614 972 3664 correctum
990 3615 1033 3663 est
1053 3601 1240 3682 θρασυμνὶχω-

125 3713 181 3763 νος,
197 3709 250 3764 pro
263 3695 468 3762 γελγεοπωλεῖν
479 3693 546 3748 Hes.
567 3695 768 3765 yrlycnatsr‘r,
787 3711 840 3749 nec
858 3709 927 3749 sana
945 3691 1076 3747 videntur
1094 3695 1240 3764 τελέαρχος

124 3789 153 3837 et
165 3781 308 3850 τελεαρχία
327 3780 403 3849 apud
415 3777 559 3833 Plutarch.
578 3777 626 3833 ubi
645 3795 739 3850 neque
751 3774 944 3852 ταγμᾶιαρχος
957 3777 1132 3849 significatur
1143 3797 1238 3850 neque

124 3860 296 3937 ιελωνάρχης
306 3863 357 3918 sed
368 3860 498 3927 vioccrus
510 3864 557 3918 vel
574 3862 630 3918 rici
641 3860 783 3933 magister.
807 3861 1052 3934 Νεικεογεννεσιὴς
1063 3865 1109 3919 vel
1120 3872 1153 3918 nt
1163 3865 1237 3918 Kar-

124 3950 231 4006 stenius
250 3946 361 4021 scripsit
375 3944 596 4018 νεικεογεννηιής
612 3946 717 4018 legitur
728 3945 756 4000 in
775 3948 901 4004 obscuris
913 3948 1094 4021 Empedoclis
1110 3947 1238 4005 versibus

126 4039 182 4092 ras.
200 4036 285 4106 (aar.)

195 4121 239 4189 to)
253 4120 301 4176 Sic
312 4121 396 4176 etiam
412 4117 505 4174 Latini
517 4113 708 4186 Germanique
727 4119 912 4181 audeamus,
937 4121 1068 4193 sempr,
1086 4114 1234 4191 potatas·

124 4207 183 4275 rip,
201 4204 337 4278 ertlstfip
362 4206 479 4261 Lineam
490 4201 590 4257 transit
601 4193 753 4271 Λαῒνόχειρ
766 4198 926 4276 σκληρόχειρ
941 4203 1007 4258 Hes.
