2736 4778
130 374 194 443 all
508 370 788 441 DISSERTATIO
820 372 892 440 vn.

131 543 196 607 τῶν
208 541 323 607 δεινῶν
347 534 602 624 (buccatorta),
626 537 782 620 Berglrius
803 556 879 604 vero
901 536 1003 603 Poett.
1026 536 1098 618 Lyr.
1120 535 1172 601 Fr.
1195 536 1257 602 127

78 695 80 698 ,
132 646 195 707 ιιῦν
219 645 319 709 δεῖνα.
362 641 519 724 Equidem
540 642 738 724 grammatici
760 641 948 728 sententiam
976 641 1023 705 ita
1051 639 1257 722 interpretor,

130 745 303 811 Homerum
326 748 476 811 consueto
498 745 675 811 dativorum
697 745 784 810 exitu
795 744 965 826 pellectum
977 761 1058 823 esse,
1081 748 1118 806 ut
1135 743 1257 825 dispari

130 850 238 927 ισῒςδσ
260 849 456 914 extrinsecus
479 847 631 914 adiiceret
653 846 815 930 syllabam,
838 863 934 929 quam
956 846 1002 911 illi
1025 851 1178 911 enatura
1199 846 1257 911 ha-

129 951 214 1032 bent
238 951 420 1034 diceretque
444 953 587 1018 ισῖσδισι
610 956 647 1016 ut
668 948 800 1033 τιλχισι,
825 955 859 1015 et
879 968 974 1031 porro
995 949 1157 1029 Alcaeum,
1181 950 1257 1031 quia

130 1054 228 1120 dativi
260 1055 293 1119 in
315 1057 344 1125 ξι
365 1060 516 1121 exeuntes
549 1059 623 1120 ante
651 1071 686 1118 se
707 1052 827 1118 habent
848 1052 1020 1135 genitivum
1053 1052 1085 1117 in
1108 1051 1163 1131 ὦ,
1198 1071 1257 1119 suo

102 1200 105 1204 -
129 1158 269 1241 periculo
290 1156 450 1223 effinxisse
472 1157 598 1224 devium
618 1155 697 1221 illud
730 1161 768 1248 et
791 1173 918 1221 enorme
944 1157 1102 1222 ιῶνσεισν.
1147 1155 1182 1221 Si
1204 1159 1256 1223 cui

130 1261 286 1343 epectasis
297 1260 353 1326 illa
364 1260 538 1343 displiceat
555 1260 617 1326 huc
628 1258 759 1325 accedat
771 1263 905 1341 oportet,
917 1261 1063 1325 solodoro
1076 1278 1115 1325 ex
1128 1257 1256 1326 ισισίδι

130 1382 315 1430 conversum
337 1381 408 1429 esse
430 1382 488 1446 per
508 1361 708 1442 metathesin,
731 1367 865 1441 retento,
888 1379 928 1426 ne
950 1380 1010 1426 uon
1030 1363 1126 1428 nimis
1141 1363 1255 1428 obscu-

129 1472 263 1547 raretur,
287 1466 388 1549 sigma
409 1467 530 1548 primae
554 1464 694 1549 syllabae
716 1465 835 1530 ultimo.
874 1465 1031 1529 Audacior
1054 1464 1168 1548 aliquis
1191 1466 1255 1532 lor·

130 1576 216 1636 tasse
238 1573 383 1636 ισῖσσεσι
418 1589 437 1634 a
463 1574 550 1634 recto
577 1565 668 1647 δόσις
695 1568 886 1634 declinatum
917 1568 1015 1648 dicat,
1049 1571 1138 1634 cuius
1161 1588 1255 1635 casus

130 1668 206 1739 καθ’
232 1667 421 1739 ὑπόστασιν
442 1671 518 1754 fingi
545 1678 679 1753 possunt
699 1672 870 1751 σσῦδενσς,
905 1668 1054 1752 σῗδενες,
1074 1676 1255 1749 relabemur,

130 1781 227 1859 atque
249 1775 308 1841 boc
330 1775 385 1855 illi,
408 1793 487 1857 quos
509 1774 612 1857 Epim.
634 1773 851 1857 reprehendit,
874 1774 907 1839 in
927 1774 1037 1840 Alcaei
1060 1792 1156 1840 versu
1178 1775 1254 1840 sub

130 1880 272 1945 stituisse
294 1879 442 1945 videntur
470 1897 527 1960 pro
550 1880 700 1944 τῶνδιων
726 1877 768 1942 ad
790 1875 1029 1960 significandum
1051 1883 1114 1944 τῶν
1137 1875 1256 1944 δείνων

131 2001 151 2047 a
172 1981 365 2048 nominativo
389 1977 421 2047 σὶ
445 1984 557 2059 δεῖνες.
602 1979 651 2044 De
679 1984 811 2045 accentu
832 1979 930 2045 dativi
954 1981 1109 2046 dissensio
1131 1981 1254 2046 eadem

129 2084 230 2151 Schol.
252 2084 339 2149 Harl.
365 2082 423 2149 Od.
446 2082 527 2148 XIII
548 2081 612 2148 258
635 2082 988 2170 πρσπσρσξιπσνηιέσν
1009 2083 1047 2149 τὸ
1071 2081 1252 2160 τοίσδεσσι,

128 2185 612 2278 seduusathius1902.5szo
637 2186 781 2251 coibulam
807 2181 866 2251 or'ue
890 2180 930 2252 dv
955 2185 1254 2275 πραπσρσξυνθσίη

128 2287 271 2376 εὐλόγως
294 2291 348 2357 διὰ
373 2290 409 2356 τὸ
433 2290 500 2376 πρὸ
524 2284 584 2356 δύο
608 2288 782 2370 συλλαβῶν
806 2286 890 2370 ἔχειν
913 2288 968 2355 τὸν
991 2285 1101 2355 τόνον·
1126 2283 1165 2356 οὗ
1190 2288 1253 2378 γὰρ

129 2389 169 2460 dv
191 2394 365 2472 ἐπίκισσις
388 2387 558 2481 ἀλλοιώσῃ
591 2389 649 2478 τὴν
670 2386 811 2457 τόνωσιν
837 2396 898 2459 τσῦ
921 2385 1054 2480 c'r‘pdpov
1083 2395 1142 2479 τῆς
1164 2394 1255 2460 dou·

129 2503 196 2585 νῆς.
242 2496 336 2578 Apud
363 2496 537 2562 Homerum
565 2494 667 2559 tribus
695 2493 772 2559 locis
794 2493 961 2559 Bekkerus
996 2494 1042 2579 [in
1065 2495 1113 2560 ed.
1137 2496 1254 2578 priore,

128 2618 210 2664 nunc
232 2600 390 2684 omnibus]
424 2600 552 2681 scripsit
581 2593 747 2663 σοι’σσσσσι
772 2597 830 2663 Od.
852 2597 885 2662 Il
907 2596 958 2678 47,
984 2596 1053 2676 165,
1077 2598 1158 2663 XIII
1181 2598 1253 2678 258,

129 2702 231 2767 tribus
255 2702 324 2765 aliis
347 2701 475 2781 reliquit
498 2700 688 2765 tralaticium
712 2703 879 2767 ισῖσὸεσσι
903 2702 953 2784 (ut
975 2691 1146 2783 ὧντινων),
1170 2702 1254 2784 quod

127 2805 160 2868 in
181 2804 378 2885 Pythagorae
413 2822 555 2869 sermone
588 2803 705 2884 legitur
738 2822 756 2866 a
785 2803 923 2908 Luciano
957 2795 1029 2868 ficto
1057 2803 1135 2869 Vitt.
1159 2805 1251 2870 Auot

129 2907 146 2990 ἓ
171 2905 189 2971 3
213 2905 367 3074 ξλαιῗῗίσᾱ
390 2983 468 3074 alias
490 3009 583 3074 huius
610 3010 734 3091 genera
758 3009 894 3092 syllabas
917 3017 1054 3078 transeo.

214 3148 231 3231 ᾖ
254 3146 283 3212 4.
328 3147 377 3212 Ad
399 3146 435 3210 Il.
459 3142 560 3212 1244
583 3138 719 3231 ὅτ’(νισισν
742 3142 836 3215 οὐδὲν
859 3146 970 3225 ἔτισας
992 3149 1179 3215 adnotatum
1203 3157 1251 3215 est

125 3248 336 3335 Ἀρίσισρχσς
360 3249 536 3334 παρέλκειν
560 3250 642 3335 λέγει
666 3250 701 3317 ab
724 3255 784 3335 lib]
806 3269 903 3332 quare
926 3250 1009 3332 diple
1033 3252 1180 3333 apposita
1202 3261 1251 3318 est

126 3354 202 3419 XVl
225 3350 296 3432 274,
319 3351 425 3417 XXIV
449 3350 520 3416 370.
566 3351 644 3418 Cum
668 3353 834 3419 Homerico
855 3353 909 3418 illo
933 3353 1029 3419 schol.
1045 3355 1142 3419 Arist.
1154 3355 1249 3438 Vesp.

128 3453 210 3521 1478
233 3454 354 3521 confert
377 3449 496 3521 οὐδὲν
519 3450 678 3521 παύσεται
704 3451 775 3522 ἀντὶ
804 3464 863 3523 τοῦ
886 3452 925 3524 οὗ
950 3456 1131 3532 παύσεται,
1155 3458 1250 3540 idque

125 3559 266 3624 Atticum
289 3558 365 3623 dicit
387 3558 481 3623 schol.
504 3558 584 3623 Plat.
608 3557 782 3642 Euthyphr.
806 3559 869 3625 328
904 3555 1037 3638 ἆιιικὸς
1065 3555 1083 3624 ὁ
1112 3564 1173 3627 τοῦ
1201 3561 1252 3632 at

127 3657 349 3743 πλεονασμός.
394 3659 487 3742 Diple
510 3661 714 3728 Aristarchea
740 3663 817 3728 nihil
845 3662 980 3745 amplius
1004 3661 1182 3745 significare
1204 3667 1251 3730 vi-

127 3765 220 3830 detur
249 3783 344 3846 quam
377 3783 434 3845 pro
462 3758 498 3828 οὐ
521 3784 744 3847 nonnunquam
767 3767 841 3849 poni
864 3766 1006 3832 ornatius
1035 3761 1137 3845 οὐδέν,
1162 3773 1194 3833 et
1214 3768 1250 3832 id

125 3887 250 3951 quoque
272 3868 324 3933 ille
347 3865 482 3931 fortasse
504 3867 782 3935 inte1·Atticismos
805 3869 935 3936 Homeri
957 3870 1076 3935 retulit.
1093 3905 1124 3916 -
1145 3869 1251 3937 Maior

127 3976 176 4036 est
192 3971 359 4037 celebritas
382 3969 582 4052 syllabarum,
600 3991 681 4055 quae
699 3973 872 4038 dentalium
888 3974 1022 4040 alteram
1044 3974 1077 4038 in
1094 3974 1252 4058 principio

124 4074 257 4140 habent:
292 4076 329 4139 τὸ
365 4071 450 4141 ὑπαί
472 4075 601 4161 λέγεται
630 4075 685 4142 καὶ
708 4073 871 4142 ὕπαιθα
901 4075 967 4142 κατ’
991 4077 1170 4144 ἐπέστασαν
1192 4082 1253 4167 τῆς

124 4177 163 4246 νῖν
186 4180 351 4264 συλλαβῆς
373 4177 510 4260 Theogn.
534 4178 609 4244 Can.
636 4178 704 4243 158.
728 4179 778 4247 33.
818 4178 886 4245 Hoc
909 4180 962 4245 alii
984 4198 1144 4262 apocopae
1168 4182 1252 4248 assi·

123 4287 230 4360 gnara,
254 4280 292 4344 de
316 4299 378 4361 qua
402 4299 458 4345 suo
480 4283 548 4348 loco
571 4282 693 4346 dicetur
710 4279 806 4364 [Diss.
820 4280 897 4348 Vlll
910 4299 977 4364 cap.
989 4281 1057 4366 IV.]
1075 4318 1108 4328 -
1126 4281 1252 4373 Δηθὰ
