2736 4778
139 338 204 402 nn
220 294 348 413 anns
372 335 609 404 erucorrn
628 334 902 405 annuamus.
926 334 1022 402 on.
1042 336 1111 421 aa.
1135 340 1208 413 391

96 530 240 586 veterum
261 543 322 608 pro
345 513 529 605 ἇψτίῤῥοος,
556 518 742 603 omissoque
768 518 865 605 alpha
885 520 1084 606 prosthetioo
1104 512 1233 600 ἅπτος,

95 645 156 709 pro
185 614 323 697 ἅπτοος.
374 621 452 684 Ηοα
485 629 593 683 autem
626 619 715 684 aditu
748 620 911 706 patefacto
940 619 1033 687 facile
1061 641 1100 685 eo
1131 641 1208 706 pro·

94 725 261 788 fluxerunt
288 730 326 785 ut
351 713 527 807 ἇπτοιπής
555 720 844 806 interpretarentur
876 715 1113 809 ἀπτοητοεπής·
1136 731 1210 785 tan·

96 846 196 910 qnam
219 843 294 886 cum
322 815 434 897 ἁπτός
460 821 648 907 copulatum
674 822 759 887 sicut
788 817 1043 904 ἇκαμπτιίποος.
1088 820 1157 886 Sed
1178 830 1211 885 et

95 927 160 990 hoo
180 922 290 988 verius
321 921 363 984 ad
392 917 487 987 iimo
516 922 652 986 refertur
680 916 962 1011 p‘znlonropa'vp
988 913 1039 983 δι’
1064 918 1156 985 ἐπῶν
1177 930 1209 986 et

99 1025 190 1109 quod
212 1033 308 1088 antea
331 1020 422 1086 attuli
445 1012 574 1099 ίίαπτος
601 1022 709 1087 idest
735 1017 958 1105 ἀπρόςοιστος
986 1020 1053 1084 sive
1084 1014 1212 1108 ἆπρος-

99 1125 276 1200 πίίαστος.
319 1124 371 1187 Ex
388 1122 498 1190 Schol.
509 1122 608 1187 Pind.
623 1123 677 1189 Ol.
691 1125 733 1190 V.
751 1124 802 1187 54.
825 1120 863 1186 τι)
887 1116 1018 1206 ίγίιντα
1032 1116 1212 1207 Ἀρίσταρ-

96 1246 155 1304 χος
176 1216 389 1306 ἀναγινώσκει
412 1217 570 1301 ιίξίιτονον
588 1221 646 1308 τὴν
661 1218 919 1309 παραλήγουσαν
934 1216 1007 1285 rival
1021 1224 1081 1287 τοῦ
1096 1215 1209 1306 ὑγιαί-

97 1346 213 1399 νοντα,
233 1322 298 1387 hoo
319 1323 543 1387 tantummodo
567 1324 764 1410 perspicitur
787 1323 874 1387 hunc
909 1322 1069 1407 adjectivo
1093 1322 1207 1387 dorico

96 1424 284 1508 assignasse
305 1435 475 1488 accentum
494 1424 740 1511 participiorum
761 1425 795 1488 in
814 1411 864 1501 aa}
884 1423 1088 1499 exeuntium3
1111 1420 1210 1488 scho-

94 1525 189 1589 liasta
210 1524 348 1589 sonasse
370 1518 501 1610 ὑγίεντα
528 1546 569 1588 ex
589 1520 780 1610 ὑγιαίνοντα
810 1536 916 1588 ortum
946 1525 1073 1609 putavit
1103 1523 1207 1589 tribus

93 1625 194 1690 literis
216 1624 320 1702 elisis,
342 1646 409 1689 una
431 1634 564 1689 mutata.
608 1630 808 1711 Μαρανγεῖν
835 1625 1007 1689 manifesto
1040 1646 1114 1690 curn
1141 1650 1209 1708 για-

93 1723 196 1809 ραίνιο
218 1735 395 1811 cognatum
416 1744 478 1790 neo
500 1734 608 1790 tamen
636 1725 711 1789 hinc
737 1726 956 1811 compositum
980 1736 1030 1791 est
1052 1726 1111 1791 sed
1133 1746 1208 1791 oum

93 1824 237 1890 the'mate
264 1825 354 1890 verbi
382 1823 493 1911 μαίρω
520 1827 541 1890 i.
567 1849 598 1911 q.
628 1821 761 1909 ἆμέρδιο
791 1818 929 1905 hebeto,
961 1827 1106 1893 marcido
1126 1828 1208 1894 EM.

96 1925 146 2004 76,
170 1927 224 1991 22.
250 1927 291 1991 ci.
314 1925 353 1992 O.
376 1927 404 1990 Ι.
427 1929 452 2011 ξ.
475 1925 505 1990 6.
815 1938 818 1943 ·
1168 1950 1196 1957 ··

145 2084 148 2089 ,
176 2032 202 2111 6.
223 2027 255 2092 2.
299 2028 393 2092 Duas
427 2049 588 2092 consonas
618 2049 691 2091 cum
729 2037 886 2111 aequente
918 2028 1023 2091 vocali
1055 2028 1209 2114 expulsas

96 2149 169 2192 esse
183 2129 258 2213 jure
287 2139 389 2214 negat
420 2126 561 2191 Tzetzes
590 2128 632 2191 ad
660 2128 743 2191 Hes.
775 2128 867 2213 Opp.
897 2128 970 2192 381.
1002 2124 1021 2191 ri
1052 2125 1211 2215 Πρόκλος

96 2223 226 2312 γελοῖόν
258 2251 343 2317 φησι
381 2226 419 2293 τὸ
444 2222 663 2310 Ἀτλαγενέων
685 2221 963 2312 Ἀτλαντογενέιον
999 2222 1085 2295 εἶναι
1122 2226 1208 2295 δίον.

98 2319 186 2407 Ἔχει
214 2327 252 2394 δὲ
278 2323 477 2416 ἀμφοτέρως
505 2331 631 2404 καλῶς·
659 2326 804 2394 κλίνεται
834 2328 896 2413 γὰρ
923 2328 980 2393 καί
1003 2322 1125 2406 Ἄτλας
1148 2332 1209 2396 τοῦ

96 2418 207 2507 istiu,
232 2421 606 2511 τίαιιῐἍβαςἌβαντος
628 2420 783 2512 καίἌβα
805 2426 969 2495 Choerob.
994 2429 1076 2494 Can.
1100 2431 1152 2508 33,
1167 2430 1206 2495 u.

93 2526 205 2593 Schol.
227 2528 349 2594 Aesch.
372 2529 482 2593 Prom.
493 2528 567 2593 428.
590 2539 622 2593 et
642 2528 758 2615 Steph.
784 2552 810 2594 s.
833 2531 865 2594 h.
888 2554 917 2595 v.
941 2530 1070 2616 aliaque
1083 2518 1206 2596 Parall.

94 2627 166 2693 172.
189 2628 364 2714 inquibus
388 2639 437 2694 est
457 2629 652 2713 adjectivum
673 2649 748 2695 cum
779 2632 895 2697 eodem
916 2630 1016 2698 verbo
1041 2630 1207 2718 composi·

92 2739 162 2793 tum
179 2733 239 2795 τοῦ
258 2724 408 2795 πολύτλα
432 2753 462 2795 ν.
486 2729 525 2796 (l.
548 2732 576 2796 Ι.
601 2736 625 2817 ξ.
645 2733 676 2798 2.
721 2728 929 2817 Λεόπαρδος
958 2745 990 2798 et
1019 2732 1208 2816 δράκαιιλος

92 2852 161 2895 non
195 2851 268 2895 oum
301 2830 445 2915 genitivo
479 2833 662 2919 composita
690 2856 762 2899 esse
795 2834 923 2899 omissis
956 2834 1057 2899 literis
1090 2832 1207 2899 olitiois

91 2920 149 2996 ν’το
172 2931 231 2995 sed
263 2950 336 2995 cum
367 2931 442 3017 ipsa
474 2933 575 3019 stirpe
606 2933 747 2999 nominis
783 2936 912 2999 ostendi
943 2935 976 2998 in
1007 2934 1129 3000 Parall.
1151 2933 1204 2998 48.

94 3026 288 3117 Τηλύγντος,
310 3034 401 3116 quod
420 3033 725 3118 upim.1.405‚10.
745 3056 785 3096 ex
806 3031 1041 3120 τηλαγέννιγτος
1060 3034 1208 3099 extitisse

92 3143 238 3197 autumat
259 3155 333 3198 oum
354 3134 425 3219 pari
447 3134 542 3198 trium
558 3136 790 3199 elementorum
802 3133 986 3218 dispendio,
1006 3142 1038 3197 et
1051 3127 1209 3218 ταίγετος

89 3234 209 3299 Parall.
233 3234 304 3299 129.
318 3235 361 3298 ad
383 3234 527 3321 priscum
549 3236 613 3321 γέω
634 3234 784 3299 revocavi
806 3233 931 3299 Techn.
941 3232 1010 3297 129.
1042 3232 1207 3300 Extermi-

90 3336 176 3399 notis
195 3335 297 3400 literis
316 3324 378 3413 a—og
398 3334 601 3414 ntorooovoc
627 3336 659 3401 in
691 3333 830 3414 πίσυνος
859 3346 1018 3401 mutatum
1048 3355 1121 3400 esse
1150 3356 1208 3400 au·

89 3436 189 3503 mitur
208 3436 243 3500 in
264 3437 344 3503 ΕΜ.
367 3436 441 3516 639,
463 3438 515 3502 31.
539 3437 610 3502 aliis
633 3438 697 3502 alia
715 3436 942 3513 suadentibus,
966 3458 1104 3521 quorum
1125 3434 1207 3501 nihil

91 3537 191 3624 plane
222 3539 301 3603 satis
332 3539 410 3603 iacit
437 3561 467 3602 v.
496 3538 598 3603 Proll.
621 3540 693 3603 231.
725 3550 757 3601 et
783 3536 857 3603 239.
901 3538 1007 3602 Iidem
1035 3558 1112 3603 vero
1140 3560 1207 3604 non

92 3638 198 3703 solum
219 3638 329 3704 literas
352 3640 523 3704 continuas
547 3639 604 3703 sed
629 3639 725 3703 etiam
747 3638 925 3723 disjunctas
953 3650 984 3703 et
1005 3640 1140 3706 aliarum
1156 3642 1208 3706 iu·

90 3750 239 3804 terventu
260 3752 427 3827 separatas
454 3760 620 3826 syncopae
648 3739 807 3824 subjicere
834 3762 899 3805 non
930 3740 1022 3807 neias
1045 3743 1205 3808 habuere:

90 3839 129 3905 τὸ
151 3834 657 3923 circumcursantium&
672 3836 852 3925 δικοίρανον
870 3842 955 3930 φησὶ
973 3840 1206 3930 σιιγιενιίιγθαι

89 3940 170 4006 ΕΜ.
193 3938 272 4019 276,
295 3944 347 4007 23.
377 3940 471 4026 παρὰ
496 3940 535 4007 τὸ
555 3938 743 4018 θεσπέσιος
768 3940 893 4028 γίνεται
918 3942 1047 4017 θέσπις
1074 3964 1110 4025 p.-
1129 3938 1204 4017 447,

90 4042 142 4106 66.
187 4044 242 4108 De
267 4053 406 4127 utroque
429 4064 529 4128 supra
551 4042 689 4107 disserui
711 4043 839 4126 rejectis
868 4043 1086 4125 conjectorum
1109 4062 1207 4126 argu-

91 4142 155 4207 tiis.
179 4137 381 4230 Ἀκραιιγνής
405 4143 512 4207 Orion
524 4145 576 4220 31,
589 4144 619 4207 8.
644 4167 685 4207 ex
708 4138 953 4226 ἀκεραιοφιινής
973 4140 1091 4205 factum
1114 4152 1210 4229 putat

22 4266 31 4275 ·
93 4245 251 4330 surreptis
283 4244 386 4307 tribus
420 4244 515 4306 trium
550 4243 745 4327 syllabarum
779 4239 944 4305 vocalibus
981 4243 1038 4306 sed
1071 4243 1147 4312 huie
1175 4246 1208 4310 in
