2736 4778
164 309 229 374 nn
243 306 514 376 Paosrnnsr
527 305 590 371 aa
608 306 871 377 arnamar
889 305 1031 374 ovrn.
1043 305 1107 392 so.
1134 305 1207 380 16⁷

85 499 145 560 τοῦ
172 480 198 558 οἷ
223 492 279 559 καὶ
307 492 551 574 διπλασιασμῷ
576 488 656 553 ΕΜ.
683 488 762 566 485,
790 492 818 555 1.
847 492 906 555 sed
930 513 1049 557 nomen
1077 483 1205 578 κάβρῆ

85 593 197 681 τροφή
226 592 321 661 Suid.
350 590 454 655 multo
484 589 646 674 posterius
667 598 725 653 est.
769 590 933 673 Adjeotivi
954 591 1117 677 κάρχαρος
1140 591 1207 676 syl-

84 693 162 758 laba
190 695 300 779 prima
327 700 436 754 utrum
463 711 503 754 ex
523 689 707 775 anadiplosi
729 701 810 754 nata
838 691 881 754 sit
901 713 942 754 an
962 691 1052 755 verbi
1074 693 1208 779 stirpem

88 774 257 859 contineat
285 790 511 857 terminatione
539 790 743 877 paragogica
772 803 903 856 auctam
928 791 962 855 in
992 789 1090 855 dubio
1112 793 1209 877 posui

88 895 193 959 Proll.
211 892 286 958 255.
318 889 452 978 Κάχλρξ
467 902 499 956 et
513 888 612 972 χάλιξ
626 891 829 977 latinumque
848 895 933 967 calx,
953 893 1103 964 cataras,
1121 912 1211 955 com-

91 996 204 1059 munia
222 993 346 1058 habent
362 979 556 1076 elementa}
577 1004 609 1057 et
631 979 660 1071 λ,
684 1015 767 1079 quae
791 993 906 1058 eadem
926 992 1033 1079 prima
1055 1001 1130 1055 sunt
1150 1014 1212 1055 no·

92 1094 191 1157 minis
210 1091 331 1178 χλαρύκ
348 1092 383 1157 id
405 1103 454 1158 est
470 1091 595 1176 κάχλαξ
609 1094 691 1159 Hes.
708 1095 810 1180 idque
825 1093 966 1162 Vossius
984 1092 1087 1159 latino
1103 1096 1213 1177 platea

94 1193 300 1279 aequiparat3
328 1192 500 1259 ooohlaoae
529 1194 681 1260 dicuntur
707 1198 826 1280 lapides
855 1217 896 1262 ex
920 1198 1050 1282 flumine
1079 1195 1215 1260 rotundi

93 1298 137 1359 acl
154 1296 345 1360 cochlearum
364 1298 603 1362 similitudinem
614 1296 704 1361 Fest.
717 1294 877 1383 τροχαλοί
896 1294 929 1363 οἱ
947 1292 1132 1363 θαλάσσιοι
1152 1291 1211 1360 καλ

88 1389 254 1477 ποτάμιοι
275 1392 387 1473 λίθοι,
415 1389 475 1473 ούς
498 1392 579 1462 ἔνιοι
603 1394 767 1477 κάχλακας
788 1396 946 1462 καλοῦσιν
966 1389 1066 1484 ἤγουν
1088 1397 1210 1481 κάχλη-

90 1519 166 1571 κας,
197 1490 229 1560 oi
257 1494 295 1561 ot
319 1492 486 1580 χερμάδια
511 1495 690 1583 Mosehop.
715 1497 836 1564 Sched.
865 1498 936 1561 177.
967 1498 1021 1562 Ex
1042 1497 1105 1561 illis
1128 1518 1207 1561 oon-

88 1595 179 1660 sonis
195 1594 314 1660 Graeoi
330 1596 494 1661 finxerunt
510 1620 608 1662 voces
626 1599 730 1662 varias
751 1598 851 1662 modo
870 1598 1129 1663 terminationem
1148 1597 1209 1661 ad-

89 1696 245 1761 struendo
265 1693 406 1781 χλαράκ,
435 1699 640 1784 χλῆδοςῖθ),
666 1696 776 1780 χάλιξ,
808 1699 909 1764 modo
932 1698 1090 1784 syllabam
1111 1718 1208 1786 prae-

89 1797 246 1884 ponendo
279 1793 419 1882 κάχληξ,
452 1794 586 1879 noxios,
621 1822 706 1885 quae
740 1800 817 1885 quia
846 1801 1042 1886 gutturalem
1072 1799 1209 1887 originis

89 1900 216 1976 iterant,
237 1898 280 1962 ad
300 1897 505 1984 reduplicata
528 1900 789 1983 accedunmed
810 1924 878 1966 non
901 1923 941 1966 ea
961 1902 1086 1967 ratione
1111 1923 1210 1985 quam

88 2001 169 2065 EM.
196 1999 277 2077 534,
305 2000 358 2064 27.
386 1999 472 2064 iniit:
503 2002 599 2089 παρὰ
628 2003 666 2067 τὸ
695 2004 788 2084 χαλιῖι
817 2006 971 2089 συχκοσῇ
993 2003 1061 2079 χλῶ
1084 1997 1212 2084 γίνεται

90 2099 171 2181 χλύς
193 2099 250 2166 καλ
273 2094 350 2166 κατ’
374 2095 693 2183 άκαδιπλασιασμὸκ
713 2098 844 2182 κύχλος,
863 2123 938 2164 nam
960 2101 1024 2164 hoo
1044 2096 1122 2180 χλὸς
1142 2121 1210 2163 non

92 2201 200 2265 minus
218 2209 444 2286 portentosum
460 2211 510 2265 est
525 2223 623 2285 quam
638 2196 724 2279 κλύς
746 2212 779 2264 et
801 2197 880 2279 θός,
900 2223 983 2287 quaa
1003 2201 1092 2266 idem
1115 2200 1210 2266 effin-

92 2303 143 2388 git
163 2302 236 2379 544,
259 2302 309 2367 15.
333 2312 366 2367 et
384 2301 495 2389 Epim.
517 2302 545 2367 Ι.
567 2300 640 2367 250.
665 2301 775 2368 Sobol.
792 2300 894 2369 Dion.
915 2327 948 2390 p.
966 2303 1038 2382 886,
1055 2305 1086 2369 3.
1113 2302 1212 2388 παρὰ

92 2404 131 2469 οδ
152 2404 219 2469 κλῶ
239 2399 320 2480 κλύς
344 2403 401 2468 καὶ
424 2401 541 2489 ἐπειδὴ
566 2399 662 2470 οὐδὲν
683 2399 732 2480 εἰς
763 2389 921 2492 οξλύγει
949 2401 1211 2489 μονοσύλλαβον,

92 2500 410 2583 ἇναδιιτλασιασμόκ
432 2500 609 2585 δεξάμενοι
630 2502 753 2588 γίνεται
776 2501 896 2580 κύκλος
919 2501 963 2583 ὡς
985 2501 1080 2590 παρὰ
1099 2500 1136 2566 τὸ
1154 2507 1212 2568 θῶ

90 2601 174 2681 θός,
203 2602 261 2669 καὶ
289 2599 397 2689 τηθάς
424 2602 480 2669 καὶ
507 2600 609 2692 ποθή,
639 2604 698 2668 sed
723 2606 839 2670 melius
868 2604 984 2669 suadet
1009 2604 1043 2668 in
1076 2601 1165 2666 exitu
1188 2598 1209 2689 ἢ

93 2702 212 2782 κύκλος
241 2701 353 2790 (παρὰ
377 2706 415 2769 οδ
448 2701 569 2790 nvllo)
592 2698 836 2786 δεύκύλισοος.
879 2704 947 2772 Pro
969 2700 1078 2794 τηθάς
1101 2715 1211 2770 autem

92 2803 301 2870 scribendum
323 2812 373 2867 est
393 2799 491 2880 τιθάς
513 2814 547 2868 et
565 2803 646 2891 τιθὴ
670 2806 738 2872 sive
755 2818 792 2873 ut
805 2808 903 2894 vulgo
922 2806 1073 2872 scribitur
1092 2804 1211 2886 τιτθύς

90 2903 193 2990 rubri
217 2905 310 2989 cujus
336 2903 461 2989 syllaba
480 2905 584 2991 prior,
613 2920 770 2991 quantum
793 2932 834 2974 ex
858 2908 1045 2993 germanico
1071 2920 1153 2975 tutta
1178 2916 1211 2971 et

93 3006 230 3069 aliarum
242 3005 426 3092 linguonum
440 3008 683 3092 comparatione
698 3008 918 3093 cognoscitur,
930 3031 998 3073 non
1010 3007 1214 3093 pleonastioa

92 3108 153 3173 aed
177 3128 275 3191 quam
295 3105 434 3172 maxime
459 3108 568 3171 nativa
590 3117 648 3171 est.
693 3105 845 3193 Λαίλαιμ
872 3107 1065 3170 Eustathius
1096 3104 1212 3189 ολάψ

91 3222 204 3274 natum
229 3217 336 3296 putat,
358 3208 449 3295 quod
470 3230 584 3272 vereor
605 3229 646 3271 ne
668 3206 740 3294 ipae
762 3206 905 3284 finxerit3
933 3207 978 3271 illi
1002 3206 1139 3294 propius
1162 3215 1213 3270 est

92 3309 217 3397 λάβρος
237 3333 267 3375 v.
289 3310 408 3375 Parall.
428 3310 500 3374 113.
533 3309 712 3374 Numerum
729 3309 839 3395 explet
856 3308 1025 3396 epitheton
1045 3309 1098 3373 dei
1114 3312 1210 3374 Πασ-

91 3409 217 3496 οσάριος
240 3407 418 3477 Ἀπόλλων
449 3411 544 3497 παρὰ
571 3407 719 3495 Παρίοις
751 3411 867 3497 Steph.
914 3412 991 3478 Jam
1019 3411 1061 3474 ad
1084 3408 1212 3496 epsilon

92 3512 299 3599 pervenimus
322 3511 510 3600 Stephanus
533 3515 580 3601 Γῆ
605 3507 673 3577 άπὸ
696 3517 759 3579 τοῦ
782 3514 842 3597 γέα
865 3505 926 3599 ἀφ’
953 3503 994 3579 ού
1015 3512 1052 3578 τύ
1077 3513 1211 3598 χέχειος,

94 3614 247 3699 κωμικὸν
273 3616 476 3700 πλεονασμῷ
505 3616 565 3679 τοῦ
594 3601 628 3700 μ’
658 3608 679 3700 ἢ
709 3613 807 3698 παρὰ
834 3612 873 3678 τι)
905 3616 947 3699 χῆ
972 3613 1114 3699 χέχειος,
1146 3637 1211 3699 quo

92 3812 217 3877 ὀξύνεται
234 3813 272 3876 ὥς
287 3810 426 3889 μαδαρός,
450 3814 500 3870 ubi
517 3813 684 3869 exciderunt
698 3831 771 3885 quae
789 3815 824 3869 de
842 3815 989 3887 oxytoneai
1007 3816 1211 3887 adjectIvorum

93 3909 122 3955 et
140 3903 178 3956 de
195 3900 307 3956 diverso
325 3901 561 3956 substantivorum
581 3906 697 3954 accentu
717 3901 791 3954 diota
809 3909 914 3955 essent.

162 3991 207 4054 29)
222 3983 337 4056 Χλαρόν
352 3983 479 4058 ῥυπαρόν
489 3986 559 4040 Hes.
569 3988 673 4057 χλῆδος
689 3980 776 4058 σωρύς
790 3985 845 4041 άπὸ
861 3983 1050 4058 καθαρμάτων
1065 3988 1111 4038 καὶ
1127 3980 1141 4050 ἡ
1157 3986 1216 4038 τοῖν

92 4076 230 4142 ποταμῶν
245 4069 394 4143 ιιρύχιοσις,
408 4067 423 4126 ὃ
438 4077 483 4125 καὶ
497 4075 619 4144 χέραδος
633 4076 753 4128 καλεῖται
767 4073 853 4143 Hurp.
878 4072 1005 4139 Χέραδος
1018 4072 1124 4136 πλῆθος
1136 4066 1211 4132 ἰλύος

93 4163 140 4211 καὶ
158 4151 300 4228 turpium
313 4159 358 4210 καλ
372 4161 461 4211 λίθων
471 4157 535 4212 sch.
546 4157 731 4212 11.XX1.319.
748 4155 839 4226 Χεράς
855 4155 869 4209 ὁ
883 4153 953 4226 μετὰ
969 4150 1044 4215 ἰλύος
1060 4159 1106 4209 καὶ
1123 4155 1221 4213 λίδωιιΙ

94 4237 230 4314 συρφετός
249 4243 315 4298 Seh.
329 4242 413 4298 Pind.
433 4243 583 4298 P.v1.13.
608 4243 709 4297 Latiae
728 4243 819 4298 rudus
837 4239 973 4312 appellari
992 4249 1094 4312 potest.
