2736 4778
212 276 216 283 ¹
311 339 377 405 DE
399 335 678 404 PAREGTASL
723 335 762 404 O.
784 339 845 408 lV.
878 342 904 424 5.
925 340 956 406 3.
1120 347 1193 418 dil

77 519 161 602 Διός
181 525 276 590 Eust.
299 521 374 599 953,
395 522 448 586 42.
494 521 589 587 Idem
610 521 757 607 pluribus
779 521 887 587 verbis
908 523 946 592 τὸ
969 517 1088 605 dorice
1108 522 1196 594 κατά

77 648 168 703 τινας
191 621 530 711 αροτιερισττωμένως
553 616 572 689 ὃ
597 615 751 710 ἀζήμιος,
779 621 864 702 Ζεὺς
886 623 923 691 δὲ
942 615 1082 712 ’leopos
1107 650 1194 712 τιρο-

75 723 330 810 παροξυτόνως,
358 713 399 788 tlr
421 718 492 789 ἔστι
513 720 571 788 καί
592 715 742 790 Ἀθώιον
764 720 889 790 εἰπεῖν·
913 723 1000 790 κατὰ
1022 724 1061 791 di
1080 720 1194 812 Ἥραι-

76 823 193 891 διανὸν
214 822 253 890 τὸ
270 819 408 909 Ἀθῷος
430 820 820 910 προπιριστιασθήσιται
844 818 892 901 ὡς
911 823 950 890 τὸ
973 818 1097 914 pocior,
1120 831 1195 893 Μι-

76 929 174 1011 ιῷος,
197 925 339 1010 petrice,
360 921 397 987 τὰ
421 922 459 990 δι’
482 920 595 1008 ἕτερον
615 920 983 1011 προααροξοιθήσεται
1005 920 1133 1010 ὁμοίως
1152 934 1198 1016 τῷ

78 1016 220 1107 ἄβουλος
243 1034 304 1089 etc.
326 1023 404 1101 358,
424 1023 478 1089 42.
505 1022 606 1107 idque
634 1021 705 1087 siue
733 1023 938 1091 dubitatione
970 1026 1197 1112 amplectimur

79 1125 200 1191 omisso
222 1124 291 1191 iota
297 1149 307 1201 ;
328 1148 404 1190 nam
422 1125 480 1190 illa
500 1124 729 1189 antidiastolee
750 1125 832 1191 ratio
855 1127 951 1192 nimis
972 1127 1112 1195 levicula
1134 1142 1194 1208 est,

78 1239 111 1291 et
137 1249 305 1312 nunquam
331 1226 462 1292 additur
484 1225 635 1292 derivatis
663 1221 815 1305 ἆθιοοῦν,
841 1221 1033 1315 ἆθωοσύιη.
1075 1230 1194 1316 Itaque

78 1325 169 1415 θωϊή
197 1330 326 1416 poetice
351 1338 580 1416 exporrectum
608 1327 761 1403 dicimus,
793 1323 869 1414 θιοή
896 1329 1042 1395 nativum
1066 1333 1134 1409 vel,
1166 1333 1194 1398 si

76 1428 186 1495 theme
215 1441 265 1496 est
290 1429 424 1496 verbum
449 1427 523 1496 θέω
552 1426 725 1513 (τίθημι),
756 1428 865 1521 nativo
897 1427 964 1517 θοή
998 1433 1192 1517 proximum.

74 1527 153 1596 Alia
183 1531 315 1599 fortuito
347 1532 382 1597 in
414 1531 499 1596 hanc
532 1527 778 1595 similitudinem
809 1529 1023 1596 delabuntur:
1057 1538 1139 1623 ψιῦα
1172 1531 1191 1625 ἦ

75 1628 220 1708 δυςοιδία
246 1633 328 1699 ΕΜ.
349 1632 423 1698 819.
449 1631 543 1699 Suid.
558 1632 590 1716 8)
617 1631 707 1715 quod
735 1630 770 1696 in
796 1632 869 1697 cod.
891 1632 1053 1717 Hesychii
1073 1635 1193 1701 rectius

74 1729 225 1797 scribitur
247 1730 344 1818 ψιόια
371 1734 422 1819 (id
445 1742 496 1798 est
519 1726 613 1818 ψῴα)
638 1729 755 1813 σαπρὰ
777 1730 931 1810 δοςιοδία.
981 1734 1071 1800 Huic
1097 1737 1194 1804 affine

73 1833 201 1898 videtur
216 1831 336 1918 ψόθσς
356 1829 376 1922 ἧ
400 1829 597 1917 ἀκαθαρσία
608 1833 640 1917 ⁹)
661 1842 694 1896 et
714 1832 894 1917 interjectio
916 1834 963 1921 ψό
982 1834 1041 1902 ἐπὶ
1058 1843 1194 1926 σαπροῦ

73 1933 173 2000 Phot.
195 1935 249 2000 cui
271 1935 409 2001 similem
425 1933 594 2000 Charisius
617 1934 741 2018 profert
760 1934 807 1998 11.
826 1933 876 2011 18,
895 1936 968 2001 213.
990 1941 1043 2020 stre
1062 1942 1194 2006 dicimur

75 2054 172 2119 qaum
197 2041 326 2118 putoris
353 2038 477 2120 aliquid
503 2038 780 2118 perhorrescimus.
829 2033 919 2100 Hinc
943 2035 1081 2102 fortasse
1107 2037 1195 2124 ψοία

74 2147 188 2202 natum
213 2148 264 2202 est
291 2147 325 2202 et
353 2137 515 2225 producta
542 2134 648 2199 vocali
674 2131 756 2222 ψῴα
783 2144 820 2197 ut
848 2135 955 2220 Τροιά
987 2133 1088 2224 Τρῴα
1116 2135 1194 2206 κατ’

76 2234 214 2302 ἔκτασιν
239 2241 299 2324 τῆς
325 2232 492 2323 ἀρχούσης
519 2236 614 2300 Eust.
643 2234 796 2300 Prooem.
823 2235 922 2301 Pind.
948 2260 983 2323 p.
1007 2240 1057 2306 13.
1108 2241 1196 2307 Illud

76 2337 186 2402 minus
211 2348 297 2404 recte
322 2332 402 2428 ψῶα
429 2336 580 2402 scribitur
608 2336 643 2400 in
664 2337 795 2422 Fregm.
823 2347 958 2422 poetae,
990 2341 1080 2425 quod
1107 2342 1194 2409 Mei-

75 2438 193 2504 nekius
216 2448 332 2507 tractat
349 2438 548 2504 Anau402.
592 2438 630 2506 Si
653 2429 712 2516 iic,
737 2438 779 2503 de
802 2439 922 2522 quoin
937 2441 1028 2507 Diss.
1044 2443 1090 2506 II.
1112 2443 1194 2509 Ρ.Ι.

76 2562 105 2605 o.
127 2540 188 2608 VI.
214 2544 240 2626 ξ.
259 2542 290 2607 3.
319 2541 475 2625 loquutus
500 2564 590 2618 sum,
621 2538 661 2604 ab
686 2531 738 2616 οἷς
765 2540 945 2606 derivatum
970 2552 1035 2618 est,
1065 2564 1196 2609 causam
1291 2532 1292 2537 ἵ

74 2642 217 2728 neglecti
237 2642 307 2708 iota
329 2643 435 2708 attulit
456 2641 576 2707 oblivio
600 2639 709 2726 etymi.
746 2641 842 2709 Ζιοΐα
868 2641 903 2706 in
926 2641 1095 2709 Theocriti
1124 2667 1195 2711 car-

74 2744 163 2809 mine
185 2743 312 2810 aeolico
338 2765 412 2810 cum
435 2742 508 2825 ζσΐα
530 2750 747 2831 permutatum
769 2753 836 2819 est,
859 2743 951 2828 quod
973 2766 1013 2809 ex
1036 2741 1094 2834 ζόη
1117 2769 1195 2833 pro-

75 2845 191 2924 crevit,
206 2869 369 2931 nusquam
381 2867 459 2912 vero
478 2843 544 2932 ζῳή
562 2843 848 2957 deprehendimus
876 2843 970 2911 Sed
961 2855 1029 2911 rota
1044 2862 1198 2915 vacanter

74 2947 229 3013 inseritur
249 2947 451 3013 substantivo
473 2945 619 3011 neutrius
642 2943 789 3029 generis:
815 2944 899 3023 ζῶον
921 2942 1088 3031 γράφεται
1108 2951 1193 3029 μετὰ

75 3053 136 3117 τοῦ
164 3075 191 3128 ι,
222 3051 357 3135 πρῶτον
384 3048 445 3132 μὲν
473 3045 591 3133 ἐπειδὴ
620 3043 758 3131 adoptas
788 3041 874 3109 και-ὰ
902 3040 1078 3110 διάστασιν
1102 3048 1197 3134 παρὰ

72 3144 292 3238 Σιμωνίδῃ,,
299 3143 319 3215 8
343 3147 474 3230 §witer
497 3165 699 3212 rancores
721 3140 884 3228 ἔκτηται
906 3141 1021 3224 βίον(
1045 3141 1198 3230 δεύτερον

75 3247 116 3314 δὲ
138 3248 195 3317 διὰ
222 3248 282 3316 τὸν
304 3251 517 3334 χαρακτῆρα·
540 3243 583 3310 τὰ
605 3241 668 3329 γὰρ
689 3241 748 3308 διὰ
773 3247 834 3310 τοῦ
859 3269 926 3312 teor
946 3249 1107 3334 μονογενῆ
1131 3243 1198 3328 ἔχει

75 3348 115 3416 τὸ
132 3337 159 3429 ἶ,
174 3351 308 3436 Πτῷον,
326 3350 512 3435 προστῷον,
529 3348 727 3434 τιιριστῷον,
744 3340 898 3432 ὑπερῷον
910 3346 1133 3425 ΕΜ.413,24.
1144 3349 1195 3433 ¹⁰)

147 3517 177 3585 8)
196 3516 301 3572 Inscite
318 3513 497 3571 Herodianus
514 3513 604 3587 Epim.
620 3515 677 3569 155.
696 3511 771 3568 inter
788 3529 882 3579 voces,
901 3530 1019 3584 quarum
1037 3513 1127 3587 prima
1142 3517 1198 3589 syl-

75 3603 143 3658 leba
160 3610 204 3656 cst
218 3605 275 3673 ψιῑ,
292 3603 380 3657 refert
394 3603 457 3673 ψῶα
474 3604 560 3673 μέρος
576 3603 640 3672 περὶ
659 3597 707 3654 τὸν
722 3589 815 3670 ὦμον·
829 3600 953 3653 debebat
970 3599 1043 3654 enim
1062 3595 1120 3672 ψὸα
1137 3602 1196 3659 sire

75 3686 147 3758 ψοιιέ
164 3692 252 3762 μέρος
269 3691 334 3760 περὶ
352 3686 400 3743 τὸν
418 3690 508 3742 enitor
526 3694 557 3740 ut
576 3684 677 3739 Suidas
694 3681 823 3768 Εα-ἳτοςὴ
843 3681 900 3755 ota
919 3688 967 3740 rori
985 3684 1147 3762 ἀνθρώπου.

147 3775 229 3842 o)1n
249 3771 460 3828 enumeratione
479 3770 623 3827 nominum
646 3768 675 3824 in
693 3778 761 3832 otor
778 3769 845 3825 Arc.
860 3771 903 3836 tt,
922 3774 947 3826 e.
971 3773 1045 3830 inter
1066 3774 1159 3846 ψόθος
1181 3773 1197 3829 ὁ

76 3857 174 3932 ψόφος
201 3858 408 3915 interciderunt
436 3860 494 3915 duo
525 3856 640 3913 nomina
664 3855 790 3928 (ψύθος)
819 3854 834 3926 ἡ
858 3854 1019 3932 ἀκαθαρσία
1044 3864 1091 3915 καὶ
1114 3857 1199 3934 ῥόθος

76 3944 108 4016 (ὁ
128 3942 166 4016 ψό
187 3947 246 4013 ος).

149 3966 193 4099 tii)
211 4031 276 4084 Non
293 4031 399 4086 hubent
414 4031 470 4084 duo
488 4027 595 4100 plebeji
613 4027 747 4084 sermonis
766 4028 905 4083 vocabula
920 4030 1032 4097 ιιαρῶον
1049 4024 1198 4090 cuminum,

74 4118 156 4186 quod
172 4123 282 4172 veteres
300 4112 388 4186 ιιιὲρον
405 4115 592 4187 appellante.
607 4114 742 4186 Intarprr.
757 4115 794 4166 ad
808 4114 921 4210 Geopp
929 4112 981 4165 IX.
992 4112 1034 4165 28.
1049 4110 1199 4182 etplurale

77 4201 175 4273 arpeo
193 4220 270 4274 quo
263 4201 417 4275 Splmarius
435 4201 554 4256 Exercc.
570 4199 644 4254 Plin.
658 4202 717 4254 219.
735 4196 844 4268 gigeria
863 4196 922 4251 sive
940 4194 972 4250 ιὰ
991 4191 1064 4314 ἄκρα
1082 4198 1138 4252 τῶν
1154 4198 1201 4254 ἔν-

76 4293 164 4360 τίρων
185 4260 338 4358 signtd'tsri
356 4295 445 4358 putat.
