2736 4778
174 326 249 403 300
344 355 346 358 >
467 318 788 395 DISSERTATIO
812 319 858 384 11.
901 318 942 384 Ρ.
964 317 992 383 Ι.

172 514 290 592 poetae
300 504 445 589 Augusti
461 503 662 590 temporibus
679 504 842 587 subjuncti
857 503 927 569 sine
944 499 1165 591 controversie
1180 495 1295 587 διπλαὶ,

172 613 371 691 usurparunt
394 603 492 691 olpha
516 615 682 692 correpto,
711 604 828 689 hisque
851 599 1012 693 suppares
1035 603 1212 689 scriptores
1234 601 1292 667 δι-

173 700 337 787 πλότερον
357 714 389 769 et
408 700 586 772 διάδιττλα.
631 704 735 786 Quod
751 726 826 769 vero
842 705 1036 772 Schaeferus
1049 703 1160 769 Praei.
1173 701 1291 788 Apoll.

173 828 207 891 p.
228 804 308 870 XV.
338 803 390 869 his
418 804 569 889 adjungit
594 805 826 892 superlativum
855 799 1061 884 dulcissima,
1093 804 1129 868 id
1156 802 1292 868 minime

174 905 330 971 evincitur
363 927 404 971 ex
432 905 555 970 Zosimi
588 906 821 991 epigrammate
852 904 955 970 Anth.
983 905 1043 971 VI.
1075 903 1146 969 186.
1181 901 1291 987 βριδδ

172 1003 233 1091 μὲν
254 999 429 1091 όγραόλιυν
451 1005 582 1073 δίκτυον
604 999 727 1072 dedero
749 1008 867 1091 θηρῶν
888 1009 1016 1088 Δᾶμις,
1039 998 1230 1072 ὁπλότατον
1252 996 1289 1068 δ’

174 1099 230 1173 ἁλὶ
259 1108 358 1171 τοῦτο
386 1103 594 1191 μιτοῤῥαφὲς
622 1100 874 1194 ἀμφίβληστρον
903 1104 1061 1188 Κλείτωρ.
1115 1105 1201 1170 Nam
1227 1126 1310 1201 pro-

174 1207 230 1272 illo
254 1204 429 1289 adjectivo,
458 1205 548 1289 quod
576 1227 650 1271 cum
676 1205 784 1271 dntivo
809 1201 864 1273 ἁλί
885 1228 1000 1291 purum
1027 1215 1104 1290 apte
1126 1205 1291 1282 cohaeret,

175 1305 383 1377 scribendum
408 1305 536 1371 videtur
563 1301 720 1373 ἁττλιυτόν
746 1317 783 1371 ut
810 1307 843 1370 in
868 1307 910 1372 L.
933 1307 993 1375 VI.
1018 1305 1090 1370 167.
1116 1304 1234 1373 δίκτυα
1255 1305 1291 1374 ἐν

175 1404 310 1496 ῥοθίοις
328 1401 547 1491 ,δουλούμενα
593 1400 763 1493 Ἀντλότης
794 1407 964 1493 antiquum
993 1418 1043 1472 est
1072 1417 1106 1472 et
1134 1406 1291 1485 atticum

175 1518 363 1595 suspectum
384 1530 460 1573 vero
484 1502 634 1592 ἆθρότης
656 1528 716 1592 pro
742 1502 928 1595 ἇδροότης,
954 1529 1142 1593 quanquam
1163 1529 1205 1572 ne
1227 1507 1292 1573 hoc

174 1611 308 1696 quidem
329 1619 380 1673 sat
400 1631 516 1694 graves
537 1606 637 1671 habet
658 1619 824 1683 auctorem
847 1629 946 1671 causa
967 1619 1075 1673 eutem
1094 1607 1291 1674 diversitatis

175 1711 285 1798 posite
313 1710 347 1774 in
373 1708 564 1795 primitivis;
595 1730 672 1771 narn
701 1703 829 1786 ἆττλόσς
858 1708 956 1793 vulgo
987 1730 1054 1773 non
1085 1708 1203 1773 dicitur
1230 1708 1292 1775 sed

175 1807 324 1888 ἁπλοῦς,
356 1806 484 1896 ἆδρόος
513 1831 590 1876 vero
619 1808 721 1872 multo
749 1807 919 1893 probatius
948 1819 998 1872 est
1026 1831 1123 1894 qnam
1153 1804 1290 1895 ἇθρσῦς,

175 1920 348 1996 manetque
368 1910 402 1973 in
420 1909 602 1995 composito
620 1902 840 1994 ἇθρσσττοσιά
855 1909 948 1974 Med.
959 1911 1071 1995 Mosq.
1085 1935 1119 1998 p.
1133 1911 1184 1977 78.
1200 1911 1291 1996 quod

175 2013 209 2078 in
231 2011 333 2076 Thes.
355 2011 520 2086 omissum,
543 2009 602 2074 sed
625 2009 689 2073 alia
711 2020 880 2073 sumuntur
901 2010 942 2084 ab
964 2011 1030 2087 illo,
1053 2005 1289 2092 ἆιτλσττόθεια,

175 2110 371 2194 διιτλόδριξ.
400 2112 528 2177 Eadem
543 2121 593 2175 est
610 2110 651 2175 de
668 2110 782 2197 δι’κρος
797 2109 865 2175 sive
881 2107 997 2196 δικρός
1011 2113 1230 2178 controversia
1241 2117 1290 2197 1);

175 2234 250 2278 narn
278 2211 367 2275 idem
391 2208 526 2295 δικρόος
552 2222 585 2276 et
612 2213 747 2295 δικροῦς
772 2210 922 2276 scribitur
948 2211 1048 2297 idque
1071 2213 1125 2277 alii
1150 2206 1290 2301 simplex

176 2334 248 2378 esse
270 2321 388 2398 putant
408 2321 444 2374 ut
466 2313 620 2386 διπλοῦς,
648 2309 702 2374 olii
727 2311 945 2397 compositum
966 2315 1017 2379 vel
1039 2336 1112 2378 cum
1134 2311 1234 2398 κόρος
1254 2314 1290 2379 id

176 2424 226 2479 est
247 2409 369 2488 κλάδος
390 2411 442 2476 vel
463 2432 536 2475 cum
553 2410 654 2504 verbo
671 2408 759 2495 κρόω
777 2411 824 2476 sic
840 2423 877 2475 ut
892 2412 1046 2498 δίκρστας
1066 2438 1096 2478 v.
1110 2414 1152 2479 od
1165 2414 1290 2500 Phryn.

175 2514 248 2580 233.
279 2513 398 2576 Paroll.
421 2513 474 2576 42.
519 2510 617 2577 Clare
644 2532 721 2575 vero
752 2522 784 2575 et
812 2513 945 2578 evidens
976 2526 1025 2579 est
1053 2537 1199 2601 syncope
1228 2539 1289 2583 no·

175 2615 308 2690 minum,
331 2612 449 2696 quibus
472 2633 577 2676 sermo
600 2610 741 2677 novitius
761 2610 955 2678 circumfluit
974 2611 1065 2700 κόρις
1085 2638 1145 2701 pro
1166 2614 1290 2702 κύριος,

175 2709 334 2789 Διονύσις
355 2723 415 2776 ete.
442 2735 472 2776 v.
495 2713 596 2777 Proll.
618 2711 692 2777 501.
707 2712 738 2796 ⁸)
784 2710 870 2777 Cum
890 2708 1041 2801 δβρότης
1062 2717 1292 2784 communitate

177 2812 273 2878 sortis
290 2813 441 2896 junctum
470 2824 519 2877 est
547 2806 757 2899 ἀκαθάρτρς,
792 2815 882 2897 quod
912 2813 946 2877 in
973 2836 1039 2879 uno
1067 2817 1292 2904 Apocalypsis

175 2912 249 2977 loco
277 2912 398 2997 legitur
427 2933 493 2976 non
521 2911 699 2978 abhorrens
729 2937 749 2977 a
777 2925 885 2980 cetera
912 2913 1008 2999 hujus
1037 2915 1111 2979 libri
1143 2916 1292 2984 barbarie

176 3014 236 3078 sed
257 3037 277 3078 a
291 3013 506 3080 Griesbaehio
530 3025 710 3080 correctum
731 3025 781 3081 est
802 3016 982 3081 secundum
1004 3016 1100 3083 codd.
1120 3019 1291 3102 quosdam.

175 3114 213 3201 Si
235 3115 349 3199 regula
372 3115 516 3180 veritatis
544 3115 585 3181 ab
612 3139 674 3182 usu
696 3117 891 3203 scriptorum
915 3115 1217 3203 probatissimorum
1239 3141 1291 3185 re·

175 3216 318 3302 petenda
348 3227 414 3294 est,
447 3212 611 3301 σκόροδον
643 3218 761 3303 integri
792 3241 912 3285 nomen
942 3217 1116 3296 obtinebit,
1150 3213 1292 3303 σκόρδον

185 3473 188 3479 ·
244 3458 273 3526 7)
293 3456 323 3510 Si
342 3456 453 3527 integra
472 3465 515 3510 est
532 3456 648 3510 Arcadii
667 3457 767 3527 regula
785 3477 813 3529 p.
828 3460 868 3512 ll.
889 3458 921 3513 τὰ
942 3462 981 3521 sle
999 3450 1048 3532 ρ-ος
1066 3456 1217 3530 δισύλλαβα
1236 3458 1293 3514 clud

176 3541 331 3613 συμφώνου
351 3541 493 3615 ἀρχόμενα
514 3544 604 3610 (adde
624 3544 722 3612 ἔχοντα
743 3541 797 3614 πρὸ
816 3538 868 3599 τοῦ
878 3534 907 3620 ’ρ’
920 3545 948 3601 τὸ
960 3535 1001 3616 ἶ)
1022 3542 1160 3614 ὀξύνεται,
1186 3545 1236 3599 illa
1256 3547 1293 3601 de

176 3635 293 3681 accentu
313 3626 451 3681 dubitatio
471 3626 611 3682 eximitur.

186 3790 187 3795 Ἰ
244 3728 272 3794 8)
288 3726 345 3780 Hie
364 3727 456 3782 allatis
475 3728 566 3783 similo
586 3735 630 3783 est
645 3726 821 3802 Μαράθωνις
840 3749 891 3802 pro
909 3728 1102 3802 Μαραθώνιος
1120 3731 1243 3803 positum
1264 3730 1294 3786 in

175 3813 264 3868 Antln
273 3811 336 3865 VII.
348 3813 407 3866 340.
422 3815 498 3882 quod
510 3814 588 3867 varie
600 3821 733 3878 tentatur,
747 3824 776 3868 et
788 3821 889 3889 σμερίν
904 3812 918 3870 ὅ
935 3817 1009 3870 λστιν
1027 3811 1101 3879 elios
1117 3822 1293 3880 τυπτομένου

176 3903 258 3954 utcu
275 3901 314 3959 εἰς
330 3893 419 3965 κσττὴν
435 3901 481 3950 καὶ
498 3897 622 3972 πριαμὸν
637 3897 790 3974 μαρμάρου
805 3900 925 3972 Gregor.
936 3900 964 3954 in
973 3901 1107 3957 Rhetorr.
1119 3905 1170 3958 Gr.
1184 3890 1220 3956 T.
1229 3901 1293 3956 Vll.

178 3986 253 4041 1125.
267 4001 323 4055 qno
343 3981 517 4052 significatur
535 3991 654 4058 σμρρίον
670 3985 729 4041 sire
748 3991 856 4057 σμυρίς.
886 3983 1036 4058 Δακρόδην
1053 3990 1211 4058 σκαμονέας
1228 3981 1296 4048 duic

178 4069 274 4124 Schol.
300 4069 329 4123 in
347 4068 424 4124 Libr.
441 4068 520 4124 Med.
541 4077 606 4124 ente
628 4070 729 4125 Zonar.
751 4070 855 4126 CXIX.
881 4073 1059 4143 negligenter
1081 4092 1133 4146 pro
1158 4071 1296 4144 δακρύδιν

177 4154 312 4225 seriptum
333 4162 376 4210 est
395 4158 450 4211 hoc
470 4164 563 4212 autem
582 4155 659 4212 idem
679 4158 757 4227 quod
776 4153 927 4232 δακρόδιον
947 4165 977 4212 ut
996 4155 1140 4232 δριδᾰκιν,
1160 4160 1295 4232 τιικρίδιν,

177 4235 312 4308 μογγύλιν
330 4240 359 4294 in
379 4242 489 4314 Geopp.
