2736 4778
412 357 471 424 nn
492 355 695 424 mecona.
736 354 772 424 o.
792 352 851 424 m
872 357 893 443 p
915 357 946 423 2.
1174 354 1236 423 aar

126 521 302 586 πέπονθεν.
348 518 412 585 Sed
434 520 461 585 si
482 519 542 585 hoc
562 525 692 604 propter
715 519 903 586 tenuitatem
924 518 1056 585 testium
1076 518 1119 586 ad
1139 518 1239 602 expli·

126 622 260 688 candum
280 622 518 710 χρυσοὲθειρος
539 623 586 688 uti
607 634 775 703 veremur,
800 627 907 688 tamen
929 621 1122 688 commodius
1143 640 1240 706 quam

125 741 262 805 apocope
285 722 452 806 suffugium
463 725 596 806 praebet
611 725 946 805 metasohematismus,
969 724 1125 806 adquam
1146 728 1241 806 poeta
1289 802 1298 816 ⁶

124 826 237 891 Parius
259 827 475 893 recordatione
501 828 662 894 nominum
694 847 765 895 cum
797 828 868 916 χείρ
900 827 1144 909 compositorum
1172 830 1240 892 tra·

125 927 239 994 ductus
261 929 394 995 videtur.
408 966 443 978 ·-
466 928 632 997 Contraria
654 933 736 997 ratic
759 931 904 998 convenit
924 928 1046 995 duobus
1069 927 1240 1008 adiectivia,

124 1049 206 1111 quae
227 1032 297 1112 ipsa
319 1032 423 1113 speeie
440 1033 581 1118 priscam
602 1035 756 1100 sermonis
774 1023 1074 1111 aetatemreierunt,
1099 1029 1240 1118 πῖαρ*)

124 1138 158 1197 et
181 1134 328 1218 πέλωρ,
351 1134 406 1198 uni
424 1139 593 1217 utrumque
604 1138 721 1219 generi,
743 1155 874 1203 numero
896 1141 929 1202 et
940 1138 1027 1202 casui
1038 1133 1239 1212 adsumtum

124 1235 181 1300 sed
203 1234 359 1301 defectum
383 1235 511 1319 explent
532 1255 710 1321 paragogae
733 1236 855 1325 πιαρός
883 1245 917 1305 et
944 1237 1112 1324 πέλωρος,
1141 1252 1241 1317 quan·

123 1355 217 1418 quam
239 1356 279 1402 ne
287 1337 379 1419 „haec
390 1338 517 1420 quidem
538 1340 571 1403 in
583 1356 779 1406 communem
793 1359 886 1406 usum
897 1343 1117 1423 pervenerunt,
1140 1354 1241 1418 eaque

122 1438 258 1504 fortasse
280 1456 376 1504 causa
397 1439 472 1520 fuit,
506 1457 563 1505 cur
584 1441 640 1506 illa
661 1460 818 1524 apocopae
841 1442 1052 1523 suspicionem
1073 1437 1241 1522 effugerint

123 1539 165 1625 [a.
189 1540 329 1622 aapVIl
351 1543 422 1607 adn.
434 1542 506 1627 111].
520 1578 556 1589 -
572 1543 695 1608 Eadem
716 1544 866 1609 societate
889 1544 1054 1608 coniuncta
1065 1546 1140 1607 sunt
1161 1546 1239 1629 φῆρ

112 1642 179 1727 far
200 1650 234 1718 et
255 1646 371 1730 φῆρος,
396 1664 424 1710 v.
441 1643 626 1711 Rhemdod
647 1640 1134 1731 adn.[Parall.7‹1],po'n(›peup,
1156 1644 1240 1726 quod

121 1745 299 1827 Hesychius
316 1744 449 1831 στερεόν
464 1747 701 1830 interpretatur,
718 1751 752 1812 et
761 1743 947 1834 μάρμαρον,
965 1767 993 1812 v.
1004 1745 1190 1812 Parall.205
1206 1746 1239 1830 ¹),

122 1854 217 1930 atque
239 1848 331 1914 aliter
353 1850 524 1914 terminata
535 1848 726 1931 appellativa
747 1854 781 1914 et
790 1850 927 1931 propria
950 1866 1084 1931 quorum
1092 1865 1240 1930 magnam

121 1949 185 2014 vim
206 1950 388 2033 coacervavi
409 1950 441 2015 in
463 1936 583 2039 eode‘ibj
596 1949 677 2015 libro
699 1968 729 2032 p.
756 1949 817 2016 138
840 1956 874 2017 et
891 1950 975 2031 1483
996 1969 1094 2016 unum
1112 1945 1239 2016 'lidui-

121 2076 186 2129 νες
217 2057 250 2116 et
277 2046 430 2118 'Hduvei
457 2051 658 2117 Herodianus
691 2058 778 2117 recte
811 2051 1011 2134 metaplastis
1044 2052 1239 2130 adnumerat,

121 2154 257 2219 alterum
281 2148 446 2240 Γηρυών
467 2160 501 2219 et
526 2151 691 2241 Γηριύινης
713 2155 817 2219 minus
839 2159 926 2220 recte
938 2172 1097 2236 apocopae
1118 2153 1239 2219 tribuit

120 2254 231 2338 Neque
253 2256 468 2323 auscultamus
490 2255 654 2322 Aristoteli
677 2250 733 2341 ὅψ
755 2257 934 2322 mutilatum
956 2257 1074 2323 dicenti
1086 2256 1239 2323 omnium-
1274 2319 1280 2327 .

120 2374 191 2438 que,
215 2377 297 2441 quae
318 2377 376 2441 pro
398 2358 458 2424 hac
480 2376 576 2424 causa
600 2355 783 2440 atlemmtur,
806 2377 903 2424 unum
925 2359 1121 2425 admittimus
1143 2349 1195 2446 ἦλ.
1331 2379 1333 2383 “

208 2461 235 2545 §.
258 2460 287 2526 3.
330 2461 465 2542 Largius
496 2458 567 2525 fluit
598 2461 730 2526 tertium
761 2478 875 2543 genus,
912 2479 973 2543 quc
996 2461 1135 2545 syllabae
1157 2464 1239 2526 atte-

121 2558 260 2647 nuantur
291 2563 443 2645 integrae.
501 2561 565 2627 Sed
595 2562 648 2638 hic
670 2562 778 2628 statim
803 2563 1014 2645 praecidenda
1036 2568 1125 2644 aunt,
1158 2581 1242 2645 quae

123 2663 330 2746 Geographus
373 2665 533 2747 proponit,
577 2663 703 2732 Aedui
725 2664 774 2747 **)
811 2670 844 2730 et
877 2669 920 2730 M
924 2665 1019 2753 ἑσση
1063 2664 1240 2749 [Patholog.

121 2765 263 2852 1353.],
306 2767 365 2833 hoc
397 2766 540 2846 Homeri,
584 2769 634 2831 ut'
653 2767 713 2848 ait,
746 2768 922 2850 proprium,
967 2768 1046 2834 illud
1079 2766 1238 2835 Simmiae.

122 2868 205 2934 Nam
226 2869 266 2934 de
288 2870 428 2935 locorum
449 2867 627 2934 nominibus
649 2870 733 2934 idem
754 2868 854 2949 ualet,
887 2869 973 2951 quod
1005 2870 1045 2935 de
1070 2869 1237 2950 gentilieiis

123 2971 195 3050 diri,
218 2976 252 3036 et
272 2973 418 3037 universe
440 2970 480 3035 de
501 2969 638 3052 propriis
660 2964 819 3048 om'nibus;
841 2969 920 3035 haec
941 2971 1024 3034 enim
1041 2969 1172 3035 arbitrio
1193 2970 1239 3035 lo·

121 3075 285 3155 quentium
306 3074 367 3138 hue
396 3072 471 3138 illue
502 3071 681 3138 flectuntur.
705 3108 742 3120 -
766 3071 855 3136 Idem
887 3071 942 3136 ille
963 3069 1137 3137 Hesiodum
1168 3076 1241 3158 βρῖ

122 3195 180 3258 pro
200 3173 305 3263 βριθὺ
334 3175 450 3242 dixisse
481 3180 633 3257 testatur,
666 3174 850 3256 Apollonius
882 3190 957 3239 vero
989 3192 1046 3255 pro
1077 3172 1237 3260 βριθέως,

120 3279 203 3344 unde
214 3280 371 3362 colligitur
381 3277 605 3343 adverbialiter
615 3276 753 3359 positum
775 3293 847 3341 esse
868 3279 905 3340 ut
924 3271 1014 3357 ταχύ.
1047 3273 1086 3340 1d
1098 3274 1166 3341 sine
1179 3274 1237 3339 du·

122 3434 378 3443 m—-an-

193 3534 218 3600 l)
236 3535 268 3586 Iu
285 3535 449 3605 Thccguoufl
474 3536 492 3590 l.
511 3552 533 3588 c.
559 3550 608 3601 pro
635 3527 715 3604 Νόαρ
744 3532 845 3598 (Herm.
871 3531 906 3584 cd
925 3531 1017 3599 Suppl.
1035 3531 1098 3597 754)
1124 3532 1238 3585 somnae

121 3620 289 3672 scribendum
307 3628 347 3676 est
364 3619 441 3694 Ζόαρ
459 3640 490 3675 ex
509 3621 607 3674 fluidae
625 3621 716 3687 glossa
733 3612 810 3689 Ζόαρ
830 3613 921 3695 aanor,
940 3634 993 3685 qua
1009 3619 1072 3671 urba
1089 3613 1122 3669 τὰ
1140 3613 1238 3689 Ζόαρα

123 3706 266 3773 significari
282 3707 395 3760 videtur.
430 3708 508 3773 Quod
526 3707 620 3760 deindo
641 3721 674 3758 ex
691 3703 826 3771 Hesychia
844 3699 921 3756 attuli
937 3695 1038 3773 Ἴκμαρ
1055 3708 1129 3762 νοτίς
1145 3719 1238 3756 aceen-

121 3797 165 3844 θαι
183 3792 297 3844 οιιοιιᾶίι
317 3794 449 3846 Aeolicum
478 3809 538 3846 essa
566 3809 613 3861 pro
640 3786 730 3858 ἰκμάς.
774 3790 828 3842 Pro
845 3779 965 3861 ἄλειφαρ
983 3784 1034 3842 not
1050 3784 1098 3844 lin.
1115 3795 1238 3856 sumptu.

122 3878 238 3930 scribere
255 3879 329 3930 volui
345 3872 459 3948 κάρηαρ.

191 3977 218 4045 *l
237 3982 328 4050 „lliap
346 3982 475 4035 substant.
492 3981 643 4033 Buttmann.
663 3979 746 4031 Lexil.
764 3978 790 4029 11
808 3977 841 4031 51
860 3976 918 4043 aq.“
936 3975 999 4027 adu.

174 4064 217 4125 **)
235 4065 318 4118 aaa:
353 4061 479 4131 „Anaua
504 4057 623 4136 ἅῤῥηιον
656 4059 814 4128 (ἀποκοπὴν
838 4062 911 4114 addit
931 4057 1072 4123 Sububam)
1097 4054 1240 4117 nouercae

123 4152 230 4218 Steph.“
267 4152 349 4203 Alibi:
367 4147 656 4221 „Pictor-Prrm'm
674 4145 711 4208 nic
725 4144 817 4214 Ἰιῶνη
831 4141 906 4198 ‘taor
923 4143 1030 4212 Staph.“
1048 4143 1129 4196 nuti:
1147 4143 1240 4208 „Adon

121 4240 228 4293 Anthol.
247 4241 315 4302 Lat,
327 4230 417 4289 Ἄδων
434 4238 515 4291 Mein.
532 4236 652 4300 Thanar,
669 4251 696 4288 v.
713 4234 794 4287 Prcll.
812 4229 889 4285 bod?
914 4230 969 4282 Ata
988 4222 1091 4301 ,ἷάρφα
1109 4225 1240 4302 ἀρῤαβόν

123 4326 239 4391 Hesych.
258 4322 383 4390 (arrhul.“
1004 4380 1067 4449 ¹9*
