2736 4778
203 345 268 413 DE
290 341 511 412 SYNOOPu
530 343 676 411 UNIUS
697 341 919 414 vocsuls.
944 343 985 413 C.
994 346 1055 417 IV.
1072 350 1098 433 ξ.
1107 347 1137 414 7.
1165 351 1240 427 319

125 528 205 597 ΕΜ.
225 529 306 607 660,
330 528 381 594 15.
404 528 435 594 ei
454 527 595 614 apponit
614 550 644 593 v.
667 526 770 594 Proll.¹
782 527 856 595 345.
878 529 1014 595 alterum
1033 533 1241 618 conjunctum

125 641 164 696 ut
187 625 330 717 ἄχροος,
355 624 586 713 μελανόχροος.
631 627 779 713 Tyranni
803 629 996 714 Mitylenaei
1023 655 1145 700 nomen
1162 634 1241 703 Μέ-

124 732 266 819 λαγχρος
292 752 373 796 num
399 730 575 812 uiaticolor
600 729 764 816 ngnfficet
788 729 926 798 dubium
945 741 1005 798 est.
1047 728 1242 818 ΡτοἍμεί·

124 843 250 919 ψιχρον
270 824 525 914 μεταβάλλοντα
545 830 626 897 Hes.
653 831 758 898 cuivis
780 832 939 900 succurrit
959 827 1172 920 ἄμειψλχρων
1191 834 1244 901 vel

127 924 351 1016 ἀμοιψλχροον
373 928 410 996 id
431 939 483 996 est
507 930 721 1020 versipellem.
747 933 920 1001 Licentiae
949 933 1110 1019 estquod
1131 934 1244 1003 Strato

126 1029 294 1097 homiuem
313 1030 419 1097 mellei
436 1030 555 1099 coloris
574 1032 767 1122 μελιχρώδη
788 1035 887 1114 dixit,
908 1035 945 1100 id
964 1057 1108 1121 namque
1131 1036 1243 1103 termi-

127 1131 255 1197 nationi
280 1153 347 1199 uon
374 1152 475 1219 purae
502 1135 653 1201 convenit
682 1144 720 1200 ut
744 1135 923 1229 χοίμαρῤος
946 1132 1197 1224 χοιμαῤῥώδης·
1222 1159 1244 1204 e

125 1254 211 1320 pura
239 1232 351 1299 debuit
379 1255 451 1300 ease
474 1231 704 1325 μολιχροώδης
724 1247 762 1302 ut
785 1231 973 1326 κατᾶῤῥοος
993 1233 1240 1326 καταῤῥοιόδης,

124 1329 308 1420 αλμόχροος
332 1330 786 1424 αλμοχροώδης,.αλμόρῤοος
807 1331 1056 1428 αἱμοῤῥοῶδης,
1086 1358 1148 1424 pro
1172 1360 1239 1424 quo

123 1436 160 1500 in
178 1435 394 1523 Hippocratis
418 1435 510 1503 libris
539 1437 706 1524 subrepsit
726 1433 946 1523 αλμοῤῥώδης.
989 1437 1163 1505 Postremo
1184 1441 1241 1526 qui

123 1537 326 1603 homericum
359 1544 476 1626 χεῖρας
507 1532 662 1616 ἀάπτους
694 1538 897 1624 interpretati
928 1545 1005 1602 sunt
1039 1533 1240 1626 ἇοτοήτους,

122 1639 323 1705 nominativo
347 1631 503 1720 ἀάπτους
523 1639 701 1706 attexuisse
721 1640 872 1706 videntur
892 1638 1112 1705 accusativum
1135 1662 1242 1726 aeque

122 1739 277 1806 ficticium
297 1733 482 1818 ἂαπτόους.
525 1741 590 1807 His
620 1765 702 1829 pure
731 1740 911 1808 terminatis
932 1739 1081 1807 subnecti
1101 1753 1243 1828 possunt

122 1842 180 1907 illa
197 1863 283 1928 qnae
302 1840 338 1906 in
352 1840 472 1907 Perall.
493 1841 564 1908 137.
581 1851 615 1908 et
631 1843 692 1909 139
707 1866 757 1929 sq.
782 1842 967 1930 disceptata
989 1852 1074 1920 sunt,
1097 1840 1240 1924 πάυόοξ,

122 1945 259 2028 πῶλυψ.

208 2048 234 2130 ξ.
256 2045 287 2131 7.
329 2045 385 2111 De
406 2042 643 2122 declinatione,
670 2043 816 2110 motione
843 2054 876 2108 et
905 2041 1134 2127 conjugatione
1156 2064 1242 2127 quae

126 2145 267 2210 dicenda
294 2155 385 2223 sunt,
413 2144 613 2231 complectar
642 2166 718 2210 uua.
762 2143 1000 2212 commenticia
1024 2152 1075 2209 est
1093 2165 1242 2231 syncope

125 2244 355 2334 pronominum
381 2245 619 2332 personalium·
654 2243 686 2313 oi
718 2272 779 2331 μεν
813 2247 885 2314 νέοι
915 2243 951 2311 ἐκ
977 2249 1039 2311 τοῦ
1066 2250 1128 2313 σοῦ
1156 2244 1241 2313 κατὰ

126 2341 281 2414 διάλυσιν
310 2347 369 2416 σέο
403 2346 479 2433 (καὶ
506 2347 593 2415 κατὰ
622 2345 834 2427 πλεονασμὸν
865 2350 925 2434 τῆς
960 2355 1022 2412 θεν
1056 2347 1239 2433 συλλαβῆς)

124 2446 260 2527 αέοθεν,
293 2440 366 2515 elau
391 2447 476 2514 κατὰ
508 2447 680 2536 ουγκυπῆν
709 2442 873 2514 σέθεν(
855 2472 875 2514 ο
906 2445 944 2513 δὲ
965 2441 1176 2532 Ἡρωδιανὸς
1203 2446 1242 2513 ἐκ

122 2553 184 2614 τοῦ
206 2546 283 2631 ἐμέ,
306 2548 363 2626 σέ,
385 2547 404 2615 ἕ
422 2572 484 2615 κατ
484 2543 757 2618 ’ἐπέπασα
716 2572 776 2638 της
800 2558 863 2615 θον
887 2547 998 2634 Epim.
1019 2546 1049 2612 1.
1072 2547 1145 2611 142.
1164 2546 1241 2613 add.

123 2649 214 2716 Gud.
249 2648 321 2714 161.
348 2648 524 2738 Moscbop.
555 2649 675 2718 Sched.
707 2651 757 2715 12.
800 2650 867 2715 Hie
896 2649 997 2735 igitur
1016 2660 1141 2715 remota
1162 2672 1240 2734 syn·

123 2771 210 2836 eope
237 2749 439 2815 anadromen
463 2751 633 2837 amplexus
667 2758 718 2817 est
756 2751 893 2817 similem
918 2750 966 2816 illi
996 2772 1062 2836 qua
1095 2750 1240 2835 ἐμαυτοῦ

122 2876 249 2919 οαοτου
272 2873 314 2917 ex
335 2850 528 2918 accusativis
549 2847 603 2936 ἔμ’
627 2849 730 2919 attor
751 2862 813 2919 ele.
836 2863 907 2918 orta
921 2862 1088 2939 putentur.
1120 2853 1240 2918 Diver-

125 2975 198 3018 sam
224 2953 372 3039 utrisque
404 2952 596 3019 sententiam
624 2954 698 3019 tulit
726 2953 939 3049 Apollonius
955 2953 1042 3017 Adv.
1078 2953 1161 3030 597,
1186 2953 1239 3018 24.

121 3077 193 3121 non
215 3080 234 3121 υ
255 3054 381 3122 micton
410 3053 565 3142 primitivi
592 3051 666 3131 σέο,
700 3052 796 3168 ἐμέο,
823 3052 884 3118 sed
912 3053 1064 3140 vpsilon
1085 3053 1243 3118 contracti

122 3181 184 3223 oen
207 3166 370 3222 exemtum
391 3178 465 3221 esse
486 3162 632 3220 statuens
658 3153 753 3218 utin
778 3152 940 3220 adverbiis
967 3148 1151 3236 Λεσβόθεν
1179 3162 1240 3218 etc.

121 3294 167 3305 —
189 3256 342 3323 Nominis
369 3252 457 3323 κύων
483 3277 579 3322 cesus
608 3252 748 3341 obliqui,
778 3277 862 3340 quos
883 3251 1136 3321 Choeroboscus
1159 3250 1241 3321 can.

122 3358 205 3437 283,
230 3359 263 3425 3.
293 3368 326 3424 et
353 3357 590 3445 Theognostus
612 3355 695 3422 Can.
716 3356 797 3435 283,
820 3358 852 3424 3.
880 3356 991 3444 Epiro.
1014 3356 1044 3422 1.
1065 3355 1141 3421 241.
1161 3355 1243 3422 ΕΜ.

122 3458 199 3537 514,
222 3459 276 3525 47.
304 3470 441 3547 propter
467 3459 607 3526 duonum
633 3478 793 3523 canonum
820 3457 1095 3524 conflictationem
1116 3466 1243 3523 coorta-

121 3571 177 3626 λοι
206 3571 359 3639 censent,
388 3561 496 3627 statim
523 3559 565 3627 ab
595 3559 688 3625 initio
715 3559 931 3646 repudiarunt
947 3558 1110 3636 vocalem,
1143 3581 1244 3645 quam

122 3662 324 3728 nominativo
355 3661 398 3726 ad
426 3661 647 3749 effugiendam
673 3659 831 3727 absonam
865 3659 1055 3727 brevitatem
1081 3660 1243 3749 implicari

118 3785 261 3830 necesse
295 3762 367 3828 fuit.
427 3762 496 3830 Pro
532 3767 670 3848 κευμῆτι
701 3762 737 3827 iu
770 3760 928 3849 Aeschyli
961 3786 1058 3831 versu
1084 3764 1140 3830 Fr.
1169 3766 1242 3830 112.

122 3887 212 3931 nunc
248 3864 430 3953 repositum
461 3874 512 3930 est
543 3863 738 3948 adjectivum
769 3866 948 3932 contrariae
981 3867 1153 3954 potestatis
1182 3862 1243 3932 ἔλα

121 3963 222 4034 δίαιτ’
246 3961 370 4054 ἀκμῆτι
391 3966 542 4047 proluisse
562 3963 662 4045 ποδί,
691 3965 782 4051 quod
807 3988 849 4032 nc
871 3965 971 4032 verbo
993 3967 1168 4050 subjuncto
1190 3986 1244 4030 re·

119 4078 253 4154 pugnet
279 4067 375 4133 unius
401 4065 514 4132 literae
542 4067 742 4133 detractione
770 4067 856 4132 effici
885 4078 996 4153 potest
1016 4066 1119 4132 δίωκε
1142 4061 1189 4153 μή
1208 4089 1249 4134 τι

122 4170 222 4250 μαλκ.
247 4168 338 4235 ποδί.
382 4168 435 4231 Ita
457 4165 588 4231 facessit
607 4190 762 4254 syncope.
804 4168 875 4233 Nec
891 4168 976 4231 volet
994 4165 1133 4252 amplius
1151 4169 1243 4254 quod

118 4268 316 4335 Eustathius
340 4267 440 4347 1607,
463 4269 493 4333 9.
525 4267 566 4333 de
587 4269 731 4354 genitivo
752 4265 914 4355 bisyllabo
936 4263 1026 4355 ἥρως
1050 4268 1162 4336 scribit
1182 4272 1240 4340 do·
