2736 4778
176 348 243 415 DE
262 345 535 417 PARATHESI
554 346 616 413 ET
640 345 916 415 SCRIPTURA.
941 346 979 413 C.
992 347 1052 415 IV.
1072 349 1097 432 ξ.
1106 348 1137 412 2.
1164 351 1236 423 ott

122 529 256 613 ἔκτοθι,
279 532 339 599 sed
357 540 457 619 pocta
476 532 661 619 significare
678 531 806 597 videtur
827 526 945 596 ἔκτοθι
967 533 1025 619 τῆς
1047 526 1241 619 οἰκεομένης

121 632 163 699 id
189 643 239 705 est
269 635 376 721 πέρην
402 633 523 699 κλυτοῦ
547 626 718 700 Ὠκεανοῖο
750 631 809 698 ubi
836 632 1040 719 Hesperides
1071 630 1240 709 babitant3

122 754 189 821 pro
211 730 339 801 ὄιποθι
359 733 498 798 sonasse
520 728 555 799 εἴ
570 740 661 800 ποθι
675 734 817 823 'scripsit
838 732 987 799 absolute
1011 734 1156 820 positum
1177 755 1239 821 pro

115 830 164 921 ,εἴ
184 828 372 921 παπ-πόρω
400 845 438 899 ut
461 837 563 902 sicubi
570 885 579 911 ‚
610 838 640 902 ri
661 837 744 921 [orte
769 858 799 902 v.
825 836 869 900 ad
889 836 947 920 Aj.
971 834 1045 901 885.
1089 830 1185 899 Πόσε
1209 842 1243 899 et

122 942 236 1015 cotors
249 934 346 1021 hujus
363 935 528 1002 relationis
546 934 700 1002 adverbio
716 960 737 1002 a
752 936 947 1003 commercio
961 934 1242 1023 praepositionum
1268 1018 1271 1023 ἱ

116 1034 261 1127 “omnino
295 1034 479 1103 abhorrent.
533 1037 605 1103 Illis
637 1060 714 1125 uero
745 1050 917 1127 poetarum
950 1061 1019 1103 non
1053 1034 1241 1123 antiquissi-

123 1157 253 1203 morum
279 1136 526 1225 loquutionibns
557 1137 590 1203 in
619 1138 730 1205 limine
758 1140 879 1207 relictis
908 1140 1057 1229 protinus
1086 1138 1242 1203 intramus

118 1237 162 1303 in
180 1236 273 1303 illum
293 1237 530 1325 amplissimum
549 1239 702 1305 localium
723 1253 863 1321 coetum,
885 1242 920 1309 in
931 1233 1005 1328 'quo
1024 1252 1153 1330 praeter
1176 1239 1242 1305 duo

123 1336 169 1405 sb
194 1338 377 1429 Apollonio
406 1352 583 1429 praecepta
610 1351 752 1427 quotuor
777 1342 984 1431 reperiuntur
1012 1341 1158 1407 similiter
1187 1363 1243 1406 cs·

124 1438 239 1505 dentis
260 1434 432 1519 ἀποκάεω,
456 1437 642 1525 ὑπιπρόσω,
665 1439 832 1527 ὑπεράνω,
855 1440 962 1523 ἐξάνω
984 1444 1067 1507 Hes.
1083 1442 1114 1525 ⁴)
1136 1442 1243 1528 poeti-

124 1562 268 1639 cum-que
280 1538 324 1605 ab
339 1540 403 1607 ulio
419 1541 582 1629 principio
598 1543 730 1608 ductum
743 1541 901 1623 ἐξοπίσω,
919 1539 1133 1627 sigonium),
1151 1543 1246 1628 plura

123 1642 161 1709 in
179 1652 243 1711 θεν
258 1636 491 1731 ἀπόπροσθεν,
516 1643 721 1727 ἔμπροσθεν,
743 1637 966 1728 ὑπόπροσθεν
977 1643 1008 1728 ⁸)
1015 1690 1024 1721 ,
1048 1638 1243 1725 ἑξόπερθεν,

125 1738 335 1833 ἐφύπερθεν,
365 1737 601 1829 καθύπερθεν,
634 1738 871 1822 ὑποκάτωθεν,
902 1738 1120 1831 ὑπεράνωθεν
1149 1743 1243 1812 Suid.

123 1838 378 1931 προπάροιθεν,
397 1837 590 1923 ἐξόπισθεν,
608 1842 827 1925 κατόπισθεν,
846 1839 1048 1922 ἀπάνευθεν,
1067 1838 1246 1929 ἀπάτερθε

126 1955 161 2011 et
191 1964 235 2011 ex
266 1942 369 2009 tribus
403 1942 497 2029 quusi
531 1943 725 2033 corporibus
758 1954 916 2021 structum
944 1941 1176 2028 ἐξαπάιερθε,
1209 1955 1246 2011 ut

124 2044 276 2111 omittam
290 2040 487 2123 ὑπένδοθεν,
506 2039 711 2113 ἀπενθεῦσεν
725 2044 835 2113 Schol.
844 2045 1019 2112 Demostb·
1033 2044 1076 2107 ad
1088 2069 1122 2130 p.
1131 2045 1204 2121 137,
1214 2047 1244 2112 7.

124 2151 176 2234 (p.
185 2146 262 2213 207.
285 2145 327 2211 Τ.
341 2146 370 2211 Ι.
389 2144 525 2229 Dind.),
548 2145 872 2235 ἑξενσεῦθενΘιΙοεε.
896 2146 939 2211 ud
960 2143 1129 2232 Lycopbr.
1150 2168 1179 2211 v.
1191 2148 1244 2213 31.

123 2246 253 2333 (omiss.
275 2246 310 2311 in
329 2244 446 2330 Thes.)
468 2256 501 2312 ct
522 2247 587 2312 alis
607 2247 650 2311 sd
668 2244 749 2313 Phr.
768 2247 822 2313 46.
844 2248 879 2313 in
901 2249 977 2313 ndu.
998 2247 1136 2313 collecta
1157 2270 1241 2333 quo-

124 2372 199 2415 rum
221 2358 321 2415 testes
348 2356 405 2412 sut
431 2348 625 2436 incomperti
649 2358 706 2413 aut
730 2348 850 2415 nullius
879 2348 913 2415 in
938 2371 1075 2433 censura
1100 2349 1244 2415 vocabu-

125 2451 234 2541 lorum
250 2448 461 2515 auctoritatis.
504 2450 546 2515 In
560 2436 612 2517 H
624 2448 690 2516 duo
709 2459 829 2517 exeunt
846 2442 1038 2539 ἀποτηλόθι
1058 2460 1091 2518 et
1109 2476 1243 2539 παραυ-

125 2546 211 2621 εόθι
229 2552 298 2639 ped
326 2550 527 2617 homericum
555 2543 738 2636 ἀπόπροθι
767 2562 801 2617 et
827 2573 911 2638 quae
940 2551 1137 2638 posteriores
1166 2551 1242 2617 huic

125 2651 414 2719 accommodarunt
442 2650 628 2737 διάπροθι,
653 2648 833 2738 πρόπραθι
856 2653 1023 2740 epectasin
1043 2652 1242 2739 monosylla-¹

126 2752 204 2819 bum
236 2751 359 2819 hubent
391 2765 430 2818 ut
462 2747 676 2838 ἀπόπροθεν.
741 2755 871 2820 Horum
904 2756 1049 2821 omnium
1081 2754 1243 2843 scripturn

125 2854 247 2943 purtim
271 2852 428 2919 librorum
461 2876 624 2920 consensu
654 2855 772 2940 purtim
803 2856 878 2943 ipss
908 2866 1062 2923 occentus
1092 2879 1133 2923 ex
1161 2880 1243 2945 pen-

125 2956 242 3021 ultima
272 2968 551 3045 paroxytonorum
582 2955 618 3021 in
646 2956 933 3044 antepenultimam
966 2958 1049 3041 (nisi
1080 2958 1247 3024 character

124 3056 253 3142 obstet)
271 3057 480 3123 translatione
498 3068 562 3121 tem
578 3057 767 3123 confirmata
784 3070 833 3121 est
851 3068 886 3121 ut
904 3078 1012 3142 peuce
1026 3079 1112 3144 quae
1130 3068 1245 3123 contre

125 3158 263 3225 veniunt
295 3159 446 3245 exemplo
479 3158 624 3245 regulum
655 3156 850 3224 labefactare
882 3181 950 3224 non
984 3159 1113 3246 possint
1146 3181 1243 3245 prse-

124 3260 240 3327 sertim
262 3282 374 3328 eorum
396 3262 592 3348 scriptorum
609 3281 748 3345 quorum
770 3258 964 3346 apographa
984 3271 1126 3325 autnon
1146 3260 1246 3325 mults

195 3514 228 3581 4)
246 3510 456 3567 Vocabulorum
479 3512 570 3566 minus
593 3518 723 3565 notorum
744 3518 875 3565 suctores
896 3510 1056 3565 adscribam
1077 3511 1178 3567 emim
1201 3514 1248 3570 lo·

124 3618 227 3657 corum
244 3599 293 3669 qui
313 3599 342 3653 in
359 3600 444 3655 Thes.
464 3597 579 3653 indicati
599 3605 663 3653 suut
681 3595 888 3665 ‹lesignutione

199 3686 229 3753 ⁵)
241 3690 390 3741 Καισπίσω
410 3683 439 3739 in
456 3683 534 3737 libris
551 3681 719 3755 apocryphis
732 3680 768 3735 V.
782 3680 817 3737 Τ.
832 3681 944 3752 legitur,
962 3680 1093 3738 ‹inculco›
1112 3685 1202 3741 bodie
1219 3683 1249 3739 iu

125 3770 250 3831 Graecia
270 3770 394 3825 cuditur.

199 3858 229 3926 b)
251 3853 322 3917 Tol-r
339 3850 521 3925 ὑπόπροσθεν
533 3850 653 3924 χρόνους
669 3851 806 3925 llippoer.
821 3850 1125 3925 Epid.111.3.p.tst.
1141 3852 1176 3907 Τ.
1191 3850 1245 3906 ΙΙΙ.

124 3946 175 4001 ed.
189 3942 268 4016 Lips.
281 3962 310 4014 p.
319 3944 362 3996 68.
373 3940 407 3995 Τ.
418 3940 469 3994 Ill.
482 3942 527 3994 erl.
541 3938 637 3994 Littre.
668 3938 723 3992 Pro
742 3940 883 4011 ἔκπροθεν
900 3938 931 3992 ἔκ
948 3940 1069 3992 παλαιοῦ
1084 3936 1249 3992 Dindorfius

125 4030 158 4085 in
173 4026 261 4084 'lbos
279 4028 439 4099 ἔκπροσθεν
460 4026 560 4096 reponi
577 4025 662 4097 jubet
681 4026 718 4078 sd
736 4040 849 4079 sensnm
869 4022 974 4095 aptius,
1000 4031 1123 4077 ceterum
1141 4020 1251 4094 peritur

124 4116 266 4187 ignotum.
302 4110 442 4167 Lucienus
460 4110 566 4165 Astrol.
588 4112 612 4177 §
625 4112 666 4165 29.
688 4128 775 4181 quum
799 4108 868 4162 dicit
891 4110 1030 4163 bonorum
1053 4104 1250 4179 praedictione

123 4198 237 4259 animos
265 4197 416 4255 exhilarari
444 4195 476 4252 ul
501 4195 596 4265 ἀγαθά
628 4192 733 4255 εΙόόιας
757 4192 911 4266 ἀπιξόμενα
937 4195 1040 4249 πολλόν
1064 4193 1251 4269 ἀπόπροσθεν

129 4286 299 4359 εὐφρανέει,
324 4284 463 4357 significet
480 4300 496 4336 e
515 4281 675 4355 Ιωνρίπρνο
693 4280 826 4335 delectat.

980 4366 1047 4430 39*
