2736 4778
201 325 267 391 nn
290 321 508 391 erucem
530 321 675 391 unius
696 320 918 391 voomns.
952 319 991 388 c.
1003 320 1050 388 11.
1068 325 1094 407 ς.
1108 321 1137 386 s.
1165 327 1243 400 263

127 508 224 574 Pind.
244 507 307 576 01.
328 507 376 573 Χ
399 502 503 590 (xl.)
524 505 577 569 94.
607 498 724 571 εὐκλέα
745 500 882 588 κούρην,
906 498 1009 571 ἀκλέα
1030 501 1161 590 πότμον
1182 519 1250 574 ctu>

128 634 156 674 v.
179 607 316 678 Jacobs.
343 605 386 672 ad
406 604 511 671 Anth.
531 627 566 691 p.
577 603 650 669 905.
673 614 707 668 et
723 603 887 689 Spitzner.
902 601 1040 668 Excurs.
1055 604 1176 672 XXII.
1189 608 1241 673 911

127 724 197 775 tum
222 710 258 773 in
285 729 422 772 numero
450 704 567 791 plurali
592 708 688 793 νῆσοι
715 698 876 789 ἀγακλέες
895 701 1037 787 Dionys.
1067 704 1139 770 554.
1169 709 1243 785 ὀυς-

125 809 221 887 πλέες
246 806 397 874 Maneth.
419 805 484 871 111.
514 804 585 870 148.
613 798 751 883 εὐκλέας
776 802 879 869 Anth.
903 803 982 870 VH.
1005 803 1078 869 301.
1105 806 1243 884 δνςκλέα
1304 888 1307 892 .

126 909 250 996 λέκτρα
271 909 364 974 Man.
383 905 429 970 IL
452 904 522 970 186.
543 905 712 991 μεγανλέα
740 902 841 992 δήνεα
865 904 1014 991 Oppian.
1038 903 1123 990 Cyn.
1144 906 1192 972 II.
1211 908 1243 973 4.

129 1032 197 1094 quo
221 1009 263 1073 de
285 1030 404 1094 genere
424 1028 525 1072 unum
545 1006 580 1070 in
601 1005 827 1091 quotidianum
847 1027 954 1089 nsque
976 1028 1160 1072 sermonem
1183 1029 1244 1093 pe·

129 1109 284 1173 netrevit:
305 1103 480 1192 Ἡράκλεις
505 1106 641 1194 κληεικη
673 1106 861 1192 συναλοιφῇ
891 1101 962 1174 ἀπὸ
989 1111 1050 1173 τοῦ
1066 1102 1245 1194 Ἡράκλεες

131 1202 153 1273 ὃ
177 1210 262 1275 κατὰ
284 1209 451 1293 σογκοπην
477 1205 603 1292 γίνεται
622 1202 791 1292 Ἥρακλες
820 1207 901 1272 ΕΜ.
930 1207 1012 1286 436,
1038 1208 1089 1273 18.
1133 1208 1243 1294 Hujus

128 1309 266 1375 vocativi
294 1308 445 1395 exempla
469 1309 569 1373 allata
598 1315 674 1371 sunt
701 1305 744 1371 ad
769 1305 893 1392 Phryn.
919 1307 994 1375 640.
1044 1308 1113 1378 Sed
1134 1320 1243 1375 utrum

126 1410 248 1476 vocalis
280 1409 403 1474 formae
433 1409 562 1474 nativae
591 1408 701 1473 exciso
732 1429 775 1472 an
814 1406 1021 1494 diphthongo
1056 1420 1243 1477 contractae

127 1510 266 1596 simplex
288 1511 416 1598 epsilon
440 1509 650 1577 substitutum
672 1510 716 1574 sit
738 1509 911 1576 decernere
934 1520 1132 1576 ctmctamur.
1167 1513 1243 1576 Ad-

120 1611 317 1696 jectivorum
339 1612 405 1678 duo
426 1612 579 1698 leguntur
598 1611 687 1697 apud
708 1612 891 1677 Homerum
910 1611 946 1675 in
967 1613 1152 1678 accusativo
1175 1613 1243 1678 sin·

127 1713 233 1799 gulari
256 1708 361 1780 ἀκλέα
383 1722 416 1777 et
440 1713 595 1791 ὀυςκλέα,
620 1722 793 1797 utrumqne
820 1724 977 1798 sequente
1002 1715 1163 1781 vocabulo
1185 1737 1243 1781 cu·

121 1816 179 1900 jus
208 1813 313 1900 prima
339 1812 434 1878 litera
464 1824 515 1878 est
543 1814 681 1892 vocalis,
714 1837 814 1898 quare
840 1826 979 1880 metrum
1004 1838 1072 1882 non
1090 1814 1244 1904 prohibet

128 1937 196 2000 quo
215 1915 323 1979 minus
340 1907 444 1980 ἀκλεᾶ
467 1923 501 1978 et
521 1914 661 1991 δσςκλεᾶ
683 1914 850 1981 scribatur.
893 1919 971 1983 Hoc
994 1927 1104 1982 autem
1124 1940 1167 1983 ne
1186 1917 1245 1980 fiat

128 2015 277 2080 studiose
298 2025 429 2080 cavetur
449 2014 483 2078 in
504 2012 617 2080 Schol.
638 2015 679 2081 Il.
700 2016 747 2081 11.
771 2015 844 2081 115.
878 2001 1047 2082 sententiis
1069 2016 1165 2082 variis
1186 2017 1245 2081 sed

129 2116 174 2181 ad
200 2137 302 2180 unum
327 2115 426 2181 finem
454 2113 680 2181 tendentibus:
708 2114 746 2182 sd
769 2117 909 2192 ἀσςκλέα
931 2116 968 2183 ἐκ
991 2121 1051 2184 τοῦ
1074 2113 1244 2194 docui-uic·

129 2214 202 2284 ἔστι
230 2213 268 2282 δὲ
289 2212 443 2303 ἔλλειψις
469 2219 530 2283 σοῦ
555 2203 588 2293 ἶ,
611 2210 651 2282 οὗ
672 2214 876 2303 συναλοιφὴ’
895 2214 929 2283 οἱ
951 2217 988 2285 δέ
1009 2213 1167 2304 νεώτεροι
1188 2215 1244 2285 έκ-

129 2316 272 2384 τεένοοσι
292 2314 351 2382 καὶ
372 2319 651 2403 προπερισπῶσνν
677 2310 722 2394 ὡς
749 2311 819 2384 ἀπὸ
847 2322 910 2384 τοῦ
930 2315 1100 2406 ducatoris·
1124 2316 1243 2404 quibus

131 2416 269 2483 succinit
282 2417 364 2482 alter
379 2413 465 2484 κατά
481 2415 644 2504 συστολὴν
659 2411 823 2506 ὁμηρικῆν
840 2413 863 2501 (’
864 2413 1022 2504 Όμηρος)
1037 2418 1079 2484 σὰ
1100 2423 1245 2486 τοιαῦτα

128 2518 265 2606 ἐκφέρει
287 2514 427 2594 ὄυςκλέα
447 2516 504 2584 καὶ
528 2513 675 2602 ἀγακλέα
698 2512 853 2597 λωνικῶς·
874 2514 908 2583 οἱ
931 2517 969 2585 δὲ
991 2511 1119 2585 ἀστικοὶ
1142 2517 1247 2586 ἐκτεί-

128 2643 236 2698 νουσι,
255 2629 288 2684 et
308 2617 422 2683 tertius
444 2617 644 2684 σοσταλνέον
663 2612 723 2704 τὴν
742 2615 936 2685 σελαπαέαν
955 2621 1016 2685 τοῦ
1037 2616 1178 2696 cognata
1198 2612 1245 2698 ὡς

129 2712 334 2807 ἀμφηρεφέα
356 2712 484 2800 ὁμοίως
511 2720 557 2804 τῷ
581 2712 686 2783 ἀκλέα
710 2709 839 2800 ἀνδρῶν
865 2723 941 2798 (scr.
954 2711 1111 2806 Ἄργος),
1140 2714 1244 2788 ἀκλέα

129 2818 167 2884 ἐκ
186 2816 350 2905 μεγάρων.
387 2820 514 2883 Harum
537 2817 796 2883 enuntiationum
816 2820 902 2887 duae
923 2821 1083 2906 primores
1105 2821 1190 2887 inter
1207 2843 1243 2886 se

128 2929 293 3007 pugnant3
324 2923 401 2984 n'am
434 2920 462 2984 si
493 2920 633 2998 δυςκλέά
665 2941 686 2983 a
719 2919 873 2998 δυςκλεύς
908 2923 1105 2987 declinatum
1134 2933 1246 2988 estut

121 3016 242 3105 ’Λτρέα
272 3019 313 3085 ab
325 3013 464 3105 Ἀτρεύς
492 3020 582 3085 nulla
608 3041 681 3084 esse
702 3029 814 3105 potest
832 3021 956 3105 ellipsis
977 3011 1086 3088 νοῦῖ.
1130 3023 1245 3105 Quare

129 3119 211 3186 haec
244 3130 301 3185 aut
333 3121 468 3185 diversis
504 3119 704 3205 assignanda
733 3112 809 3184 sunt
835 3120 1022 3185 auctoribus
1050 3132 1107 3184 aut
1134 3123 1245 3209 potius

127 3220 285 3310 ἀνςελεής
305 3221 530 3298 scribendum
551 3242 628 3285 nom
649 3241 757 3304 neque
779 3218 933 3299 ὁοςκλεύς
955 3221 1123 3307 cognitum
1144 3222 1245 3290 habe·

128 3345 200 3387 mus
221 3344 328 3409 neque
353 3322 442 3388 oliud
465 3321 528 3388 hoc
550 3322 650 3387 modo
672 3321 908 3387 conformatum
930 3333 1058 3409 praeter
1075 3324 1246 3410 proprium

127 3421 356 3510 Παεροκλεάς,
388 3425 479 3509 quod
502 3422 672 3488 Bekkerus
700 3423 735 3487 in
763 3423 864 3488 Phot.
896 3421 981 3489 Cod.
1005 3422 1146 3492 CLVII.
1172 3427 1244 3494 llb.

128 3545 157 3588 a
178 3525 210 3589 4.
234 3547 252 3590 e
274 3525 371 3589 codd.
394 3525 592 3610 quibusdam
612 3524 735 3589 aseivit.
778 3524 820 3588 In
840 3523 1053 3609 sequentibus
1077 3549 1138 3614 pro
1161 3522 1244 3615 ἀγα-

128 3625 224 3703 κλέα,
251 3647 317 3711 quo
339 3627 505 3691 Homerus
526 3646 693 3709 nunquam
709 3623 825 3702 utitur,
848 3621 950 3707 ἀκλέα
968 3630 1085 3716 reponi
1104 3642 1245 3718 oportet.

128 3723 232 3807 Quod
265 3726 379 3792 ultimo
410 3726 485 3793 loco
528 3726 707 3814 apponitur
746 3725 931 3814 exemplum
964 3725 1168 3820 ἀμφηρεφέα
1204 3757 1245 3798 ex
1359 3800 1364 3811 ,

127 3824 278 3893 uberiore
302 3828 524 3915 disputatione
550 3838 740 3916 excerptum
766 3826 911 3909 videtur,
942 3833 1035 3917 cujus
1067 3832 1130 3899 hoc
1160 3843 1247 3898 esset

128 3940 356 4014 argumentum
393 3929 595 3996 accusativos
634 3929 867 4015 adjectivorum
904 3933 938 3997 in
974 3920 1019 4020 ἦξ
1047 3935 1245 4013 exeuntium,

129 4052 269 4113 quorum
289 4054 410 4117 magna
431 4030 521 4119 apud
542 4031 725 4099 Homerum
746 4033 858 4121 eopia,
888 4031 987 4119 alpha
1007 4043 1123 4097 nunna
1146 4031 1247 4100 breve

128 4129 249 4197 habere
272 4127 420 4221 ἀπηνέα,
444 4129 587 4211 ἰοειδέα,
611 4135 780 4219 νηκερδέα,
804 4133 988 4219 πολυηχέα,
1015 4134 1244 4215 πολυπενθέα,

129 4226 330 4321 ἀριπρεπέ’,
355 4229 524 4320 νεοαράέ,
546 4255 584 4298 ac
607 4233 634 4299 si
656 4234 857 4320 producatur
877 4232 910 4296 in
933 4227 1151 4324 ἀμφηρεφέα,
1183 4229 1245 4322 ἀρ-
