2736 4778
126 358 202 431 526
477 349 798 417 DlSSER'l'ATIO
825 351 888 419 lv.

124 563 154 606 v.
166 532 307 605 Ahrens.
319 535 406 603 Dial.
418 535 516 602 Aeol.
528 535 626 622 bdsq.
638 536 737 620 eosq.
767 537 821 603 De
833 535 943 602 dativo
958 532 1096 622 topicos
1117 536 1252 603 dicetur

125 639 212 706 alibi.
237 676 276 691 -
296 637 385 715 Iota,
415 637 505 724 quod
526 647 645 724 poetae
674 638 911 724 praepositioni
938 633 1026 724 ὑπέρ
1048 637 1194 724 simplici
1217 651 1250 704 et

125 739 327 831 compositae
347 737 534 816 inferciunt,
554 732 653 822 ὑπεὶρ
678 736 761 817 ἅλα,
783 733 964 823 ὑπείροχος
982 747 1044 804 eto.
1066 738 1249 806 Gramma-

125 845 180 911 tioi
205 852 340 909 monent
359 839 393 904 in
414 840 480 904 fine
501 838 729 904 collocandum
749 839 850 905 luisse
873 834 977 923 ὑπιρί
997 850 1034 904 ιιι
1047 838 1111 920 sat,
1137 839 1249 927 προοί

124 945 237 1035 προτί.
273 945 412 1012 *verum
439 940 502 1005 hae
525 940 771 1027 monosyllabae
802 941 1111 1028 prossohematismo
1139 943 1247 1008 multo

126 1042 523 1117 snntaocommodatiores
539 1063 636 1127 quam
655 1037 752 1128 ὑπέρ,
775 1043 866 1128 quod
889 1041 946 1108 ahi
970 1043 1171 1108 adminiculo
1195 1044 1245 1109 in·

127 1152 263 1238 digeret,
286 1143 505 1234 promtissima
526 1152 595 1208 erat
616 1142 737 1208 vocalis
760 1165 826 1229 qua
845 1144 1022 1209 fulciuntur
1044 1137 1152 1224 ἄπαί,
1178 1170 1246 1211 πα-

126 1250 199 1337 ραί,
228 1247 393 1332 semelque
421 1244 518 1310 etiam
545 1244 650 1330 prima
676 1244 802 1331 syllaba
828 1245 1082 1332 praepositionis
1107 1243 1192 1332 περί
1210 1244 1243 1310 in

127 1351 278 1439 syntheto
303 1343 508 1433 Πειρίθοος,
548 1345 600 1411 cui
629 1346 808 1434 adstupent
839 1346 1052 1415 Grammatici
1080 1346 1195 1433 Epim.
1222 1346 1243 1412 l

126 1454 199 1521 370.
220 1451 300 1516 EM.
321 1447 396 1526 668,
421 1447 471 1513 15.
514 1446 555 1514 Id
573 1448 696 1515 Aeoles
717 1449 856 1514 fortasse
877 1449 1029 1514 dixerunt
1048 1448 1245 1536 Περρίθοος

126 1565 164 1620 ιιι
183 1548 357 1641 πέρροχοςζ
402 1548 573 1615 Contraria
603 1560 694 1615 motu
722 1550 918 1638 diphthongi
935 1537 1146 1618 {vocalem
1167 1549 1243 1614 ulti·

126 1679 212 1724 mam
241 1655 275 1719 in
300 1651 458 1738 syllabam
486 1651 617 1715 finalem
647 1653 814 1719 transiisse
840 1652 1007 1719 contendit
1030 1650 1244 1717 Herodianus

127 1758 162 1823 in
184 1752 350 1823 Choerob.
377 1751 459 1819 Can.
483 1752 562 1830 852,
584 1751 636 1818 25.
666 1754 796 1819 Anecd.
826 1755 892 1822 Ox.
916 1753 958 1820 T.
979 1755 1044 1820 ΙΙΙ.
1071 1753 1145 1819 270.
1170 1746 1241 1818 cinei

126 1862 186 1926 τοῦ
209 1852 280 1940 εἶμί
300 1852 338 1920 τί)
363 1849 515 1942 δεύτερον
532 1847 580 1932 είς
604 1853 662 1922 καί
684 1850 768 1922 καθ’
790 1850 976 1942 ὑπέρθεσιν
999 1853 1061 1935 tot,
1086 1854 1141 1921 καί
1162 1852 1242 1921 ἐπεὶ

126 1957 168 2026 ιὰ
196 1953 246 2034 είς
269 1942 295 2022 ἶ
319 1951 479 2042 λήγονιτα
509 1951 609 2041 φύσει
637 1960 761 2046 μακρᾷ
784 1953 1016 2044 παραλήγοται
1042 1954 1128 2023 ἐσσί.
1173 1952 1243 2023 Διὰ

125 2057 161 2126 τί
189 2057 226 2126 da’
250 2049 310 2124 οὐκ
331 2051 403 2122 ἔστι
424 2051 463 2124 τὸ
484 2045 779 2140 νίφελκοσιικόνς
806 2055 891 2124 κατὰ
914 2056 975 2143 μὲν
1000 2051 1168 2146 Τρὺφιονα
1190 2054 1245 2124 ὅτι

127 2154 337 2243 πλεονασμὸν
358 2152 426 2238 ἔχει
448 2160 506 2223 τοῦ
527 2144 661 2237 {acad
679 2156 718 2224 δὲ
736 2154 928 2225 Φιλόπονον
949 2154 1002 2224 ὅτι
1027 2151 1111 2224 καθ’
1137 2152 1244 2243 ὑπέρ·

126 2267 226 2328 esso
248 2257 391 2345 ἐγένετο,
423 2279 488 2342 quo
509 2257 544 2322 in
564 2259 639 2324 looo
666 2281 728 2346 pro
749 2260 792 2326 soi
819 2248 906 2339 σίςῖ
926 2258 1023 2327 scribi
1046 2270 1180 2348 oportet
1203 2256 1246 2326 τὰ

128 2356 177 2439 είς
192 2349 234 2428 ἦ
255 2369 293 2423 ιιι
313 2355 537 2426 Choerohosc.
561 2358 642 2426 Can.
665 2359 739 2439 565,
760 2361 812 2426 31.
836 2359 878 2428 ad
901 2357 950 2439 είς
969 2349 1011 2429 σ“ι
1026 2358 1163 2450 ῥήματα
1176 2388 1244 2446 μα-

128 2464 191 2550 κρᾷ
214 2459 355 2528 θέλουσι
377 2455 651 2546 παραλήγεσθαι,
674 2458 811 2541 δίδωσι,
839 2457 1002 2547 ζεύγνυσι,
1033 2461 1124 2542 ε’σσί,
1153 2463 1245 2548 quod

129 2585 230 2648 quum
255 2571 419 2647 repugnet
444 2561 577 2647 regulae
602 2562 808 2650 propositae,
840 2564 939 2629 verba
970 2563 1140 2630 inferenda
1170 2576 1247 2630 sunt

127 2662 315 2748 hujusmodi
339 2659 377 2727 τὸ
403 2659 440 2727 δὲ
465 2659 541 2729 ἐσσί
561 2657 629 2744 ἔχει
649 2664 749 2731 θέσει
769 2662 913 2751 μακράν·
937 2661 974 2730 οὗ
997 2667 1060 2751 γὰρ
1081 2657 1120 2753 ἦν
1142 2664 1246 2754 φύσει

127 2758 360 2849 μακρύνεσθαι
380 2762 436 2828 ἵνα
456 2762 501 2849 μὴ
527 2763 715 2853 σονεμπέση
735 2768 781 2852 τῷ
806 2759 872 2831 εἶσι
896 2758 917 2852 ἢ
939 2770 985 2852 τῷ
1008 2761 1065 2853 ἠσί
1087 2761 1163 2833 ἀντὶ
1184 2772 1245 2834 τοῦ

129 2860 224 2953 φησί.
268 2864 391 2929 Verum
418 2861 494 2930 ἐσσί
517 2862 684 2929 residuum
712 2874 764 2928 est
788 2865 878 2930 verbi
904 2865 1004 2952 prisci
1032 2864 1125 2951 ἐσμί,
1162 2866 1245 2935 tort.

127 2963 250 3031 Adhuc
271 2986 373 3028 unum
402 2965 535 3029 affertur
563 2964 622 3030 sed
646 2963 780 3029 dubium
806 2964 967 3054 ἐξαίφνης
993 2960 1065 3033 ἀπὸ
1087 2971 1148 3034 τοῦ
1168 2966 1245 3047 ἔξα-

128 3063 228 3152 πίνης
259 3062 346 3131 κατὰ
378 3061 565 3150 μετάθεσιν
598 3065 655 3131 καί
687 3065 816 3154 τροπὴν
846 3069 906 3134 τοῦ
938 3069 1044 3151 ψιλοῦ
1076 3062 1125 3144 είς
1159 3063 1246 3135 docti

129 3165 307 3253 Moschop.
338 3165 458 3232 Sched.
490 3188 522 3252 p.
553 3165 605 3230 59.
635 3187 696 3231 neo
722 3167 841 3232 certior
860 3167 1031 3254 Apollonii
1057 3168 1247 3251 conjectura

128 3267 162 3331 in
182 3266 273 3334 Diss.
296 3267 342 3332 11.
363 3265 404 3331 P.
427 3267 454 3330 I.
480 3287 508 3331 o.
530 3266 558 3331 1.
582 3269 608 3351 §.
630 3267 661 3331 2.
689 3267 786 3332 allata
814 3266 975 3356 ἐξαίφνης
999 3291 1061 3355 pro
1091 3266 1130 3350 ἒξ
1151 3262 1246 3357 οἱφα-

127 3366 218 3446 νοίας
248 3368 371 3432 dictum
400 3389 483 3433 esse.
528 3366 632 3449 Quod
658 3390 758 3453 quum
791 3369 870 3433 satis
898 3369 1044 3436 mirabile
1072 3369 1134 3446 sit,
1176 3381 1246 3435 tum

129 3490 262 3554 prorsus
284 3491 352 3534 non
373 3468 522 3555 intelligo
551 3490 617 3555 quo
645 3469 745 3535 modo
774 3469 939 3535 conciliati
965 3471 1072 3556 possit
1099 3493 1175 3538 cum
1205 3494 1246 3538 eo

127 3569 201 3634 loeo
224 3592 322 3656 quem
343 3571 378 3635 in
401 3569 562 3637 vestibulo
585 3570 681 3656 hujus
708 3570 940 3659 disputationis
963 3573 1055 3637 attuli
1077 3566 1162 3641 ἀλλὰ
1185 3572 1248 3641 καὶ

127 3670 293 3754 συλλαβαί
313 3665 554 3759 ὑπορτίθενιαι
574 3669 733 3759 ἐξαπίνης
754 3669 930 3761 ἐξαίφνης,
957 3667 1084 3760 ι’)’ριορεν
1108 3665 1245 3761 ὤρορεν.

125 3770 202 3836 Ηοα
235 3769 270 3833 in
302 3792 368 3837 uno
402 3783 489 3839 certe
516 3773 654 3838 Homeri
681 3772 756 3836 loco
790 3773 968 3858 perlectum
1000 3775 1112 3864 potins
1146 3797 1247 3861 quam

127 3871 268 3937 aoristus
291 3892 364 3938 esse
384 3873 513 3940 videtur
534 3874 593 3940 sed
616 3894 776 3960 quaenam
796 3872 831 3937 in
852 3876 1005 3942 adverbio
1027 3876 1083 3941 illo
1106 3879 1248 3960 syllabae

126 3972 343 4060 transpositae
373 3973 454 4053 sint,
491 3975 634 4040 divinare
661 3994 790 4058 nequeo
820 3997 928 4061 neque
957 3978 1021 4044 hoo
1048 3990 1248 4045 memoratur

126 4074 166 4142 ab
187 4075 360 4162 Apollonii
382 4077 618 4167 adstipulatore
641 4073 792 4141 Planude
816 4079 875 4142 sed
896 4078 1070 4166 λακέρυζα,
1094 4102 1247 4167 proquo

126 4176 245 4242 rectius
270 4169 461 4262 ὀρσόλοπος
484 4177 654 4244 attulisset.
698 4176 784 4242 Nam
806 4177 887 4243 illud
910 4180 1058 4246 cornicis
1073 4181 1247 4269 epitheton

126 4276 264 4341 averbo
296 4279 410 4346 λακεῖν
440 4279 621 4345 derivatum
648 4287 698 4343 cst
731 4280 822 4364 quod
852 4280 1016 4346 diversum
1043 4305 1161 4349 sonum
1184 4307 1246 4352 ex·
