2736 4778
200 307 266 376 DE
286 306 557 376 PARATHESI
575 306 637 372 ET
661 304 935 375 SCRIPTURA.
960 305 999 374 C.
1019 304 1041 372 I.
1064 307 1090 392 ξ.
1106 304 1137 373 3.
1162 310 1233 413 551

212 499 237 582 ξ.
270 496 300 560 3.
345 493 400 559 Ab
434 492 678 581 appositi0102)
715 491 836 582 Ἕλλης
877 487 1000 571 πόντος
1039 492 1237 578 Apollonius

129 599 222 683 Synt„
243 596 307 661 111.
331 597 368 672 1,
395 594 469 659 298.
493 593 596 680 (303.)
625 592 779 659 discernit
807 593 980 681 compositi
1009 593 1112 658 simile
1133 593 1237 674 Διός-

128 723 226 784 κορος
247 697 298 762 his
320 694 442 763 verbis:
464 693 507 763 τὰ
526 697 667 763 πλεῖστα
689 698 756 762 τῶν
776 699 886 783 μεροῖν
907 698 968 763 τοῦ
990 689 1088 779 λόγου
1107 693 1164 761 διὰ
1181 699 1240 782 τῆς

127 797 277 876 ένιόσεως
297 795 336 863 τό
362 793 544 878 μοναδικόν
564 798 623 883 τῆς
649 793 772 874 λέξεως
799 789 1001 882 ὑπαγορεύει
1030 796 1180 863 τουτέστι
1202 794 1240 862 τό

127 898 162 965 έν
184 898 286 985 μέρος
306 901 366 964 τοῦ
389 892 487 984 λόγου
509 887 604 973 εἶναι,
627 886 648 984 ἢ
671 893 729 962 διὰ
749 900 808 985 τῆς
830 899 935 985 μονῆς
956 899 1016 961 τοῦ
1037 893 1134 962 τόνου
1153 891 1236 962 καθ’

130 999 272 1066 ἕκαστον
292 994 414 1086 μόριον
440 994 478 1065 τό
501 995 616 1064 δισσόν
643 994 800 1082 ἐμφαίνει
826 1000 893 1063 τῶν
920 995 1051 1077 λέξεων.
1100 994 1148 1062 Τό
1178 994 1240 1083 γὰρ

128 1097 215 1177 Διὸς
236 1093 335 1184 κόρος
356 1093 620 1184 παροξυνόμενον
640 1094 701 1180 μέν
727 1094 785 1185 τὴν
810 1095 937 1184 γενικὴν
959 1093 1027 1179 έχει
1050 1092 1123 1185 ἰδίᾳ
1146 1121 1241 1163 νοου-
1305 1179 1308 1185 1

127 1199 230 1285 μένην
253 1196 373 1282 όμοιον
394 1188 432 1263 όν
452 1201 502 1286 τῷ
519 1195 698 1278 Διόςυίός,
717 1193 1054 1283 προπαροξυνόμενον
1070 1196 1107 1263 δέ
1122 1192 1243 1282 ὅμοιόν

131 1302 203 1368 ἐστι
226 1302 272 1386 τῷ
293 1291 484 1385 Διόγνητος,
505 1293 727 1385 Διόδοτοςῧ).
775 1297 821 1364 Τὸ
854 1295 891 1364 δέ
919 1289 953 1364 εὖ
984 1301 1050 1364 νοῶ
1076 1292 1137 1363 δύο
1166 1293 1239 1380 έχον

130 1397 387 1488 περισπωμένας
407 1392 565 1485 ὁμολογεῖ
587 1398 646 1488 τὴν
668 1393 861 1484 παράθεσιν
881 1397 937 1464 καί
962 1397 1000 1463 τό
1014 1393 1134 1486 Ἕλλης
1155 1393 1239 1463 πόν-

131 1525 196 1578 τος.
245 1500 308 1565 His
341 1497 550 1565 adumbratur
582 1499 705 1586 duplex
732 1498 969 1583 conjunctionis
998 1520 1120 1584 genus,
1151 1498 1241 1584 quod

128 1623 228 1687 supro
250 1599 438 1686 designavi3
460 1622 561 1665 unum
584 1600 723 1688 simplex
750 1611 783 1665 et
811 1600 969 1665 uniforme
992 1621 1051 1684 per
1073 1596 1241 1684 synthesin

126 1698 320 1788 Διόγνητος,
343 1701 479 1767 alterum
500 1701 699 1791 bipertitum.
743 1701 828 1767 Nom
854 1701 883 1765 si
905 1700 1028 1788 Apollo
1061 1699 1112 1765 vel
1141 1700 1241 1764 alius-

126 1804 174 1869 vis
198 1803 294 1872 Jovis
315 1803 401 1868 filius
425 1801 512 1882 Διός
532 1800 631 1892 κόρος
653 1813 710 1869 out
731 1801 816 1880 Διὸς
836 1806 920 1880 παῖς
941 1813 1090 1879 vocatur,
1112 1801 1190 1866 item
1212 1801 1241 1867 si

126 1904 282 1970 Dioscuri
302 1903 390 1984 Διὸς
410 1900 471 1970 viui
493 1904 633 1971 Theocr.
657 1904 777 1971 XXII.
801 1903 872 1969 137.
895 1913 952 1967 out
972 1902 1101 1968 inverso
1127 1903 1241 1969 ordine

129 2009 246 2088 κοῦροι
270 1999 357 2083 Διός
378 2005 458 2070 Eur.
479 2006 531 2071 El.
555 2005 628 2071 985.
655 2028 695 2072 co
724 2002 907 2094 parathesis
934 2014 984 2068 cst
1005 2002 1186 2090 impropria
1205 2014 1243 2068 ut

119 2105 242 2193 Ἕλλης
262 2099 369 2191 πόρος
398 2115 431 2170 et
451 2101 575 2184 πόντος
590 2103 717 2195 Ἕλλης.
759 2104 901 2191 Propria
926 2124 1002 2168 vero
1029 2103 1057 2167 si
1086 2100 1240 2169 Castores

129 2205 338 2272 nominantur
357 2203 552 2290 Διοςκόρω,
583 2229 668 2292 quae
692 2207 758 2273 duo
789 2200 922 2272 nomino
953 2204 1155 2270 consuetudo
1180 2227 1241 2292 pro

132 2331 198 2373 uno
219 2317 356 2394 usurpat
376 2306 496 2372 omisso
515 2308 625 2372 nativa
647 2308 899 2395 significatione,
932 2305 969 2372 id
991 2307 1081 2391 quod
1103 2306 1242 2373 maxime

129 2418 268 2496 apparet
290 2431 331 2473 ex
352 2409 431 2473 Eur.
453 2409 529 2474 Hel.
552 2409 625 2475 202.
649 2407 694 2476 ιο)
716 2413 775 2477 τοῦ
796 2407 882 2488 Διὸς
902 2407 940 2475 δέ
960 2404 1125 2494 λεγομένω
1139 2411 1241 2487 Διος-

130 2506 229 2595 κόρω,
253 2509 305 2574 cui
327 2509 464 2577 similem
486 2511 630 2599 speciem
651 2510 774 2576 habent
795 2533 960 2577 servorum
984 2509 1117 2576 nomino
1142 2509 1242 2575 latine

128 2613 279 2693 λαιίμοτ,
302 2612 457 2695 Publipor
478 2635 498 2676 o
521 2635 624 2700 puero
647 2613 829 2701 composite
851 2624 888 2677 ut
907 2611 1096 2677 Priscianus
1119 2611 1165 2677 ait
1181 2613 1241 2679 VI.

128 2713 165 2788 9,
194 2712 267 2777 251.
297 2712 401 2799 (700.)
451 2715 633 2801 Utramque
662 2716 821 2782 rationem
853 2713 1024 2780 confundit
1048 2713 1243 2780 Eusmthius

131 2813 231 2892 1323,
257 2814 309 2879 57.
336 2811 539 2902 Στησίχορος
566 2816 654 2903 λέγει
680 2816 766 2897 Διὸς
793 2811 926 2903 κούραις
952 2816 1127 2900 βασιλεῦσι
1156 2810 1238 2881 καθ’

128 2906 148 2979 ό
159 2912 244 2992 Διὸς
264 2909 364 3002 κούρη
380 2908 564 3003 Ἀφροδίτη
590 2915 625 2983 έν
645 2915 837 3002 παραθέσει
851 2914 949 2992 ἐστίν,
973 2914 1055 2992 ὥςτε
1073 2908 1147 2980 κατ’
1166 2913 1242 2992 ἕξο-

127 3008 187 3101 χη’ν
206 3038 281 3079 τινα
292 3010 494 3100 Διόςκουρσι
513 3017 681 3094 συνθέτως
703 3011 735 3083 oi
758 3020 815 3103 τῆς
826 3011 949 3102 Λήδας
972 3036 1032 3100 pro
1057 3036 1122 3098 quo
1150 3013 1242 3091 1686,

128 3114 181 3178 58.
212 3113 331 3179 rectius
360 3115 407 3182 sic
436 3114 515 3180 dicit
544 3109 576 3180 oi
606 3110 805 3201 Διόςκουροι
828 3108 904 3180 κατ’
936 3112 1105 3200 ἐξαίρετον
1131 3110 1243 3195 έχουσι

129 3212 168 3278 τό
191 3207 273 3299 ὖηιέν
295 3212 454 3300 λέγεσθαι
481 3214 714 3300 συγκειμένοις·
737 3206 845 3293 όίλλως
865 3211 978 3298 μέντοι
998 3212 1033 3280 ἐν
1050 3211 1244 3300 παραθέσει

130 3313 255 3379 πολλοὶ
276 3313 428 3400 ἐλέγοντο
454 3318 515 3380 τοῦ
535 3313 622 3393 Διὸς
642 3321 766 3402 κοῦροι.
809 3315 922 3381 Minus
958 3314 1109 3383 distincte
1135 3316 1242 3403 Apol·
1339 3382 1343 3391 ,

129 3414 237 3479 lonius
259 3415 353 3501 synt,
375 3415 428 3484 IV
429 3463 437 3480 .
466 3414 497 3481 6.
518 3415 592 3481 316.
621 3414 664 3482 τοὶ
692 3414 729 3483 έκ
757 3411 817 3483 δύο
846 3413 980 3484 τελείων
1008 3416 1244 3502 συντεθειμένα

128 3515 214 3599 μετὰ
238 3519 297 3603 τῆς
317 3512 476 3603 συνούσης
498 3512 626 3594 τάσεως
647 3511 817 3604 πρόδηλον
843 3513 911 3598 ἔχει
932 3514 989 3604 τὴν
1011 3511 1170 3584 σόνθεσιν
1191 3542 1244 3584 κε-

130 3610 309 3703 ραςιγόρος,
333 3611 513 3705 ἑωςφόρος,
537 3609 713 3695 οἷστεοίναξ,
730 3611 980 3700 τερατοσκόπος
990 3617 1033 3702 ⁹),
1050 3612 1242 3707 Διόςκορος.

201 3786 230 3851 7)
243 3783 325 3838 Finxi
338 3785 392 3839 hoc
403 3800 505 3839 nomon
517 3787 555 3838 od
567 3784 778 3856 significandam
791 3783 952 3856 parathesis
962 3803 969 3853 ς
979 3786 1149 3841 contrarium
1162 3803 1241 3841 com-

127 3875 304 3944 pomorum
317 3870 420 3925 dicitur·
436 3870 519 3926 Ver-r.
535 3872 567 3926 L.
581 3872 614 3925 L.
627 3870 705 3924 VIII.
725 3871 769 3925 33.
787 3888 815 3942 p.
831 3872 888 3924 119.
905 3872 978 3941 (uo.
993 3875 1036 3927 ed
1053 3871 1172 3943 Speng.)
1191 3887 1243 3940 pro

129 3975 188 4028 quo
203 3955 231 4009 in
243 3956 341 4027 paucis
354 3957 438 4011 codd.
453 3960 653 4029 compositum
665 3955 799 4027 scriptum
812 3961 864 4010 est.

201 4043 230 4108 8)
245 4041 293 4096 Sic
306 4041 335 4095 in
348 4044 411 4096 cod.
427 4041 529 4113 legitur
539 4061 591 4114 pro
601 4037 755 4110 Διόςδοτσς,
768 4042 846 4111 quod
860 4058 917 4094 non
930 4038 1085 4094 invenimus
1096 4040 1147 4093 sed
1159 4041 1243 4092 modo

130 4123 511 4198 mmmmfflm·

201 4215 231 4280 9)
245 4213 300 4268 Pro
315 4209 527 4283 τερατσςσκόπος
538 4213 672 4284 scriptum
686 4218 775 4266 estut
791 4206 913 4285 προστάς
925 4228 976 4280 pro
990 4202 1132 4280 προςσιιὶς,
1145 4204 1245 4264 δύστο-

129 4320 185 4374 μος
196 4307 251 4354 etc.
265 4318 290 4351 v.
303 4298 436 4371 Prolegg.
452 4301 491 4354 17.
