2736 4778
402 354 468 426 DE
492 350 783 425 METATHESI.
827 349 949 423 c.1v.
1158 355 1233 432 537

579 662 692 731 CAP.
719 664 780 733 IV.

418 799 472 876 De
497 800 679 876 metathesi
699 801 942 902 syatbetorum.

208 987 294 1054 Post
316 984 371 1053 illa
392 1009 475 1074 quae
494 986 565 1072 jem
589 1008 744 1075 percursa
765 996 857 1066 sunt,
885 983 1085 1078 Apollonius
1109 982 1235 1075 pergit:

126 1082 211 1155 (ilici
242 1087 299 1155 καὶ
329 1088 436 1171 λέξεις
463 1082 703 1177 ὖπερτίθειπαι
733 1080 805 1159 οἷον
834 1083 1014 1178 οἶνοφόρος
1045 1086 1235 1177 φιρέοιιος,

125 1182 325 1273 ἀνδρόγυνος
345 1186 531 1277 γύναιδρος.
575 1190 668 1257 Haec
687 1192 820 1280 proprie
840 1190 958 1259 affecta
979 1187 1044 1255 dici
1065 1211 1134 1262 nou
1154 1212 1234 1277 pos-

124 1298 218 1364 sunt3
240 1288 297 1355 sed
313 1288 390 1376 quia
410 1289 605 1359 semel'huie
624 1293 807 1380 quaestioni
828 1291 993 1379 implicata
1009 1300 1099 1370 sunt,
1120 1290 1234 1381 paucis

124 1389 278 1478 persequi
302 1412 369 1457 non
397 1389 660 1482 intempestivum
686 1393 782 1461 duco.
826 1391 912 1462 Cum
939 1391 1044 1482 primo
1073 1390 1129 1459 illo
1154 1414 1234 1461 eon·

125 1491 257 1556 veniunt
287 1492 457 1581 φέρασπις
483 1486 739 1587 ἀσπιδηφόρος,
774 1490 932 1583 ἆγὲχορος
955 1489 1113 1581 χορηγός,
1143 1489 1235 1562 ἑλκε-

121 1591 222 1675 xiim
245 1589 424 1672 ποουλιιός,
454 1588 622 1680 ἇιξίγοιος
646 1591 848 1685 μοιλοιυξής,
874 1616 1012 1682 quorum
1032 1593 1089 1660 ille
1111 1617 1237 1683 queen

121 1691 220 1758 verbo
245 1692 430 1774 ordiuntur,
453 1696 583 1783 poetice
604 1707 696 1777 eunt,
719 1697 802 1764 haee
824 1694 964 1767 sermoni
986 1707 1074 1784 apti.
1117 1694 1235 1785 Neque

121 1804 232 1861 temen
257 1793 322 1862 hoe
350 1818 479 1885 semper
508 1798 689 1865 custoditur
719 1800 927 1879 discrimen3‘
940 1821 1016 1865 nam
1038 1791 1237 1885 ἀρχιτέκτων

124 1894 274 1963 omnibus
303 1896 413 1963 tritum
440 1909 507 1976 est,
536 1896 752 1985 τικτόναρχος
777 1900 898 1967 Pollux
917 1899 997 1968 VII.
1021 1899 1093 1965 117.
1122 1920 1142 1965 a
1169 1898 1234 1967 So-

123 1998 243 2087 phocle
258 2000 289 2087 ¹)
312 1998 469 2065 audacius
494 1998 604 2066 fictum
620 2001 748 2087 judicet
769 2001 857 2067 etin
878 2000 1042 2068 communi
1063 2021 1127 2065 usu
1147 1997 1237 2065 idem

122 2100 233 2166 velent
256 2096 442 2189 λῄοιορχος
463 2109 496 2167 et
521 2093 734 2191 ἆρχιλῃοτὴς,
767 2101 851 2168 sieut
875 2102 972 2192 etiam
992 2098 1127 2168 verbum
1152 2095 1237 2183 ἔχειν

123 2202 224 2269 modo
245 2201 385 2289 primum
404 2202 513 2269 locum
533 2201 658 2268 obtinet
675 2198 860 2284 ἐχέκολλος,
879 2199 1120 2290 ἔξεχὲγλοιτος,
1136 2200 1236 2267 modo

125 2303 305 2370 seeundum
332 2306 488 2385 κονοῦχος
516 2312 577 2368 etc.
619 2303 761 2389 Utrique
786 2303 872 2392 perti
898 2314 995 2392 uptus
1020 2313 1070 2370 est
1096 2301 1237 2370 euristus

124 2405 288 2472 secundus
306 2400 515 2489 λιπόσαριιος
535 2403 603 2470 sive
620 2401 829 2495 λιποσαρκής
846 2414 880 2472 et
894 2400 1115 2495 οαρκολιπής,
1136 2406 1238 2474 δακέ-

124 2513 235 2591 θομος
256 2516 290 2572 et
308 2501 519 2596 θυμοδακής,
539 2501 750 2593 λαβάργορος
770 2505 945 2573 οΤίιιιοιιο
960 2504 1108 2573 Phliasio
1126 2507 1238 2573 fletum

124 2616 158 2672 et
179 2601 370 2693 ἐργολάβος.
412 2604 575 2693 Pleraque
597 2605 686 2672 uliud
713 2617 841 2696 tempus
863 2608 897 2673 in
920 2608 1083 2699 principio
1105 2604 1235 2686 hebent,

124 2706 216 2772 eliud
235 2706 270 2771 in
292 2706 398 2783 exitu3
421 2708 475 2772 vel
493 2706 636 2775 futurum
658 2718 691 2774 et
711 2732 866 2797 praesens
891 2702 1100 2799 ἄρκεσίγοιος
1120 2734 1236 2796 γυιαρ-

123 2803 197 2896 κής,
220 2801 437 2897 ἇλφισίβοιος
457 2808 641 2899 restatque,
662 2807 856 2898 θελξίφριοι
877 2805 1164 2899 φρινοθιλγὴςῖ),
1186 2811 1237 2876 vel

123 2912 267 2977 futurum
295 2919 328 2975 et
354 2909 534 2996 perlectum
561 2910 689 2977 mediae
715 2910 839 2976 formae
865 2910 1092 2995 περσέπτολις
1117 2906 1237 2975 πτολί-

124 3017 276 3099 πορθος,
302 3009 513 3098 κλεψίγαμος
533 3008 764 3097 γαμοκλόπος,
793 3009 844 3075 vel
866 3009 1009 3075 futurum
1029 3020 1062 3074 et
1083 3010 1238 3075 eor-istum

124 3111 291 3201 passivum
318 3108 523 3199 βλοψίφρωι
550 3108 799 3201 aspernatam,
828 3106 1005 3198 τηξιμελὴς
1031 3107 1238 3198 ψοχοτακής,

124 3210 322 3303 ρρξίφλοιος
345 3205 586 3302 φλοιορραγής,
609 3207 757 3298 μιξόθρρ
778 3205 978 3301 θρρομιγής.
1019 3210 1097 3276 Hoc
1119 3218 1153 3276 et
1174 3216 1239 3300 θρ-

125 3307 264 3403 ρομιγής
286 3324 384 3397 atque
407 3306 634 3402 φλοιορραγής
655 3332 729 3377 eum
751 3310 908 3378 similibus
933 3308 1156 3400 ψοχρομιγὴς,
1183 3306 1239 3377 αἲ-

123 3411 293 3500 μοῤῥογής
315 3424 375 3480 ete.
406 3434 524 3502 prosae
551 3412 719 3480 familiaria
746 3423 837 3492 sunt,
867 3412 931 3478 illis
961 3424 1079 3501 poetae
1105 3422 1239 3479 utuntur

123 3514 356 3581 indifferenter.
400 3514 468 3583 Sed
494 3536 578 3599 quae
601 3515 800 3601 Apollonius
828 3513 972 3581 seeundo
999 3514 1074 3580 loeo
1101 3514 1239 3603 apponit

125 3639 167 3683 ex
189 3615 318 3682 duobus
340 3614 550 3681 substantivis
565 3618 680 3701 juncta
702 3628 734 3683 et
755 3616 893 3704 Trypho
916 3637 1048 3704 quoque
1071 3615 1112 3682 de
1133 3616 1237 3708 Trop.

125 3741 159 3805 p.
184 3718 255 3783 741.
278 3717 320 3784 T.
342 3717 439 3786 VIII.
467 3717 537 3783 sine
561 3739 638 3785 cure
660 3718 853 3787 discriminis
876 3718 984 3799 effert,
1017 3740 1056 3786 ea
1083 3728 1238 3808 tanquam

198 3974 225 4040 1)
247 3971 407 4028 Ellendtiue
424 3989 503 4028 meus
524 3972 554 4028 In
571 3972 641 4029 Lex.
660 3973 748 4045 Soph.
769 3975 824 4033 hoe
845 3976 957 4033 nomine
977 3991 1034 4031 non
1056 3971 1240 4028 erehiteetum

127 4059 283 4131 elgnifieeri
308 4065 389 4131 putet
415 4060 467 4115 sed
492 4058 545 4113 erti
569 4059 663 4116 febrili
687 4061 877 4132 preelectum
909 4077 982 4132 quae
1005 4057 1147 4114 distinctio
1171 4058 1239 4115 mihi

126 4166 226 4220 perum
244 4145 395 4218 perspicue
412 4151 462 4199 est.

197 4242 227 4310 λ)
240 4241 274 4294 In
286 4240 371 4294 Antb.
384 4238 435 4294 lx.
451 4240 509 4302 525,
524 4240 564 4294 12.
576 4256 628 4311 pro
642 4241 801 4311 λυροθηγέο
815 4256 831 4293 e
844 4239 925 4295 Plan.
939 4242 1084 4315 receptum
1098 4245 1140 4301 eti
1155 4243 1241 4320 λυρο-

128 4329 228 4401 γρθέα.
263 4327 363 4403 Aeque
383 4323 515 4387 couveuit
532 4311 712 4405 λυροθελγίολ
