2736 4778
239 386 296 453 on
318 386 714 457 oaoscnomusno.
757 330 862 458 am
885 387 918 455 c.
930 387 954 456 1.
978 387 1046 474 §.a
1121 392 1185 473 ιιι

67 550 308 617 auctoritatibus
329 551 498 632 perpendit
508 549 719 618 Schneiderns
740 551 781 626 ad
793 549 857 618 Ciu.
869 550 932 616 Τ.Ι
948 551 1012 617 222
1021 552 1055 634 ¹),
1078 551 1183 621 Xeuo·
1294 584 1296 591 v

65 654 204 735 phontea
226 654 464 720 Bomemunnns
487 654 595 720 attulit
631 654 672 720 ud
694 653 793 721 Anab.
817 655 833 719 Ι
855 653 884 720 4.
910 653 964 734 18,
996 654 1109 737 bisque
1131 656 1185 722 Ja-

66 755 191 821 cobsius
212 759 321 820 tuetur
342 754 558 844 ἕπιλὴιιιοιιιι
581 758 702 822 Aeliam.
723 757 763 822 H.
787 758 921 824 Animm.
944 757 994 824 III
1018 755 1066 824 19.
1089 757 1128 824 31
1153 763 1187 824 ιι

67 856 199 923 Siebelis
223 865 308 925 ιοῑοι
332 857 467 939 ναύταις
487 859 580 925 Pons.
603 859 633 925 X
656 859 706 924 25.
728 860 763 940 2,
787 858 844 926 sed
866 861 987 926 cautior
1008 860 1186 929 Ellendtius

66 962 228 1027 Arriani
252 962 300 1028 18.
323 962 342 1028 3
367 958 532 1029 ἑκάστοισι
566 981 606 1028 ex
636 981 699 1028 uno
730 961 814 1028 Flor.
847 963 988 1045 recipere
1020 964 1187 1046 dubitavit,

67 1065 141 1145 quia
155 1065 258 1149 pluro
279 1064 371 1131 buius
383 1064 516 1149 forinas
538 1065 680 1149 eoeemplu
703 1062 793 1148 apud
813 1064 989 1129 Arctoum
1015 1087 1079 1129 uon
1099 1087 1185 1151 repe-

66 1167 207 1248 οιίιιιιιιι,ο
228 1186 286 1250 pro
309 1167 445 1256 ταύτῃσι
468 1166 591 1234 Heliod.
615 1167 644 1233 V
665 1168 694 1234 2.
721 1167 780 1233 175
805 1167 921 1235 Coruus
944 1167 1109 1234 substituit
1130 1169 1185 1234 de·

65 1271 305 1335 monstrativum
328 1268 489 1351 ιαοιαιαί,
512 1287 596 1353 qnae
616 1288 733 1353 genera
754 1263 987 1339 confunduntur
1008 1271 1041 1337 in
1057 1269 1185 1354 Lucian

66 1370 185 1437 Timon.
208 1373 226 1457 ξ
249 1372 291 1439 32
313 1392 343 1455 p.
366 1373 418 1452 58,
434 1365 570 1453 ’Ἄλεξις
592 1372 626 1440 ἐν
644 1368 810 1458 Ἐρίθοισι
831 1373 946 1439 Athen.
969 1372 1019 1438 III
1040 1372 1082 1441 96
1103 1375 1133 1439 A
1154 1379 1189 1440 ιι

64 1473 170 1555 paullo
205 1481 279 1540 ante
311 1495 341 1557 p.
364 1472 405 1540 89
435 1475 460 1539 F
495 1474 528 1541 ἐι
561 1478 630 1552 wic
664 1473 799 1552 ιειόιιιι,
832 1476 889 1541 sed
921 1477 955 1541 in
987 1475 1187 1541 Aristot.·H.

65 1578 200 1642 Animm.
223 1577 251 1641 V
277 1576 315 1643 16
337 1596 368 1658 p.
391 1576 455 1641 548
477 1595 497 1641 a
519 1577 548 1656 2,
570 1577 655 1645 unde
676 1576 732 1642 illa
747 1577 844 1644 verba
855 1580 1004 1659 excerpta
1018 1583 1102 1658 sunt,
1124 1596 1187 1644 uno

65 1680 157 1745 modo
181 1677 283 1758 λείοις
305 1679 453 1744 scribitur
475 1678 570 1760 idque
592 1680 688 1745 etiam
711 1680 865 1746 editiones
888 1684 1013 1745 veteres
1029 1679 1187 1745 Athenaei

65 1782 227 1863 praebent.
270 1782 330 1846 His
353 1779 496 1846 omnibus
519 1781 711 1861 ostenditur,
733 1781 791 1847 bos
813 1779 977 1848 inferiores
999 1781 1114 1847 dativis
1136 1781 1186 1848 lo·

64 1885 142 1951 niuis
162 1885 268 1949 rarius
289 1902 364 1950 usos
386 1901 562 1965 essequam
575 1884 696 1949 Atticos
719 1888 835 1949 etcum
848 1884 969 1949 minore
986 1883 1186 1971 librariorum

65 2002 198 2051 assensu
220 1991 253 2077 et
273 1985 439 2070 nonnullos
461 1985 560 2051 semel
581 1986 736 2052 ineodcm
747 2004 842 2067 opere
860 1986 951 2068 qnasi
962 1986 1186 2068 periclitantes

65 2089 214 2155 Ceterum
246 2089 312 2154 iota
337 2088 416 2153 illud
448 2107 510 2170 non
532 2089 728 2155 extrinsecus
751 2088 923 2169 adiectum,
957 2089 1015 2154 sed
1047 2090 1187 2155 vocaiem

64 2192 199 2259 cliticam
225 2210 297 2259 esse
319 2191 434 2257 dativis
461 2191 600 2257 omnium
622 2189 866 2258 declinationum
900 2192 1028 2274 proprie
1050 2191 1186 2273 attribue

62 2300 138 2376 tam,
159 2313 242 2361 nunc
263 2314 321 2376 pro
343 2298 429 2359 certo
452 2292 595 2358 sumitur.

69 2430 75 2450 ι
150 2396 330 2463 Similet
279 2403 330 2463 est
352 2396 436 2479 quod
456 2396 528 2461 EM.
552 2394 625 2467 638
648 2394 690 2460 44
713 2395 752 2463 de
767 2396 1082 2478 particulanegabva
1091 2415 1184 2480 prae

63 2500 163 2566 ditat:
187 2501 224 2566 τὸ
248 2494 341 2581 οὐχί
362 2495 430 2564 κατ’
456 2495 589 2566 ἔκτασιν
610 2498 679 2567 ἔστι
700 2501 759 2586 τῆς
775 2535 808 2586 χι
779 2498 1035 2587 ἰιιυλιοιβῆςέ
1036 2497 1186 2588 κτῆςού

63 2599 230 2690 ἀρνήσεως
252 2596 274 2688 ἢ
295 2602 379 2669 κατὰ
404 2597 623 2685 πλεονασμόν.
652 2601 689 2666 τὸ
713 2603 751 2669 δὲ
773 2596 848 2668 ciac
841 2598 955 2667 κατὰ
977 2602 1186 2688 πλεονασμὸν

62 2701 180 2789 μόνον,
215 2699 283 2771 ἀλλ’
308 2701 346 2773 οὐ
364 2700 437 2777 ,κατ’
462 2703 648 2772 ἕπὲκιοισιν·
682 2699 718 2769 ui
745 2703 807 2791 γὰρ
830 2699 1023 2782 dannatione
1050 2705 1106 2772 διὰ
1129 2708 1184 2771 διι-
1280 2711 1282 2715 ’

63 2807 149 2876 σέων
171 2804 329 2893 γίνονται,
364 2809 423 2876 hot
450 2814 501 2875 est
528 2807 583 2875 διὰ
610 2810 667 2879 τοῦ
688 2808 724 2894 {p}
746 2800 817 2893 ἢῑι
839 2800 862 2892 ἢ
884 2809 914 2876 i}
941 2805 1029 2872 velut
1056 2805 1184 2898 ἔιιηφι,

63 2913 156 2994 ιαίχι,
180 2915 269 2977 κεῖθι
291 2909 393 2990 Epim.
416 2910 440 2974 Ι.
463 2909 535 2976 302.
560 2908 609 2974 10.
630 2909 753 2991 Hisque
769 2908 823 2974 ille
835 2907 962 2974 subiicit
975 2904 1030 2975 οὐί
1040 2909 1097 2977 καὶ
1111 2907 1186 2994 οὐχί

62 3013 115 3080 καὶ
131 3008 215 3093 otini,
238 3030 371 3095 quorum
392 3012 425 3079 id
446 3011 532 3093 qnod
542 3010 646 3090 medio
661 3011 728 3076 loco
739 3010 940 3075 interiectum
957 3015 1007 3076 est
1020 3017 1076 3077 aut
1087 3012 1186 3081 deleri

62 3120 186 3196 oportet
208 3119 244 3180 ut
265 3134 284 3180 a
306 3114 464 3181 sententia
484 3113 573 3194 prius
594 3113 757 3195 proposita
767 3113 905 3179 alienum
927 3117 984 3178 aut
994 3113 1034 3178 ab
1046 3114 1107 3180 alio
1120 3133 1182 3197 quo

63 3217 246 3283 sobolurcho
256 3216 432 3299 proiectum
443 3221 501 3296 est,
513 3217 640 3299 quinon
652 3215 753 3282 solum
770 3210 852 3297 οὐκί,
864 3215 1030 3283 sedetiam
1042 3213 1185 3299 oixiper

61 3318 278 3400 pleonasmum
291 3325 402 3386 natum
411 3323 548 3400 putaret
571 3318 622 3385 De
630 3318 690 3384 hoc
700 3322 812 3400 postea
824 3336 987 3399 exponam,
1009 3319 1182 3387 ubilitera·

61 3442 132 3489 rum
141 3422 491 3497 binarnmurcessiones
502 3421 687 3491 examinabo
699 3420 790 3506 [Gap.
802 3420 835 3489 II
847 3422 864 3506 ς
878 3422 906 3501 7,
918 3420 957 3487 ci.
968 3440 999 3504 p.
1011 3421 1101 3508 218}
1117 3423 1184 3501 Pro

60 3526 116 3592 ilio
139 3521 201 3607 αιἰί,
224 3526 312 3607 quod
326 3544 421 3591 nemo
442 3525 541 3592 ocnbs
555 3525 730 3608 usurpavit
753 3525 904 3607 primitivi
914 3525 993 3621 ἱιοιο
1005 3524 1184 3591 babendum

61 3634 111 3695 est
123 3623 174 3706 oi,
193 3629 244 3694 cui
254 3647 351 3711 quum
361 3629 478 3697 vocnbs
489 3628 630 3710 proxime
641 3627 793 3708 imminet,
809 3626 937 3693 additur
949 3645 1086 3701 consono
1102 3629 1181 3695 nidli

62 3732 155 3798 alteri
177 3750 342 3809 ιοιιοιιιιιεΙ
366 3728 437 3812 οὐκ,
459 3738 492 3798 et
515 3750 576 3815 quo
587 3731 713 3813 gravior
728 3727 786 3797 fiat
795 3729 931 3812 negatio,
953 3731 1079 3811 vocalis,
1102 3750 1184 3813 quae

62 3836 131 3900 inre
153 3835 350 3918 poragogicis
372 3835 615 3907 adnumeratur.
636 3832 698 3899 Sed
714 3833 891 3915 analogiam
913 3833 1025 3899 horum
1046 3836 1184 3898 omnium

61 3939 166 4007 dicere
188 3958 251 4009 nou
272 3955 450 4019 possumus
690 3942 696 3957 '

147 4044 196 4111 Ab
208 4043 257 4111 his
268 4040 578 4124 grammaticaet
504 4040 578 4107 subt
578 4040 689 4107 ilitatis
704 4036 897 4120 praecipitiis
911 3970 1131 4100 descendimus
1142 4036 1185 4103 ad

61 4147 141 4212 duas
164 4145 494 4229 praepositiones,
518 4161 598 4224 quae
620 4142 660 4207 ob
682 4156 878 4206 communem
898 4135 1001 4202 effect
978 4141 1095 4202 tionem
1110 4157 1181 4204 con-

65 4287 320 4298 2.....—---—-—-

133 4372 302 4435 {tantuna
286 4370 354 4422 adde
371 4370 472 4436 Theeg.
495 4363 677 4434 Ι3ΙΔειιχαι
651 4365 962 4496 αῖασίιεκιιιυσῖἐ*
