2736 4778
144 342 219 416 438
496 338 816 404 DISSERTATIO
848 338 912 403 lll.

143 528 203 589 τοῦ
224 518 363 604 ιλοχμός,
385 532 418 585 et
435 522 545 608 Epim.
562 523 590 587 1.
607 523 681 588 338.
701 520 908 608 πανημέριος
926 519 964 586 ἐκ
979 524 1037 587 τοῦ
1056 518 1264 609 πανήμερος.

141 627 254 708 Atque
275 623 338 688 hoc
361 644 465 709 genus
489 636 608 709 poetae
630 623 837 709 potissimum
866 620 1048 698 celebrant,
1078 623 1263 689 communis

141 748 218 791 vero
248 747 353 789 sermo
383 724 561 809 acquiescit
589 727 623 789 in
652 747 718 789 una
744 725 847 789 forma
881 720 1084 806 ἀθέμιστος,
1121 720 1261 805 πλάνος,

19 893 28 909 ,
141 823 313 914 ἑσπέριος,
341 837 569 912 praeterquam
597 828 624 893 si
651 849 718 911 qua
741 835 883 890 mutatur
909 823 1104 909 significatio
1126 815 1259 909 ὄρθιος,

142 928 262 1008 ξένιος,
289 927 413 1015 φίλιος.
458 928 561 1010 Quod
589 929 724 993 veroin
747 926 827 993 EM.
849 925 923 1004 625,
943 926 996 991 29.
1027 925 1167 1022 traditu-r
1188 920 1258 993 ἀπὸ

140 1034 200 1114 τῆς
221 1025 340 1115 νηδύος
361 1034 488 1117 γενικῆς
510 1026 527 1093 ὃ
554 1026 740 1116 τίμονήδιιος
758 1025 815 1092 καὶ
835 1027 1038 1112 πλεονασμῷ
1057 1033 1117 1093 τοῦ
1139 1052 1153 1091 ι
1176 1022 1260 1110 ὁμο-

140 1125 289 1213 νηιῐύιός,
320 1129 501 1215 profectum
535 1142 585 1194 est
612 1152 632 1193 a
659 1151 759 1216 prava
788 1126 1024 1193 consuetudine
1053 1127 1259 1193 librariorum

141 1220 443 1315 diphthongumiri‘
457 1243 488 1295 et
510 1231 653 1317 singulas
676 1232 745 1315 ejus
763 1228 872 1294 literas
895 1227 1025 1316 punctis
1047 1226 1255 1316 distinguen-

137 1330 220 1393 tium
250 1353 280 1394 v.
304 1332 496 1397 Buttm..ad
527 1332 650 1417 Odyss.
681 1357 713 1421 p.
736 1331 809 1396 584.
828 1331 863 1416 ³)
906 1329 1038 1396 Etenim
1065 1327 1168 1414 νηδύς
1196 1330 1257 1396 du-

140 1430 267 1517 pliciter
293 1433 445 1521 componi
478 1445 622 1521 poterat,
654 1444 710 1497 aut
739 1425 903 1520 ‹iariuqdug
932 1441 969 1495 ut
996 1422 1171 1515 εἷλβοτρος,
1203 1450 1257 1497 τιατ

138 1544 262 1596 mutata
283 1533 497 1600 declinatione
521 1531 707 1622 ὁμονήιλοος
734 1544 770 1598 ut
800 1529 1023 1613 πολινλχθιιος·
1052 1542 1152 1617 atque
1182 1531 1257 1598 huic

136 1642 255 1720 poeta,
284 1646 321 1698 ut
346 1636 489 1713 videtur,
518 1634 632 1724 epicus
664 1633 898 1722 producendae
927 1632 1126 1718 penultimae
1157 1656 1258 1700 causa

137 1735 206 1798 iota
237 1734 385 1814 inseruit,
422 1736 513 1821 quod
538 1736 698 1802 Moschus
729 1737 781 1800 Id.
809 1734 870 1800 IV.
902 1732 951 1798 78.
986 1733 1084 1798 etiam
1115 1734 1257 1823 simplici

138 1834 259 1907 addere
282 1849 413 1900 coactus
437 1848 488 1902 est
508 1836 546 1904 ἐκ
570 1834 755 1927 νηδιιόφιν.
789 1838 866 1901 Hoc
881 1835 981 1927 igitur
999 1835 1042 1901 ad
1061 1835 1256 1921 epenthesin

136 1935 294 2023 pertinet,
331 1961 396 2024 qua
425 1936 623 2025 syllabarum
651 1961 805 2003 numerus
835 1959 901 2001 non
931 1949 1077 2023 augetur.
1127 1938 1256 2005 Neces-

138 2039 258 2103 sarium
285 2062 360 2104 vero
393 2052 442 2105 est
468 2041 537 2106 iola
572 2040 739 2125 adjectivis
774 2038 975 2124 simplicibus
1011 2039 1071 2105 aed
1104 2061 1209 2128 saepe
1236 2064 1256 2104 a

135 2139 273 2205 librariis
296 2143 480 2227 neglectum
499 2142 585 2208 velut
608 2139 757 2225 βοτρύων
778 2142 896 2226 (idest
918 2141 1115 2227 ί3οτρνΐναιν)
1139 2146 1255 2231 (putria

135 2241 237 2305 Anth.
263 2242 322 2307 VI.
349 2243 420 2308 168.
450 2255 482 2309 et
511 2239 636 2332 νητλῦιον
662 2236 838 2323 ἄψαυστος
859 2243 973 2328 Apoll.
991 2242 1037 2306 Il.
1061 2243 1134 2307 113.
1163 2245 1255 2328 quod

133 2341 326 2406 Eustathius
350 2366 481 2429 quoque
504 2368 524 2409 a
544 2344 708 2409 nonnullis
732 2343 778 2407 sic
802 2342 899 2407 scribi
921 2332 1017 2407 refert
1045 2366 1078 2429 p.
1104 2344 1200 2423 1117,
1223 2344 1253 2410 8.

136 2454 167 2507 et
195 2443 316 2530 pariter
344 2441 440 2512 νεκύα
470 2446 569 2522 1050,
599 2444 651 2509 04.
706 2444 775 2508 Illis
803 2468 889 2510 nunc
910 2445 1037 2510 reddita
1059 2454 1108 2510 est
1129 2446 1252 2511 vocalis

135 2545 176 2607 ad
217 2544 444 2610 formationem
487 2545 669 2610 necessaria
703 2546 760 2610 sed
794 2547 972 2611 omittenda
1005 2556 1095 2610 eraut
1127 2559 1254 2633 puncta

135 2645 310 2709 diacritica.

220 2745 304 2809 Cum
326 2745 375 2810 his
399 2746 698 2866 paraschematispri
718 2747 875 2833 exemplis
892 2759 1076 2834 congruunt
1097 2746 1253 2813 substan·

133 2846 199 2909 tiva
223 2847 402 2930 quaedam:
436 2846 623 2927 Καιλοτοιος
645 2874 690 2926 οις
717 2843 876 2930 κάπριος,
900 2845 1087 2926 Αἰτώλιος·
1115 2849 1158 2915 τὰ
1183 2848 1251 2933 γὰρ

133 2942 280 3030 (uddc'
259 2949 329 3014 απὸ
370 2951 449 3034 τών)
480 2945 528 3027 εἷς
557 2974 594 3027 ος
620 2947 677 3015 διὰ
709 2954 766 3014 roi·
793 2974 843 3026 ιος
879 2949 1128 3036 ἰαρηγιώναι
1101 2946 1159 3014 ἐπὶ
1187 2954 1249 3013 τοι·

132 3046 233 3117 atros>
267 3053 509 3136 σριιαινομὲνοι·
543 3046 844 3133 παραλαμβάνεται
877 3049 987 3136 Epim.
1022 3048 1049 3113 Ι.
1087 3048 1164 3127 235,
1194 3050 1250 3115 30.

129 3148 306 3228 Αἰτώλιος
337 3163 443 3216 tamen
472 3150 561 3238 apud
590 3152 771 3215 Homerum
802 3150 996 3234 adjectivum
1032 3173 1104 3215 esse
1137 3161 1247 3237 potest

130 3250 279 3317 absolute
309 3253 452 3339 positum
480 3253 553 3316 loco
584 3251 736 3336 primitivi
763 3262 799 3314 ut
822 3251 1004 3328 Βοιώτιος,
1034 3248 1173 3329 Μύσιος
1195 3253 1247 3317 in·

130 3354 217 3419 colas
241 3354 333 3440 ipsos
357 3353 540 3439 significant
561 3352 680 3417 Parall.
701 3352 774 3417 305.
799 3364 831 3416 et
852 3354 925 3418 318.
948 3354 1049 3418 Proll.
1071 3351 1145 3418 500.
1175 3355 1247 3420 Ne-

130 3477 193 3538 que
215 3457 298 3520 adeo
322 3454 452 3520 difficile
469 3454 566 3519 fuerit
586 3454 675 3519 fluvii
700 3475 832 3538 quoque
853 3476 971 3519 nomen
995 3454 1037 3517 ad
1059 3454 1122 3520 hoc
1140 3476 1249 3541 genus

127 3576 297 3633 revocare3
331 3580 405 3620 nam
433 3568 470 3619 ut
491 3552 575 3642 Ilqia
598 3559 696 3643 νῆσος
718 3554 835 3618 dicitur
862 3577 923 3639 pro
946 3555 1085 3641 simplici
1109 3558 1188 3632 Κῶς
1213 3556 1247 3620 in

126 3655 287 3741 Meleagr.
314 3647 429 3743 Epigr.
458 3656 577 3720 XXX.
610 3660 708 3741 νῆσος
735 3658 914 3739 lapaces
943 3651 1146 3739 ncrqdyroyov
1172 3652 1247 3722 duri

126 3759 184 3822 τοῦ
215 3753 438 3840 ιτριοτοτύποα
470 3756 581 3823 Schol.
612 3756 694 3840 Lyc.
724 3755 825 3822 1084.
862 3757 936 3821 urbs
958 3756 1123 3831 Romana,
1162 3757 1247 3822 Tro-

195 3943 224 4011 3)
248 3935 381 4013 Πηχύϊσς,
408 3943 486 4012 quod
505 3940 682 3995 Wellauerua
705 3939 821 4010 reliquit
846 3939 941 4010 Apoll.
963 3940 984 3994 l.
1005 3942 1064 3995 379.
1092 3940 1143 3995 ΙΠ.
1166 3942 1243 3995 taor.

126 4047 302 4084 correxeram
320 4030 357 4082 ad
374 4028 478 4099 Phryn.
493 4030 553 4081 tot.
573 4036 601 4081 et
618 4029 677 4080 700.
714 4024 851 4081 vitiosam
871 4026 1103 4081 consuetudinem
1123 4026 1243 4097 castigat

123 4113 338 4169 Herodianus
330 4133 359 4168 ιιι
379 4113 489 4184 Fragm.
512 4113 665 4168 Hermann.
684 4111 776 4165 XVII.
798 4113 857 4164 307.
882 4109 992 4182 ἁμαρτιι
975 4109 1092 4167 ιλνουσιν
1114 4113 1142 4167 ολ
1166 4113 1244 4166 διοι-

124 4201 234 4267 ροῑνιις
253 4198 281 4254 τὸ
299 4195 382 4281 pita,
403 4197 461 4270 alig
477 4196 514 4259 ὠς
531 4193 711 4270 ιρισὺλλαβον
727 4201 775 4251 καὶ
793 4194 928 4251 altitu
907 4218 946 4260 ως
963 4194 1193 4271 attondimur·
1210 4198 1240 4252 τὸ

123 4269 190 4336 dl
173 4305 181 4335 ι
200 4282 269 4354 μετὰ
290 4284 319 4338 τὸ
336 4306 353 4337 υ
372 4281 537 4350 ταττόμενον
556 4281 690 4338 οὐδέποτε
708 4283 854 4358 διαιριιται
872 4292 928 4339 etc.
