2736 4778
199 348 265 414 DE
288 348 507 415 SYNCOPE
528 348 675 415 UNIUS
696 346 917 416 vocaus.
946 346 986 415 C.
998 348 1062 415 111.
1079 351 1142 436 §.2
1166 353 1241 426 283

123 548 231 600 tamen
247 554 395 620 syncope
415 529 481 596 dici
500 528 630 614 nequit,
645 529 723 614 qnia
735 528 894 611 μελίινας,
914 530 1005 615 quod
1019 531 1240 600 Schneiderus

122 637 165 700 ad
186 633 359 722 Theophr.
383 630 425 696 Τ.
441 632 484 697 V.
504 632 558 695 41.
581 629 751 715 analogiae
773 650 871 695 masa
892 631 1059 716 praetulit,
1079 656 1240 719 nusquam

122 737 302 810 invenitur3
324 756 402 798 nam
422 732 455 796 in
478 729 589 798 Schol.
610 730 690 796 Did.
714 728 756 794 ad
776 729 817 794 Il.
833 731 876 797 V.
889 730 962 797 655.
984 731 1072 798 unde
1090 733 1124 796 in
1137 733 1240 800 Thes.

125 838 273 912 affertur,
304 834 456 914 μελέϊνας
482 831 601 917 legitur
630 830 784 914 idemque
812 831 1039 917 reponendum
1066 831 1101 895 in
1128 831 1240 899 Schol.

123 936 205 1002 Did.
229 936 272 1000 ad
297 933 364 1000 Od.
379 932 476 999 XIV.
492 932 565 998 381.
588 932 678 1017 quod
697 932 915 997 Buttmannus
937 932 1063 1008 omisit3
1085 931 1127 997 de
1147 944 1241 1021 tropa

128 1034 250 1100 dicttrm
273 1045 324 1101 est
344 1030 382 1099 C.
395 1032 458 1097 ΠΙ.
475 1035 501 1117 ξ.
515 1034 547 1098 3.
584 1033 617 1096 Α
632 1030 819 1098 nominibus
836 1032 983 1118 ejusdem
998 1033 1128 1118 generis
1147 1028 1240 1120 ἂρία,

126 1133 233 1220 polio
259 1146 319 1200 etc.
352 1132 573 1199 metusiastica
602 1154 669 1197 non
696 1132 864 1218 finguntur
895 1155 957 1198 nec
990 1155 1010 1197 a
1040 1146 1157 1199 neutro
1188 1130 1242 1202 ἴαν

126 1234 263 1322 simplex
286 1230 370 1310 ἴινος
391 1232 450 1298 sed
471 1243 579 1299 umen
602 1256 622 1298 a
642 1232 826 1319 composito
849 1229 1000 1300 λευκόιον
1011 1234 1043 1317 ⁸)
1070 1234 1241 1301 descendit

124 1329 306 1412 λευκόινος,
329 1334 420 1418 quod
443 1332 627 1411 λευκαίινας
644 1333 818 1398 dicendum
840 1342 910 1397 erat
928 1333 1044 1399 iterato
1065 1335 1134 1401 iota
1154 1336 1239 1401 sicut

123 1433 336 1499 Dioscorides
364 1433 449 1498 Mat.
473 1434 517 1500 V.
546 1433 617 1498 119.
647 1456 680 1519 p.
704 1434 775 1498 785.
809 1455 829 1496 a
854 1433 1036 1498 masculino
1064 1431 1117 1513 ἰός
1145 1435 1240 1501 duxit

122 1529 233 1614 ἱΙζειν,
262 1556 346 1619 quae
371 1545 421 1598 est
442 1534 578 1620 propria
600 1532 772 1598 verborum
793 1531 1023 1597 imitativorum
1045 1535 1237 1613 terminatio,

121 1630 322 1699 Heliodorus
349 1655 427 1700 vero
455 1634 612 1698 consultis
641 1631 774 1697 auribus
802 1631 845 1697 ab
872 1630 925 1699 ἴαν
950 1633 1045 1698 finxit
1071 1631 1177 1716 ἰάζειν
1201 1647 1239 1700 at

122 1729 306 1815 ἱππιάζειν,
333 1729 459 1816 radico·
487 1743 520 1798 et
547 1731 662 1799 διαστὶ
681 1734 724 1817 ⁹).
768 1733 917 1798 Nominis
942 1734 1077 1799 solitarii
1098 1738 1139 1822 γῆ
1161 1737 1237 1805 Ste-

122 1834 249 1922 phanus
278 1834 439 1920 triplicem
466 1834 587 1898 flexum
612 1833 737 1899 indicat
764 1831 858 1919 γήιας
881 1829 944 1919 ἀφ’
970 1823 1008 1900 οὗ
1037 1835 1095 1902 καὶ
1123 1834 1239 1924 γηίτης

123 1934 180 2002 καὶ
204 1932 327 2024 γήινας.
370 1937 447 2000 Hoc
466 1935 652 2019 frequenter
672 1935 801 2019 legitur,
824 1932 1060 1998 substantivum
1082 1936 1182 1999 semel
1202 1936 1238 2000 in

124 2036 197 2103 cod.
217 2037 319 2101 Laur.
342 2034 447 2121 Soph.
470 2033 590 2099 Trach.
614 2036 667 2098 32.
692 2033 749 2098 uhi
775 2032 972 2116 hisyllabum
998 2044 1047 2098 est
1073 2055 1112 2098 ac
1139 2034 1238 2120 vulgo

124 2136 254 2223 quidem
278 2123 391 2201 sinet
403 2135 578 2220 scriptum3
600 2136 808 2200 Hermannus
826 2154 904 2197 vero
927 2133 1030 2196 edidit
1050 2131 1152 2224 yp'tnc
1170 2136 1239 2201 iota

121 2238 222 2323 longo
243 2258 317 2303 cum
330 2234 437 2301 vocali
446 2234 641 2322 ”protactica
660 2244 837 2311 contracto,
853 2234 943 2318 quod
960 2255 1059 2319 quum
1073 2235 1237 2303 rarissime

123 2340 194 2416 fiat,
224 2347 293 2402 tum
319 2334 384 2402 hoe
412 2337 486 2402 loco
513 2336 624 2400 evitari
651 2346 760 2424 potest
789 2344 915 2400 retento
943 2356 1027 2419 quae
1054 2337 1110 2401 diu
1135 2338 1237 2403 valuit

123 2439 300 2526 scriptione
322 2432 429 2525 γήτης.
474 2436 571 2519 Quae
597 2459 697 2524 supra
722 2435 879 2523 syllabam
902 2447 978 2500 sunt
1001 2437 1135 2501 nomina
1159 2428 1235 2528 inl]

123 2539 275 2607 exeuntia
311 2536 572 2603 terminationem
603 2537 796 2623 bisyllabam
828 2537 993 2624 accipiunt
1029 2539 1150 2605 omisso
1186 2550 1238 2606 eta

121 2642 209 2707 finali
229 2633 458 2727 ἀστεροπητής
481 2649 541 2704 etc.
562 2661 593 2703 v.
617 2639 660 2704 ad
681 2641 803 2706 Buttm.
824 2640 899 2704 430.
923 2638 983 2705 sed
1004 2643 1061 2727 γῆ,
1085 2642 1163 2727 quia
1184 2654 1237 2708 eta

121 2741 331 2808 thematicum
353 2737 450 2822 abjici
473 2761 542 2804 nou
564 2741 686 2826 potuit,
715 2739 973 2824 monosyllabam
1000 2751 1035 2806 ut
1056 2740 1179 2832 βούτης
1205 2754 1238 2809 et

121 2840 255 2930 ναύτης,
270 2840 324 2904 cui
339 2838 435 2903 affine
449 2838 562 2927 νηίτης
577 2845 688 2908 accita
703 2840 854 2906 convenit
867 2842 1035 2927 trisyllabo
1049 2844 1163 2932 γηίτης
1172 2850 1182 2890 ¹
1191 2846 1235 2930 ⁰).

204 2941 362 3007 Proxima
383 2939 532 3024 quaestio
556 2953 606 3006 est
627 2940 669 3006 de
690 2942 758 3006 iota
776 2941 866 3026 quod
879 2943 1042 3006 antecedit
1059 2944 1236 3010 vocalibus.

122 3046 177 3109 De
198 3042 262 3107 hoc
291 3040 423 3127 saepius
451 3040 519 3126 agit
546 3041 773 3116 Herodianus3
804 3039 943 3125 primum
974 3040 1015 3103 ad
1041 3042 1080 3105 ll.
1106 3044 1133 3108 Ι.
1162 3045 1236 3109 464.

120 3143 158 3210 τὸ
180 3139 301 3231 μηρίον
322 3139 547 3223 ἐντελέστεραν
566 3146 627 3206 τοῦ
648 3135 768 3226 pricos·
798 3137 835 3205 ἐκ
864 3136 926 3223 γὰρ
948 3144 1116 3226 συγκαπῆς
1138 3136 1238 3209 αὐτοῦ

122 3241 243 3330 γέγονε.
288 3241 376 3307 Tum
397 3238 440 3305 ad
460 3239 540 3306 XV.
560 3239 633 3305 320.
655 3239 880 3305 Aristarchum
902 3238 1001 3305 refert
1023 3234 1098 3306 κατ’
1123 3240 1238 3311 ἐνῶπα

190 3479 221 3547 8)
240 3478 351 3532 Puncta
368 3476 520 3542 diacritica,
534 3492 606 3548 quas
624 3476 653 3530 in
673 3476 734 3530 dies
751 3474 839 3546 magis
858 3473 1046 3540 obsolescunt,
1064 3474 1107 3529 his
1123 3492 1236 3549 quoquc

122 3563 191 3617 nihil
207 3581 279 3634 opus
293 3578 355 3618 esse
367 3559 491 3618 ostendit
502 3568 643 3616 accentus.
673 3560 745 3616 Nam
761 3561 784 3615 si
800 3548 865 3617 'o'et
877 3546 936 3613 Tin
952 3576 1038 3614 unum
1054 3561 1236 3631 continerent,

122 3658 171 3703 aut
184 3645 312 3705 latinator
322 3645 496 3703 scriberetur
513 3653 563 3700 aut
577 3649 713 3701 λιακοῖον.
745 3642 882 3706 Λευκόιος
898 3641 922 3699 si
940 3643 970 3698 in
986 3662 1040 3700 usu
1059 3655 1132 3702 esset
1149 3648 1236 3720 signi·

123 3735 220 3789 ficeret
240 3731 288 3789 tir
306 3726 391 3789 lausai
408 3737 439 3786 la
456 3733 555 3803 ἔχοντα
578 3729 651 3786 sicut
672 3727 859 3804 πολύμνιαςό
881 3727 969 3786 πολλὰ
987 3737 1058 3803 μνία
1078 3734 1163 3804 ἔχων,
1186 3736 1238 3791 aed

122 3826 221 3874 auctor
239 3817 270 3872 in
286 3816 383 3873 dubio.

190 3920 219 3987 9)
231 3925 310 3981 Δίιος
327 3919 454 3975 nonnulli
474 3919 607 3975 dixerunt
623 3919 809 3975 distinctionis
827 3937 912 3975 caasa
928 3936 955 3974 v.
968 3918 1074 3973 Par-all.
1087 3920 1129 3970 23.
1156 3922 1237 3980 Χίιος

121 4005 281 4060 Brunckius
297 4005 392 4077 posuit
411 4006 536 4061 inexitu
554 4005 721 4078 pentametri
738 4005 825 4061 Anth.
839 4005 891 4060 XI.
911 4006 970 4059 235.

192 4106 237 4176 ld)
252 4107 300 4163 Sic
311 4124 328 4162 a
339 4110 404 4176 βοῦς
414 4109 573 4164 ducendum
585 4116 646 4164 erat
656 4108 747 4178 βοῖἳης
758 4098 808 4164 sed
820 4105 887 4162 vicit
899 4105 1091 4177 diphthongus
1102 4101 1235 4175 primitivi

120 4193 192 4247 utin
209 4191 324 4262 floridior
341 4195 406 4264 (pro
414 4193 534 4262 sortior)
546 4189 683 4259 μνοῦδιον
694 4203 723 4249 et
734 4194 763 4248 in
775 4193 831 4246 alio
843 4189 1037 4260 monosyllabo
1049 4190 1086 4259 γῆ
1097 4184 1234 4261 rii-m,

120 4281 198 4347 γῆ·
206 4285 266 4344 θεν,
280 4280 358 4351 quod
370 4278 539 4350 Apollonios
551 4280 610 4345 401,
624 4279 650 4332 3.
663 4295 761 4352 parum
773 4283 839 4348 apte
852 4292 914 4331 cum
926 4272 1050 4348 ἀρχῆθεν
1061 4282 1213 4348 comparat.
