2736 4778
180 351 238 425 oe
372 405 416 415 ..
484 405 489 415 ,
552 346 871 419 DISSERTATIO
903 348 933 414 1.

176 534 303 611 etiam,
335 543 372 598 ut
399 534 571 600 Eustetlrio
602 536 730 601 videtur
761 535 858 611 1766,
886 535 937 599 53.
958 531 1211 620 pleonasticum‚
1241 531 1300 598 sed

190 634 441 723 praepositionis
474 629 543 702 ἀπό
572 636 660 703 vices
689 637 842 713 sustinet3
877 636 966 702 unde
998 634 1145 722 sequitur
1171 627 1300 722 ἀμείρω

175 736 322 824 ‚proprie
342 736 430 801 idem
453 737 559 802 valere
580 738 671 823 quod
693 733 905 824 ἀπομερίζω,
928 731 1154 822 ἀποόαίομαι,
1178 734 1300 812 divido,

188 836 248 903 sed
270 837 357 904 idem
379 861 439 924 per
453 839 720 925 consequentiam
737 839 802 904 diei
824 837 932 926 potuit
954 859 1014 925 pro
1041 832 1180 927 ἀφαιρῶ
1199 837 1299 903 viduo

188 939 255 1004 sive
270 940 445 1026 'privo³’).
490 941 578 1007 Hinc
603 964 722 1008 novum
746 942 883 1007 accessit
903 940 1145 1006 incrementum.
1188 940 1298 1028 Epim.

188 1039 295 1108 Crem.
317 1042 345 1106 Ι.
367 1040 419 1106 81.
442 1042 538 1126 παρὰ
559 1043 595 1109 τί
621 1042 728 1128 μείρω
750 1037 892 1128 ἀμέρσαι
914 1040 951 1109 τό
977 1034 1120 1126 ἀμοιρον
1141 1045 1298 1127 ποιῆσαι·

186 1141 224 1207 τὸ
257 1141 294 1209 de*
323 1135 518 1228 ἇσαμέρσαι
550 1143 786 1230 ἐπιτεταμένην
814 1141 880 1227 έχιι
908 1141 968 1231 τήν
996 1139 1164 1228 πρόθεσιν
1192 1137 1238 1220 τίς
1259 1143 1297 1210 τὸ

178 1244 423 1332 stupratores.
478 1245 641 1312 Similiora
675 1255 750 1309 sunt
789 1238 1014 1328 ἀφαμαρτεῖν,
1051 1237 1298 1328 ἀνταμντλακεῖν,

187 1338 388 1428 ἀνταμελεῖν,
418 1339 606 1432 ἀπατιμᾷν,
633 1346 685 1411 cui
705 1344 905 1432 praepositio
927 1367 995 1411 non
1016 1355 1167 1410 vacanter
1188 1343 1301 1409 addita

175 1457 237 1512 est.
257 1458 294 1511 ut
315 1448 348 1513 in
371 1447 481 1514 Schol.
504 1446 542 1512 ll.
569 1447 670 1512 XIII.
696 1449 766 1513 113.
790 1446 922 1523 dicitur,
940 1446 999 1511 sed
1019 1445 1188 1532 negationi
1208 1443 1301 1510 addit

186 1549 352 1616 notionem
374 1549 576 1614 redemtionis.
623 1548 708 1615 Cum
727 1544 921 1633 ἀμβροτιῖν,
944 1543 1120 1624 ἀπλακεῖν,
1141 1540 1298 1632 ἀμείρειν,

187 1651 339 1738 componi
370 1662 479 1738 potest
505 1674 625 1716 nomen
654 1645 823 1734 ἀτραπός,
857 1648 1018 1734 siquidem
1051 1648 1086 1713 id
1115 1672 1182 1715 non
1214 1649 1298 1715 viam

186 1744 362 1835 ἀτρειττον,
381 1764 416 1817 ut
428 1753 574 1838 plerique
585 1764 729 1818 veterum
742 1751 863 1827 volunt,
887 1750 1048 1837 significat
1067 1772 1175 1836 neque
1196 1750 1299 1822 πολύ-

186 1876 313 1938 τροπον
334 1850 406 1920 κατ’
428 1852 581 1921 ἐπίτασιν
607 1858 666 1919 τοῦ
690 1841 731 1920 ὀἷ
745 1864 781 1918 ut
800 1852 880 1917 EM.
903 1851 962 1916 sed
984 1851 1097 1916 callem
1120 1852 1246 1918 dedam
1266 1864 1300 1920 et

187 1945 482 2041 ἀποτετραμμένον
502 1953 537 2018 id
562 1967 611 2018 est
630 1956 788 2020 diversam
806 1977 826 2018 a
841 1952 893 2017 via
912 1952 1044 2041 publica
1065 1977 1149 2039 quae
1173 1953 1299 2022 facilior

186 2063 220 2121 et
247 2057 374 2142 planIor
408 2057 468 2123 sod
482 2114 485 2118 .
498 2057 604 2121 minus
634 2055 756 2121 directa
785 2078 858 2122 esse
884 2055 976 2120 solet.
1020 2055 1143 2122 Vinum
1166 2057 1298 2142 quidem

185 2181 253 2224 non
275 2159 366 2244 prelo
389 2159 503 2223 elisum
524 2157 583 2224 sed
605 2169 723 2244 sponte
742 2157 907 2245 profluens
928 2156 1100 2243 dupliciter
1118 2158 1299 2245 appellatur

187 2253 339 2341 ἀτραπὸς
365 2252 453 2338 οἶνος
482 2258 539 2324 καὶ
570 2253 783 2341 ἀπότροπος·
815 2263 956 2343 τραπεῖν
987 2256 1051 2344 γὰρ
1077 2257 1115 2325 τό
1148 2264 1300 2348 πατῆσαι

185 2359 265 2425 ΕΜ.
291 2359 361 2438 162,
383 2359 434 2425 25.
479 2359 568 2424 Hinc
595 2359 630 2424 in
658 2379 838 2424 sermonem
865 2358 998 2423 incurrit
1025 2358 1218 2443 adjectivum
1237 2360 1297 2426 lro·

185 2459 340 2528 merieum
363 2454 510 2544 ἀπτερος
531 2482 597 2546 quo
620 2459 813 2548 interpretes
835 2460 1005 2525 certissimi
1028 2459 1085 2527 τόν
1107 2456 1147 2528 ori
1167 2484 1299 2546 πτερω-

184 2556 243 2628 τόν
260 2566 476 2645 t'mpeuaotum
502 2563 569 2628 sive
596 2561 794 2628 involucrem
820 2561 995 2648 significari
1018 2570 1166 2639 censent,
1200 2584 1297 2648 ergu-

186 2663 284 2728 tiores
316 2662 448 2748 quidam
483 2665 676 2731 contrarium
707 2665 943 2746 volaticorum)
982 2662 1080 2749 alpha
1107 2662 1298 2728 intentivum

186 2784 258 2827 esse
283 2763 359 2842 rati,
391 2764 440 2830 vel
470 2760 724 2850 ἀποπετόμενοι
752 2763 920 2829 ueletiam
943 2760 1132 2848 ίσότττερον.
1175 2764 1299 2833 Iisdem

185 2862 337 2930 fluctibus
360 2865 524 2949 jactantur
552 2865 695 2931 adverbii
728 2866 943 2952 explicatores
973 2865 1007 2929 in
1038 2864 1118 2930 ΕΜ.
1152 2866 1222 2944 133,
1244 2867 1296 2933 34.

186 2958 359 3053 ἀπτερέως
371 2964 559 3056 αίφνιόίως·
582 2962 692 3035 Ἔστιν
715 2964 879 3054 ἀπωτέρω
902 2960 1054 3049 ἀπτέρω·
1077 2962 1298 3052 οὕτωςἩρω-

186 3064 315 3146 όιανός·
351 3062 442 3136 ’Ἐστι
464 3071 605 3154 ταχέως,
628 3065 785 3154 ἑτοίμως,
808 3065 1052 3156 ἀφροντίστως·
1076 3067 1109 3136 oi
1130 3068 1168 3137 et
1188 3063 1298 3158 ἀντρο-

185 3165 312 3254 6όμως,
336 3169 500 3258 ἐλαφρῶς,
523 3168 646 3259 ἡδέως·
672 3167 753 3240 ἔνιοι
774 3171 811 3238 δέ
834 3165 1056 3258 ἠμελημένως,
1078 3191 1143 3254 quo
1166 3170 1200 3236 in
1222 3170 1296 3238 loco

186 3271 333 3360 improbe
355 3273 544 3337 detruncato
568 3280 633 3334 tres
651 3270 830 3335 sententiae
848 3271 990 3357 proponi
1003 3271 1168 3349 videntum
1191 3274 1298 3361 prima

239 3523 284 3590 36)
296 3521 416 3579 Prorsus
437 3522 577 3580 disemum
595 3529 638 3579 est
657 3520 790 3594 ἀμέρδειν
808 3519 837 3577 τὸ
854 3521 1009 3597 ἀμαυροῦν,
1027 3528 1105 3598 quod
1116 3525 1296 3582 Grammatici

185 3615 293 3663 temore
305 3606 460 3664 immiscent
474 3609 580 3665 Teohn.
595 3610 635 3663 75.
649 3625 702 3662 nec
724 3606 813 3662 simila
831 3607 964 3682 ἀμέργων
981 3612 1163 3685 destringere,
1181 3611 1298 3668 etsihoc

184 3710 300 3768 quoque
312 3711 363 3764 pro
375 3692 508 3768 ἀφαιρεῖν
521 3693 631 3750 dicitur.

241 3780 285 3847 tt)
300 3779 364 3834 Hoc
371 3777 436 3849 jure
448 3778 541 3850 rejicit
549 3777 726 3835 Wernickius
736 3781 772 3835 ad
782 3779 888 3852 Tryph.
903 3798 927 3834 v.
939 3782 981 3835 85.
990 3779 1109 3854 Ἀττιέρρι
1123 3777 1206 3854 τόχιι,
1219 3783 1297 3854 quod

188 3866 292 3924 Pollux
305 3864 356 3920 IX.
373 3867 429 3918 lit.
443 3884 505 3920 cum
513 3863 552 3927 ὥς
560 3860 682 3936 τάχιστα,
695 3868 726 3922 ἰν
736 3863 811 3936 τάχει
821 3864 966 3938 conjungit
974 3874 1106 3939 tanquam
1114 3886 1297 3940 synonymum

185 3962 271 4025 poeta
284 3949 384 4023 aliquis
398 3952 433 4004 ‹le
444 3950 557 4007 homine
568 3950 614 4005 rel
626 3953 680 4007 deo
699 3951 800 4007 dixisse
812 3951 922 4006 videtur
934 3952 982 4022 qui
995 3953 1141 4010 celerrime
1153 3956 1297 4026 ίατιριιαὴτ

186 4039 245 4094 ales
258 4038 401 4095 incederet
419 4036 490 4093 sicut
501 4034 698 4091 Furiae'nulla
718 4037 826 4092 alarum
843 4054 898 4110 ope
914 4037 1028 4108 adjutae
1048 4050 1138 4096 terras
1155 4038 1298 4112 uarieque

185 4134 332 4197 permeant
348 4123 475 4198 ἀπτέροις
494 4118 638 4191 ποιήμασι
659 4129 688 4177 et
707 4123 853 4178 columnae
873 4124 1010 4192 quaedam
1028 4127 1084 4182 alio
1102 4125 1255 4181 translatae
1268 4124 1297 4181 in

185 4227 266 4265 suum
284 4211 376 4266 locum
398 4209 552 4283 remigrant
568 4206 691 4278 ἀπιέρως
707 4207 817 4273 clutton·
827 4211 916 4278 ἴχνεσι
927 4207 1066 4284 Lycophr.
1080 4215 1140 4268 621.
1152 4211 1201 4270 ubi
1213 4211 1299 4284 alpha

185 4292 350 4370 priuatirum
364 4298 512 4369 perspicue
525 4300 651 4367 apparet.
