2736 4778
137 344 181 411 80
524 339 803 411 Dtssneuaulo
827 341 882 410 VL
927 374 945 385 ⁴·

51 575 57 588 ,
138 505 276 571 ostendit
312 504 464 571 librorum
502 505 699 588 quorundam
739 507 896 588 scriptura
928 496 988 586 οὓς
1024 505 1095 574 τέκε
1123 500 1214 595 Ῥείη
1231 506 1265 590 ¹),

61 672 64 681 ,
137 609 286 691 vulgatae
307 626 382 674 vero
405 608 560 675 calculum
581 609 690 674 adiicit
710 608 911 679 Herodianus
933 609 969 674 ll.
991 608 1050 675 XV
1064 608 1124 674 187
1148 605 1178 675 oi
1201 609 1273 704 μὲνΙ

137 707 320 780 ἒκτοίτουσι
343 711 379 777 τὸ
402 714 439 788 ἶ,
463 711 518 797 ἐπὶ
542 711 579 780 δὲ
601 717 659 779 τοῦ
682 708 913 802 ἐπτρῤἡμοτος
934 713 1181 792 συστέλλουσιν,
1207 709 1264 779 ἵνα

136 814 333 890 descendendo
353 816 486 911 χέτητοι
498 809 543 894 ὥς
558 814 595 915 τὸ
611 814 699 895 „ruofi
711 810 841 901 ἀγαθὸν
852 811 1263 900 flolvoalnea“(111237),

136 914 326 1001 „o'odpaelpeo
359 921 458 1007 κρέα“
493 917 566 1003 (od.
587 916 635 983 IX
658 915 744 1000 347),
778 913 917 995 ‚eiham
943 915 1091 1000 τεύχοο“,
1124 937 1264 1001 quorum

78 1108 80 1113 ³
136 1023 363 1088 ultimumnon
384 1022 516 1105 legitur,
550 1021 608 1087 sed
628 1017 754 1098 ἔπτατο
775 1019 891 1103 τεύχεα
916 1020 974 1088 Od.
996 1021 1103 1087 XXIV
1131 1010 1208 1087 534.
1224 1060 1260 1070 —

139 1122 225 1192 Teoir
246 1124 496 1208 monosyllabum
518 1129 568 1191 est
588 1123 677 1189 Pind.
699 1123 790 1190 Nem.
812 1123 858 1190 Ill
882 1124 952 1190 127.

157 1232 160 1239 '
221 1231 266 1299 ἴα
288 1229 320 1293 in
343 1227 363 1298 ἆ
388 1234 582 1296 contractum
615 1246 687 1293 esse
714 1228 888 1306 nescimus;
921 1233 987 1313 μτᾶ
1022 1229 1107 1297 enin
1134 1247 1199 1294 non
1223 1247 1263 1295 ex

134 1331 240 1400 Ionico
261 1331 343 1415 μνέα
377 1336 482 1398 ortum
504 1331 645 1411 videtur,
679 1331 736 1397 sed
769 1350 789 1397 a
820 1330 917 1397 verbo
948 1326 1043 1415 μνᾶω
1066 1331 1191 1415 (Rham.
1217 1332 1261 1416 'ip

135 1436 214 1503 illud
235 1454 309 1501 vero
331 1453 351 1501 a
373 1434 473 1516 stirpe
494 1433 624 1514 verbali,
647 1435 731 1500 unde
751 1431 849 1519 μνεία
871 1434 997 1516 pendet
1013 1434 1094 1499 -E
1115 1434 1260 1517 proximo

135 1539 288 1606 accedunt
309 1536 508 1604 substantiva
530 1537 747 1603 declinationis
769 1538 1023 1622 imparisyllabae
1045 1539 1077 1603 in
1091 1539 1158 1627 ἷαῑ,
1179 1556 1259 1620 quo·

24 1697 27 1702 .
134 1661 205 1709 rum
216 1661 313 1709 unum
326 1642 471 1724 designat
481 1641 681 1707 Herodianus
704 1641 745 1707 ad
757 1640 793 1708 Il
805 1639 904 1709 Iulo
915 1641 953 1708 τὸ
971 1646 1057 1731 κῆρι,
1080 1635 1257 1728 οὐδέτερον

135 1744 214 1812 ὅταν
224 1739 257 1836 ᾖ,
272 1748 550 1832 προπεριοοᾶιαι·
574 1743 609 1810 ἐκ
621 1742 683 1831 γὰρ
696 1749 754 1812 τοῦ
765 1746 858 1832 adopt
870 1740 1095 1832 σονήλοιπται.
1107 1743 1255 1811 Alterum

134 1842 535 1931 subiungitGfioeroboseus
545 1845 620 1912 Gan.
627 1845 687 1912 381
703 1844 801 1934 ἔαρος
812 1847 867 1916 καὶ
878 1848 997 1937 κέορος
1009 1848 1063 1914 καὶ
1077 1847 1161 1914 κατὰ
1175 1851 1255 1935 apd·

133 1975 185 2020 oco
206 1944 287 2040 ἦρος
309 1949 364 2017 καὶ
388 1953 498 2037 κῆρος,
521 1949 771 2016 consuendo&
794 1951 914 2039 κέαρος
927 1951 979 2017 καὶ
993 1951 1090 2040 ἔαρος
1101 1950 1158 2017 καὶ
1170 1951 1255 2018 κατὰ

132 2051 320 2143 σοοαίρεσιτ
342 2045 442 2141 ἤγουν
464 2056 581 2139 κρᾶσιν
594 2044 672 2140 ἦρος
694 2052 748 2120 καὶ
771 2057 881 2150 κῆρας.
910 2054 959 2120 De
980 2055 1040 2120 hoc
1061 2055 1255 2121 contrarium

135 2160 254 2226 iudicat
265 2158 474 2224 Terentianus
496 2157 659 2223 deMetris
674 2156 710 2222 L.
722 2156 794 2223 IIv.
806 2156 869 2224 653
891 2158 993 2245 mapale
1014 2157 1154 2223 ααοὶοαοτ
1176 2179 1253 2223 esse.

130 2262 247 2329 Utrum
258 2261 364 2328 uerius
376 2262 426 2341 sit,
437 2278 540 2342 neque
551 2279 590 2325 ex
600 2265 705 2342 etymo
716 2261 939 2343 cognoscimus,
962 2263 1046 2344 quod
1058 2260 1183 2327 Graeca
1193 2261 1252 2327 lin·

131 2385 194 2451 gua
203 2384 265 2432 non
280 2363 421 2447 praebet
432 2382 535 2445 neque
547 2383 586 2429 en
595 2369 701 2430 aetate
713 2354 884 2431 auctorum.
917 2365 1074 2431 Homerus
1085 2366 1251 2450 unogeni-

130 2471 194 2536 tivo
206 2487 283 2535 usus
298 2472 348 2534 est
369 2472 403 2532 et
423 2467 482 2532 hoc
503 2467 635 2533 tribrevi
656 2466 762 2554 ἔαρος,
783 2469 942 2535 Hesiodus
952 2488 1028 2535 vero
1040 2465 1099 2558 ἔαρ
1110 2477 1146 2536 et
1156 2469 1253 2558 ἔαρος

130 2593 187 2657 per
210 2570 456 2655 synecphonesin
479 2572 605 2652 extulit;
628 2573 810 2639 adicereton
832 2573 968 2654 primum
984 2573 1098 2655 legitur
1115 2574 1148 2640 in
1159 2575 1200 2640 H.
1212 2574 1251 2640 H.

130 2679 162 2743 in
185 2676 254 2742 Ger.
267 2674 340 2754 455,
363 2673 447 2756 quod
468 2673 588 2740 frustra
610 2681 748 2742 attentat
762 2676 1015 2742 Schneidewinus
1031 2678 1072 2743 sd
1094 2677 1178 2760 ibyc.
1191 2676 1243 2742 87.

129 2780 189 2846 His
211 2778 327 2844 addam
349 2779 458 2864 φρέαρ
481 2797 501 2842 a
521 2780 618 2844 verbo
651 2779 717 2867 ῥέα
746 2780 922 2846 derivatum
944 2798 1015 2845 cum
1036 2780 1142 2861 genito
1166 2804 1249 2868 ppp-

129 2887 193 2950 ττῑν
228 2877 274 2960 ὡς
307 2885 415 2968 optor
449 2881 600 2948 Choerob.
623 2880 696 2948 461.
720 2881 770 2962 33,
806 2889 838 2948 et
871 2884 1062 2950 deminutivo
1097 2880 1249 2971 φρήρτοτ,

129 2988 263 3053 alterum
286 2984 384 3073 στέαρ
408 2991 505 3073 οτῆρ,
542 2989 661 3073 οτῆρος
693 2985 779 3068 apud
812 2986 980 3069 scriptores
1003 2985 1250 3066 infacundiores;

128 3090 286 3157 Homerus
308 3108 407 3154 unum
429 3088 567 3167 στέατος
595 3085 707 3154 extulit
728 3089 854 3155 modulo
876 3090 1042 3155 trochaico.
1109 3089 1142 3155 Si
1163 3091 1251 3155 valet

127 3194 237 3277 regula
259 3188 279 3279 ἡ
304 3188 422 3258 εὐθεῖα
457 3184 500 3257 αὖ
519 3188 708 3276 διαλύεται,
743 3193 897 3275 bisyllaba
929 3193 1159 3275 primitivorum
1181 3193 1249 3259 loco

128 3299 198 3364 duci
221 3300 347 3379 oportet
368 3295 496 3377 [Parsll.
520 3294 584 3379 75].
607 3296 708 3360 -In
737 3299 788 3373 αἱ
812 3316 909 3362 unum
932 3297 997 3363 exit
1018 3297 1129 3385 κρέας,
1164 3296 1248 3362 unde

127 3406 324 3483 compactum
346 3401 426 3484 κρᾶς
447 3398 623 3481 Hesychius
645 3399 745 3481 affert
769 3401 912 3466 sednon
932 3405 1069 3481 constat,
1092 3401 1182 3466 cuius
1206 3401 1249 3465 sit

127 3505 266 3583 dialecti;
290 3505 369 3591 κρῆς
390 3501 540 3567 Doricum
563 3503 684 3568 dicitur.

211 3607 259 3673 De
281 3606 429 3689 prosapia
450 3607 617 3672 uerborum
638 3607 700 3672 huc
723 3607 894 3672 arcessitur
916 3605 1135 3689 imperfectum
1158 3605 1247 3672 verbi

126 3710 323 3791 substantivi,
352 3709 391 3774 de
414 3728 475 3791 quo
498 3710 608 3791 longas
631 3709 780 3792 ambages
802 3711 901 3775 nectit
922 3708 1159 3776 Choeroboseus
1181 3707 1246 3776 866

124 3814 273 3900 primitivi
306 3814 373 3878 loco
405 3831 525 3895 ponens
559 3804 621 3890 εἶν,
655 3814 728 3879 hino
761 3819 867 3879 autem
895 3813 1142 3895 diphthongos?
1166 3814 1198 3877 in
1229 3814 1245 3904 ᾖ

123 3923 247 3984 mutata
269 3919 411 3984 extitisse
432 3909 473 4006 ᾖν
495 3922 528 3981 et
561 3918 678 3982 omisso
711 3935 775 3981 una
801 3935 872 3981 cum
901 3922 918 3987 l
951 3917 1016 3982 iota
1036 3915 1189 3983 ineffabili
1211 3910 1243 4001 ἦ,

124 4042 185 4105 quo
207 4024 329 4089 Atticos
351 4020 477 4103 proprie
499 4020 546 4084 uti
568 4020 628 4100 ait,
651 4020 743 4086 Iones
765 4038 839 4086 vero
861 4019 921 4086 hoo
943 4021 1115 4086 dissolvere
1137 4021 1170 4086 in
1192 4018 1243 4087 ἔα.

123 4176 281 4188 ὺ--ι---
292 4182 328 4188 ...-

192 4260 219 4328 1)
245 4263 328 4316 Nemo
355 4263 405 4336 κρῆ
423 4264 537 4318 scribere
556 4263 680 4317 sustinuit
697 4263 826 4334 singulari
853 4266 918 4337 κρῆς
935 4266 1064 4332 conlisus,
1090 4279 1176 4334 nequo
1193 4266 1245 4318 init

122 4351 168 4419 qui
182 4345 227 4417 Ῥῆ
246 4352 444 4418 Pherecydeum
461 4354 577 4405 Homero
594 4352 741 4420 affingeret.
