2736 4778
233 308 235 312 ’
284 326 342 393 na
364 324 761 397 Paoscnmmrrsmo.
804 324 840 391 r.
851 326 877 392 1.
900 324 933 392 ο.
945 325 969 391 1.
993 326 1020 412 §-
1032 326 1061 392 2.
1185 325 1243 392 ιον

127 490 342 575 ambiguitatis
364 491 493 571 babeat,
521 510 613 557 nemo
634 492 766 573 ignorat.
792 527 828 538 -
855 488 918 556 Sed
939 488 1028 556 nefas
1051 491 1131 556 duco
1152 510 1244 573 prae·

126 595 304 660 termittere
327 594 474 677 antiquae
498 595 659 661 doctrinae
686 593 856 661 frustulum
889 594 921 658 in
955 593 1049 659 schol.
1072 592 1109 658 Il.
1132 593 1244 659 11135

126 704 300 764 servatum:
325 689 430 787 ιόχρός
451 699 487 764 τί
504 724 560 776 μιν
575 688 643 764 εἷλε
667 691 815 782 παροιό
841 733 876 743 -
897 692 1245 775 οἱίτιοςόξαιόνοιςκαί

123 801 223 888 χωρὶς
245 804 304 867 τοῦ
325 803 360 880 ὂ,
382 801 496 885 quibus
522 800 699 868 subtexitur
709 798 820 880 regula
842 799 1245 880 deaccentuHerodianea,

127 911 196 970 tum
218 904 264 970 sie
284 902 367 971 finit:
390 904 472 990 φασί
486 905 599 988 μένιοι
610 900 827 993 Ἀριόταρχον
839 903 894 969 καί
904 898 1148 991 Ἀριστοφάνην
1164 897 1244 988 γρό·

128 1031 204 1094 φειν
226 1004 395 1091 παρειάς
422 1008 480 1074 σὺν
503 1012 549 1096 τῷ
571 1009 599 1086 ξ,
622 1004 740 1095 ἐπειδὴ
764 1007 818 1075 καὶ
841 1000 1011 1091 παρειάων
1034 1003 1139 1090 λέγει,
1162 1023 1245 1086 quae

126 1110 277 1177 Lebrsius
299 1112 341 1177 ad
362 1111 498 1177 eundem
510 1116 669 1177 auctorem
692 1110 797 1177 refert.
843 1108 906 1175 Sed
918 1108 1109 1174 contrarium
1131 1108 1246 1173 dicitur

126 1214 167 1279 ad
188 1213 224 1279 ΙΙ.
238 1213 340 1280 XXII.
363 1201 665 1299 491όεόόκρυνται
689 1215 725 1283 δὲ
749 1211 938 1300 παρειαί-
954 1208 1167 1297 Ἀρίσταρχος
1189 1206 1243 1276 οὗ·

127 1318 263 1403 δετίριος
286 1312 419 1403 παριιό,
443 1317 527 1399 quod
548 1317 683 1401 Didymo
705 1318 817 1384 tribuit
839 1315 1039 1383 Schmidtius.
1083 1314 1168 1396 Ergo
1190 1324 1244 1381 ne·

125 1439 213 1487 cesse
236 1425 294 1501 est,
317 1426 374 1487 ant
394 1421 483 1487 illum
512 1427 653 1487 mutasse
675 1421 865 1487 sententiam
887 1425 943 1485 aut
965 1424 1126 1500 postrema
1147 1418 1245 1484 verba

125 1524 206 1589 alius
229 1525 392 1591 cuiusdam
414 1543 495 1591 esse.
540 1514 630 1601 Quod
652 1530 758 1597 autem
781 1523 823 1590 ad
843 1521 1041 1605 probandum
1060 1518 1245 1586 femininum

125 1629 225 1693 utitur
246 1629 393 1711 genitivo,
415 1629 449 1693 id
471 1628 549 1693 satis
573 1627 655 1710 signi
677 1631 736 1709 est,
757 1627 897 1709 ignotam
919 1625 949 1692 ei
972 1623 1070 1689 inisse
1092 1623 1243 1704 regulam,

125 1731 167 1795 ad
188 1750 284 1814 quam
305 1731 365 1797 viri
387 1730 724 1813 gravissimiversuum
742 1730 899 1796 clausulas
921 1731 1065 1812 redigere
1082 1733 1244 1794 conantur.

210 1832 380 1899 Nominum
402 1829 612 1920 Πάτροκλος,
635 1827 784 1922 ἡνίοχος,
808 1828 953 1919 αἰγίοχος
975 1849 1068 1899 casus
1090 1833 1244 1913 quosdam

124 1942 237 2020 poetae
272 1937 313 2002 ad
334 1938 461 2002 tertiam
484 1936 724 2003 declinationem
747 1936 930 2018 traducunt,
963 1938 1179 2020 Πατροκλῆος
1212 1940 1245 2000 et

124 2033 272 2126 ἧοιοχῆος
281 2039 419 2120 Homer,
443 2034 697 2127 όόροχοῆϊλιολ
720 2038 784 2105 388
807 2037 1072 2106 etNonn.XXIII
1092 2035 1163 2118 315,
1187 2036 1244 2103 sed

123 2143 157 2208 in
179 2143 265 2208 exitu
287 2142 444 2209 Homerus
467 2141 693 2232 Πατρόκλοιο,
716 2138 878 2230 ἡνιόχοιο,
912 2139 1092 2229 αἰγιόχοιο,
1127 2141 1245 2207 Aratus

61 2316 63 2320 ⁴
123 2244 187 2311 283
208 2240 404 2333 όόροχόοιο,
428 2246 559 2314 Nonuus
580 2265 656 2314 vero
678 2247 788 2313 addita
807 2246 930 2312 morula
951 2245 967 2310 I
992 2245 1062 2326 178,
1085 2243 1157 2325 313,
1181 2242 1241 2310 361

124 2353 183 2414 etc
205 2344 357 2437 ἡνιοχῆος
377 2350 502 2432 maluit,
531 2352 610 2417 duos
633 2352 796 2418 continuos
817 2367 929 2416 versus
950 2347 1105 2414 XXXVII
1126 2347 1188 2413 275
1212 2352 1245 2415 et

125 2450 187 2518 276
209 2453 468 2520 homoeoteleutis
486 2455 682 2536 concludens,
706 2455 829 2538 idemqe
841 2452 1025 2537 saepissime
1036 2445 1244 2534 metaplasmo

122 2557 244 2638 poetico
266 2560 458 2647 Δηριαόῆος
478 2558 588 2624 utitur.

209 2660 412 2728 Heteroclitis
440 2662 563 2728 accedit
594 2661 769 2744 epitheton,
803 2661 842 2726 de
873 2678 935 2742 quo
957 2657 1145 2725 Eustatbius
1179 2657 1243 2723 dis·

124 2765 203 2830 serit
227 2762 317 2830 1462.
355 2764 394 2831 18
417 2760 595 2849 δυνάμενος
617 2760 636 2829 ό
656 2761 797 2852 ποιητὴς
820 2759 1115 2848 ποικιλόμητιν
1138 2757 1244 2828 εἰπεῖν

124 2865 250 2951 ὁμοίως
270 2873 317 2955 τῷ
340 2860 509 2955 εόμητιν
530 2867 586 2934 καί
615 2863 859 2954 πολύμητιν,
889 2861 948 2932 οὐκ
971 2861 1115 2956 ἔγραψεν
1138 2859 1244 2942 οὕτως

124 2966 367 3054 ἐνδεικνύμενος
389 2969 509 3049 ἐξεῖναι
532 2969 587 3035 ναί
611 2965 699 3035 οὕτω
717 2966 856 3055 γράφειν
879 2968 934 3034 καί
958 2967 1073 3045 οότως.
1109 2967 1242 3033 verum·

124 3080 231 3140 tamen
252 3092 334 3156 quae
356 3073 514 3151 Homerus
537 3073 577 3138 de
599 3072 658 3138 boc
679 3089 795 3153 genere
817 3070 977 3151 delibavit,
1002 3071 1144 3136 diversas
1167 3085 1240 3134 cau·

124 3195 177 3243 sas
199 3176 326 3244 babent.
371 3171 564 3264 Πολόμητις
585 3174 672 3255 illud,
694 3174 856 3257 proprium
879 3178 911 3238 et
931 3177 1120 3255 perpetuum
1140 3171 1242 3238 Ulixis

124 3279 294 3361 epitheton,
317 3284 350 3345 et
372 3275 552 3366 δολόμητις
573 3278 933 3360 versuslegetenentur,
957 3294 1020 3360 qua
1036 3275 1157 3341 sancita
1170 3280 1244 3340 sunt

123 3383 326 3449 consonantia
347 3378 550 3471 ἅγλαόμητις
565 3381 666 3448 Proel.
677 3380 791 3464 Hymn.
803 3386 836 3447 et
847 3379 1024 3463 Tryphiod,
1048 3374 1244 3464 αἰολόμητις

123 3485 251 3552 Hesiod
274 3485 404 3569 Theog„
438 3484 601 3572 θεόμητις
627 3490 660 3550 et
681 3481 860 3571 ταχόμητις
881 3482 997 3564 Noun,
1031 3478 1244 3570 θρασόμηιις

122 3589 248 3655 Anthol.
295 3587 358 3655 Sed
378 3589 433 3655 ubi
455 3588 589 3655 liberum
611 3588 657 3654 illi
678 3586 738 3654 fuit
760 3604 886 3654 sumere
907 3587 993 3669 quod
1013 3586 1123 3667 vellet,
1150 3604 1242 3668 prae·

122 3693 243 3774 optavit
264 3693 413 3758 alierum:
437 3689 602 3779 δαΐφρονα
626 3687 878 3779 ποικιλομήτην,
902 3690 1006 3757 τίιιετσ
1030 3685 1160 3774 Κρόνος
1182 3683 1241 3773 όγ-

122 3792 321 3883 ιιυίομήτης,
346 3801 379 3861 et
400 3795 558 3861 Hesiodus
581 3813 705 3879 quoque
726 3791 872 3881 Σίσυφος
894 3789 1095 3882 αἷσλομὴτης
1116 3794 1241 3874 Fragm.

123 3898 248 3964 XXXII
271 3898 345 3983 (lv)
367 3903 401 3964 et
422 3895 472 3966 lae·
485 3895 616 3983 Κρόνον
637 3892 866 3984 ἀγκυλομήτην
878 3896 993 3979 Theog.
1020 3896 1067 3976 19,
1091 3916 1152 3977 quo
1174 3897 1241 3962 loco

122 4002 245 4086 codices
258 4002 379 4084 aliquot
400 4001 587 4066 adalterum
600 3999 796 4079 aberrarunt,
819 3999 954 4065 sicutfin
976 3999 1012 4063 Il.
1036 3999 1081 4063 IV
1103 3998 1241 4064 59·olim

123 4104 336 4186 scribebatur,
370 4104 427 4172 sed
461 4102 614 4170 aWolfio
647 4109 822 4169 correctum
854 4107 920 4182 est,
956 4096 1178 4189 οἳμολομὴτης
1200 4101 1240 4167 Η.

121 4208 160 4274 Η.
183 4210 216 4274 in
238 4208 333 4274 Merc.
360 4207 414 4288 13;
438 4203 617 4296 δολόμητις
638 4226 712 4273 vero
734 4207 766 4271 in
789 4204 929 4271 clausula
950 4223 1061 4270 versus
1082 4203 1242 4272 Homerici

122 4311 264 4380 feminini
296 4319 346 4379 est
367 4312 499 4396 generis.
525 4347 560 4357 -
597 4310 747 4379 vocativo
769 4308 893 4392 generis
916 4308 1088 4375 communis
1117 4300 1241 4378 όκλο·
