2736 4778
141 338 206 403 nn
221 330 491 402 enosrnssr
505 330 568 397 ur
584 330 847 399 sensnum.
864 330 1007 402 cvm.
1022 336 1047 419 ς.
1056 333 1106 399 10.
1133 336 1200 408 τοι

87 521 140 587 hia
162 520 281 587 similis
303 515 494 605 germanica
517 516 701 589 Erdbodea.
732 516 947 602 Vatterfltttlt,
979 518 1204 587 Fruersbrtttttt

89 617 272 708 (παριαὲαὒ
304 618 532 685 observatione
559 616 614 680 vix
642 615 742 702 digna
769 614 927 683 ducimus.
984 620 1054 686 Sed
1081 621 1123 685 ad
1148 621 1204 687 illa

86 724 193 810 magis
215 721 341 786 attendi
361 729 503 806 oportet,
526 739 612 805 quae
629 739 671 782 ex
685 714 853 783 vocabulis
871 739 1005 805 prorsus
1020 720 1203 787 indiscretis

87 833 258 898 coustant3
282 824 377 907 cujus
397 819 524 907 generis
547 817 601 884 isti
625 841 727 884 uuum
747 818 888 884 afferunt
908 815 1146 906 ἔναρσκτοίντης
1161 822 1202 887 sb

89 925 260 1011 Aeschylo
280 924 407 1000 fictum,
435 922 502 987 duo
520 920 591 985 'alia
619 918 755 1006 praebet
785 918 943 987 disiectus
970 919 1113 1006 udgaris
1140 945 1204 1008 φο-

91 1023 308 1109 maeoseu)
327 1035 359 1090 et
370 1018 604 1110 μορμδφαβσς,
620 1021 710 1106 quod
722 1020 864 1087 Photias
877 1020 1034 1108 aequales
1051 1042 1129 1087 suos
1143 1044 1203 1109 pm

90 1124 334 1207 μορμολύκειον
353 1143 510 1210 usurpare
533 1121 621 1187 dicit
654 1123 748 1188 Haec
768 1134 877 1188 autem
894 1123 1041 1208 ejusdem
1059 1122 1204 1188 notionis

88 1225 219 1290 iteratio
242 1223 408 1312 emphasin
429 1222 525 1288 affert
546 1224 706 1290 atrocitati
729 1226 776 1290 rei
797 1225 999 1312 significatae
1017 1244 1202 1291 accommo-

85 1327 208 1390 datem.
251 1326 366 1411 anue
394 1324 564 1412 gravitatis
591 1324 674 1390 ratio
698 1325 778 1390 mihi
802 1348 871 1393 uon
895 1325 1012 1393 abesse
1032 1325 1159 1391 videtur
1183 1347 1203 1392 e

83 1426 218 1492 nomine
240 1424 448 1510 λασσομανία
474 1421 765 1510 σλ-οἶστρσμανία,
796 1427 915 1513 quibus
941 1428 1120 1514 respondet
1140 1429 1201 1494 do·

85 1528 256 1595 masticem
277 1527 442 1595 Τοίίιοειίλ.
469 1524 533 1592 Ille
548 1527 682 1612 quidem
695 1529 838 1595 novitiae
853 1539 930 1594 sunt
946 1530 1203 1607 eonsuetudiuis‚

84 1640 212 1695 veteres
244 1637 352 1693 eutem
384 1627 554 1712 disjunctis
583 1639 719 1693 utuntur
749 1628 855 1699 λυσσὰ
876 1629 1000 1712 μανίας
1023 1650 1054 1694 τ.
1077 1629 1122 1693 ad
1145 1631 1202 1715 Aj.

86 1753 119 1816 p.
144 1729 216 1794 194.
240 1740 273 1794 et
294 1726 474 1817 οίστρῆσαι
494 1729 630 1812 μανίαις
650 1728 729 1796 Eur.
750 1731 873 1798 Bacch.
894 1731 946 1797 32.
977 1731 1081 1797 Addo
1104 1732 1202 1796 etiarn

88 1828 254 1918 ἀσήκορος
281 1828 316 1894 id
343 1841 392 1895 est
418 1828 528 1896 taedio
549 1830 666 1910 lessus,
688 1826 856 1921 δσηκορία
877 1854 1000 1899 nausea
1022 1845 1055 1899 et
1077 1835 1201 1899 cornice

85 1932 198 1997 fictum
227 1929 615 2019 ψαμμακοσιογάργαρα.
664 1933 746 1998 -Nou
775 1934 840 1998 alia
866 1945 917 1999 est
939 1956 1038 1999 eausa
1063 1937 1201 2018 conjun-

86 2032 205 2098 ctionis
225 2031 399 2098 verborum
418 2032 583 2110 vertendi,
606 2030 759 2098 volvendi
781 2034 1039 2118 torquendique,
1063 2056 1203 2116 quorum

87 2144 179 2198 tante
199 2142 251 2198 est
269 2133 367 2221 eopia
385 2142 422 2197 ut
442 2154 544 2220 seepe
568 2134 728 2219 gregatim
757 2156 794 2198 se
817 2133 954 2198 offerant
974 2132 1202 2218 loquentibus:

88 2234 256 2321 στρέφειν,
277 2236 386 2311 sesto,
409 2230 520 2313 εἶλιῖν,
543 2235 682 2301 κυκλεῖν.
725 2235 814 2301 Hinc
836 2245 887 2302 est
909 2235 1001 2322 quod
1014 2228 1201 2322 Aeschylus

88 2336 134 2400 de
157 2332 270 2400 avibus
297 2334 413 2400 nidum
441 2334 574 2401 assidue
595 2335 927 2404 circumvolitantibus
954 2338 1037 2405 dixit
1053 2331 1201 2426 Ισ’τροηνσ·

88 2439 261 2505 δινεῖσθαι·
285 2436 350 2502 ltoc
377 2446 428 2501 est
455 2436 490 2500 iu
518 2436 632 2503 orbem
655 2437 844 2527 circumagi,
872 2442 1039 2507 Homerus
1058 2460 1137 2503 vero
1160 2439 1201 2505 de

87 2538 246 2624 vertigine
268 2538 438 2605 oetrlorum
458 2539 719 2624 στρεφεδίνηθεν
742 2542 780 2608 δέ
801 2538 834 2608 oi
859 2534 954 2618 door,
984 2538 1053 2605 hoe·
1071 2549 1137 2613 est,
1167 2550 1203 2603 ut

86 2639 287 2727 Apollonius
305 2640 340 2705 in
352 2641 437 2705 Lex.
458 2639 699 2727 iuterpretatur,
722 2641 899 2730 δμηθέντα
917 2638 1079 2728 ἐστράφη,
1101 2639 1202 2725 idque

87 2741 291 2809 scholiastes
318 2741 358 2807 Π.
380 2740 479 2809 XVI.
501 2740 573 2805 ⁷92.
597 2741 640 2805 ed
664 2741 803 2807 eundem
825 2742 986 2809 rationem
1014 2740 1200 2829 significan-

85 2843 151 2908 tiae
173 2852 320 2909 revocat:
343 2841 380 2910 dn
401 2836 467 2911 δύο
483 2834 656 2924 ὀνομάτων
677 2843 715 2911 τὸ
739 2839 822 2911 αὐτὸ
844 2841 1030 2931 δηλούντων
1046 2851 1203 2931 τραχεῖαν

84 2944 223 3022 συνθείς
243 2942 304 3032 τὴν
324 2942 559 3030 προςηγορίον,
580 2943 639 3029 τὴν
659 2941 737 3026 βίον
766 2948 827 3031 τῆς
852 2946 982 3030 πληγῆς
1003 2941 1200 3030 παρίστησι.

87 3043 247 3112 Similiter
264 3045 322 3109 Ius
338 3042 449 3108 lurore
466 3052 636 3129 correptae
656 3044 895 3128 τροχοδινεῖται
918 3037 1043 3124 ὄμματ’
1071 3042 1203 3130 ἑλίγδην

85 3149 200 3212 Pron.
221 3145 296 3213 901.
315 3165 423 3231 neque
442 3140 534 3206 aliter
548 3152 736 3228 comparata
751 3152 826 3207 sunt
840 3138 1001 3226 adjectiva
1016 3141 1202 3228 ε’λιλίστρο·

85 3270 168 3333 ηας,
196 3246 430 3322 κακλοίλαιτος
458 3253 492 3308 et
518 3241 832 3330 στρογγυλοδίνητος
857 3243 1057 3329 verbumque
1082 3266 1203 3329 orpora

85 3347 294 3435 φσγαρίζειν,
328 3347 421 3431 αράτ
454 3353 603 3410 suctores
637 3345 791 3432 producit
817 3346 876 3412 Du
904 3345 1063 3433 Caugiue.
1118 3343 1204 3412 Cum

85 3448 316 3536 στρεφεδινεῖν
335 3446 529 3514 Eustathius
543 3446 617 3525 436,
632 3446 685 3512 45.
711 3448 879 3534 componit
899 3443 1089 3533 δροθιίντιν,
1112 3447 1203 3533 quod

88 3549 208 3617 Orion.
240 3548 312 3627 117,
338 3549 390 3615 28.
418 3547 543 3635 duplici
563 3548 688 3614 ratione
711 3550 834 3616 enodat
855 3546 950 3635 παρὰ
972 3547 1009 3615 τὸ
1029 3552 1124 3637 dodoi
1146 3556 1203 3639 ρο·

85 3647 182 3717 δύντα
205 3649 263 3716 καί
284 3651 486 3738 πλεονασμῷ
511 3636 614 3717 τοῦδ
635 3645 806 3736 ὀροθύνει·
832 3645 854 3737 ἢ
876 3648 971 3737 παρὰ
992 3648 1032 3718 τὸ
1054 3643 1126 3738 δ’ρω
1145 3653 1203 3720 καί

85 3746 200 3817 diver·
222 3749 258 3816 ἐν
283 3754 331 3838 τῷ
356 3749 436 3835 περὶ
458 3754 583 3819 παθῶν
598 3744 820 3838 Ἡριαδιανός,
850 3749 902 3817 hic
932 3763 1039 3818 autem
1062 3753 1202 3819 fortasse

86 3858 237 3917 neutram
268 3851 443 3941 proposuit
472 3850 531 3917 sed
563 3850 672 3941 potius
702 3851 806 3931 illem,
834 3854 869 3919 in
898 3876 996 3941 quum
1021 3854 1133 3922 Schol.
1161 3855 1200 3918 Il.

157 4106 204 4174 5²)
221 4104 268 4159 Sic
284 4103 368 4159 etiem
382 4104 546 4160 Eustutbius
563 4105 751 4179 Proserpinae
770 4124 871 4162 nomen
891 4104 1015 4161 ererbis
1035 4107 1157 4176 φθέρσαι
1172 4113 1201 4160 et

84 4195 225 4264 φονεῦσαι
245 4188 431 4261 compositum
448 4199 530 4261 putet
547 4193 610 4257 iti,
624 4194 666 4246 so.
697 4192 783 4263 Apud
801 4190 973 4261 Hesychium
985 4187 1203 4261 Ἕναραιιιάντας

85 4272 300 4349 ηθογγόσκοτος
317 4275 496 4332 scribendum
513 4285 557 4332 est
575 4271 753 4349 η-σνοιτίνος.
