2736 4778
177 384 237 452 102
567 379 845 447 DISSERTATIO
877 379 931 445 VI.

175 555 267 616 vetus
290 545 502 615 controversia
518 544 768 612 denominativis
779 544 1016 627 perispomenis
1040 563 1174 626 quorum
1186 544 1307 612 crebre

175 653 292 720 mentio
326 650 411 734 apud
433 649 665 731 grammaticos
700 641 809 733 ἀργῆς,
845 649 974 735 διιφιῆς
998 653 1067 727 etc,
1100 647 1158 712 sed
1180 648 1304 714 nullius

175 755 385 823 nominativus
417 753 533 834 legitur
554 754 682 834 praeter
704 753 811 836 τιμῆς,
845 755 879 815 et
912 751 953 824 id*
967 768 1090 832 quoque
1112 750 1304 818 Aristarcho

174 865 241 924 tam
262 857 400 922 insolens
419 856 530 935 visum,
552 860 589 920 ut
610 853 643 918 in
664 852 832 919 Homerico
854 853 922 919 loco
945 848 1059 920 οὐκέθ’
1084 849 1174 935 ὅμῷς
1200 858 1304 943 τιμῆς

176 960 269 1027 ἔσεαι
291 977 348 1041 pro
370 957 508 1040 genitivo
530 957 689 1039 acciperet
704 943 1175 1039 suffragantibusbaudpaucis.
1209 957 1304 1025 Inter

175 1062 322 1129 adjectivi
343 1066 493 1143 patronos
515 1059 729 1124 controversia
750 1057 825 1137 fuit,
848 1064 954 1124 utrum
977 1063 1074 1146 τιμῆς
1096 1059 1302 1127 scribendum

175 1166 219 1230 sit
240 1165 308 1229 sine
341 1164 415 1241 iota
438 1181 479 1227 an
500 1161 606 1243 potius
628 1167 728 1249 τιμῇς
748 1166 859 1243 utpote
881 1179 920 1226 ex
943 1159 1069 1249 τιμήεις
1090 1167 1301 1230 contractum

174 1268 244 1334 Hoc
265 1267 368 1332 reiicit
387 1263 597 1343 Herodianus,
620 1265 695 1347 quia
717 1264 823 1330 nullus
844 1265 1055 1330 nominativus
1081 1267 1207 1348 generis
1231 1285 1301 1334 ma

176 1369 287 1437 sculiui
299 1366 527 1450 diphthongum
543 1367 789 1449 impropriamin
801 1368 936 1434 catalani
946 1368 1072 1449 habeat,
1094 1389 1123 1434 v.
1135 1368 1300 1436 Elemml

175 1470 249 1551 342,
283 1470 340 1535 sed
372 1471 431 1536 hoc
458 1469 591 1535 minime
624 1468 798 1535 absterruit
818 1469 981 1552 Wolfium‚
1014 1473 1090 1554 quin
1123 1473 1190 1538 iota
1222 1473 1299 1539 aub-

176 1572 348 1654 scriberet,
383 1577 479 1655 atque
510 1571 584 1638 huic
623 1571 807 1655 adstipulati
844 1577 920 1638 sunt
955 1575 1093 1640 editores
1125 1575 1299 1642 novissimi.

176 1675 378 1742 Thierschius
401 1693 475 1741 vero
497 1693 629 1757 gramm.
655 1671 724 1740 199.
747 1673 767 1740 6
799 1676 917 1742 retinet
937 1678 1107 1759 pristinum
1129 1681 1228 1765 τιμῆς
1250 1680 1299 1744 in·

175 1778 305 1844 teliectu
327 1778 474 1845 adiectivi
496 1778 652 1860 simulque
674 1777 884 1859 suspicionem
906 1779 1010 1862 infert
1032 1798 1072 1846 ne
1095 1780 1154 1847 hoc
1168 1781 1299 1863 quidem

174 1881 208 1946 in
228 1899 321 1946 usum
343 1881 530 1963 perductum
553 1899 624 1947 esse
645 1880 882 1964 Homerumque
904 1878 1033 1970 τιμήεις
1055 1885 1231 1967 scripsisse,
1265 1884 1299 1949 id

175 1989 283 2051 autem
305 1985 380 2066 quia
411 2001 469 2065 pro
503 1983 641 2067 spondeo
669 1984 812 2065 auditur,
844 1987 1070 2067 pronunciasse
1093 2006 1165 2053 cum
1186 2006 1297 2071 synec-

176 2086 309 2170 pbonesi
331 2085 421 2171 [Gap.
443 2085 494 2151 III
515 2087 543 2172 §-
559 2086 604 2172 3].

116 2199 124 2209 '
261 2189 349 2260 aa
369 2187 395 2273 ἦ
416 2174 537 2255 nullam
569 2180 653 2255 inter
686 2208 721 2254 sa
743 2171 928 2256 societatem
955 2191 1079 2273 ineunt;
1112 2209 1187 2258 nam
1212 2194 1298 2276 quod

174 2293 329 2360 Arcadius
352 2292 429 2358 dicit
449 2289 500 2357 25.
523 2290 544 2356 4
578 2289 709 2379 πλήρης
728 2288 922 2379 βαρύνεται,
946 2293 1097 2382 πληήρης
1119 2292 1199 2381 γάρ,
1233 2296 1297 2363 for·

173 2397 259 2463 sitan
282 2393 429 2484 πλιὴρης
460 2394 637 2477 scripserit,
671 2394 728 2460 sed
760 2414 800 2461 ne
831 2395 891 2462 hoc
913 2397 1040 2478 quidem
1053 2398 1216 2477 ,usitatum
1238 2406 1297 2482 est

174 2518 278 2583 neque
300 2499 401 2581 magis
424 2495 600 2586 πλειήρης,
632 2499 716 2564 uude
738 2497 810 2564 EM.
833 2497 906 2565 676.
928 2496 970 2564 54
992 2500 1071 2566 illud
1093 2506 1198 2567 ortum
1219 2502 1299 2569 dicit

175 2605 258 2671 κατὰ
282 2597 450 2686 ovyaom‘o
473 2600 555 2683 [Vol.
578 2598 703 2683 1339}

262 2705 433 2770 Coniuncto
475 2702 643 2767 tractanda
686 2709 760 2769 sunt
794 2709 856 2789 ἠ’-ἰ
901 2710 934 2771 et
976 2709 1057 2790 ἦῑῖι.
1124 2707 1297 2792 Analogiae

175 2810 264 2875 fines
286 2808 378 2888 longe
411 2805 535 2871 excedit
566 2807 765 2888 participium
798 2808 830 2873 in
852 2809 999 2892 Aeschyli
1020 2809 1126 2891 Frgm.
1148 2809 1219 2876 Laii
1241 2810 1297 2878 CV

175 2912 240 2995 (Fr.
277 2911 336 2976 inc.
373 2908 463 2974 XXV
498 2927 568 2991 pag.
605 2908 665 2975 138
703 2911 751 2978 ed.
783 2910 936 2994 Wagner)
973 2915 1110 2996 κεκμῆιι
1145 2912 1298 2995 μαλκίων

177 3012 274 3090 ποδί,
313 3013 397 3095 quod
429 3012 595 3078 Bekkerus
634 3015 824 3079 intentatum
860 3014 1007 3097 reliquit,
1045 3013 1207 3080 Nauckius
1243 3015 1296 3082 Fr.

176 3118 277 3182 CXVI
303 3117 492 3182 tentamenti
524 3116 627 3198 gratia
659 3110 822 3202 κειμηιῦιι
856 3118 1020 3201 proposuit
1043 3117 1200 3200 synizesin
1221 3137 1296 3185 eeu·

175 3225 324 3287 causatus
348 3220 477 3301 tragicis
499 3220 673 3298 insolitam,
698 3219 844 3301 equidem
866 3221 898 3285 in
920 3221 1026 3286 adnot
1049 3220 1090 3286 ad
1112 3220 1295 3288 Buttmann.

175 3342 205 3406 p.
220 3322 282 3388 212
295 3341 320 3387 s
343 3320 456 3407 κάμνω
479 3319 603 3408 ἀκμῆτι
624 3326 662 3386 ut
682 3321 850 3404 Hipponax
871 3323 904 3386 in
927 3321 1099 3389 Choliamb.
1121 3323 1173 3388 Fr.
1189 3344 1219 3407 p.
1235 3325 1296 3392 120

175 3427 223 3492 ed.
246 3426 340 3491 Mein.
364 3421 488 3511 ἇὸμῆιι
514 3422 736 3511 προσπιαίων
760 3420 869 3512 κώλῳ,
903 3427 1077 3507 eodemque
1099 3425 1224 3503 delatus
1246 3432 1297 3493 est

175 3530 377 3595 Hermannus
398 3528 524 3608 Fragm.
546 3528 605 3592 inc.
623 3526 773 3594 CCCCVI
793 3548 824 3611 p.
847 3526 1082 3612 adsparsus
1104 3529 1121 3594 1
1143 3526 1230 3614 319}
1256 3567 1291 3577 —

177 3631 355 3714 Synonyma
377 3636 452 3695 sunt
474 3625 568 3715 πιών
590 3637 623 3695 et
645 3627 759 3719 πρηώι
781 3637 814 3698 et
836 3649 1000 3696 commune
1021 3633 1147 3714 utrique
1159 3637 1295 3714 etymon,

173 3734 258 3816 quod
281 3753 319 3798 ex
342 3731 469 3820 πρηνής
496 3754 622 3817 proauo
648 3739 682 3798 et
703 3734 774 3800 aliis
802 3735 1013 3816 cognoscitur,
1047 3735 1104 3801 sed
1125 3741 1296 3819 utrumque

176 3836 311 3903 fortasse
334 3834 477 3902 seorsum
498 3837 609 3902 eodem
631 3838 757 3927 saeculo
778 3842 888 3902 natum
911 3836 941 3921 [I
963 3836 1049 3923 ιιι-02].
1068 3876 1103 3886 -
1125 3834 1296 3926 Τιμήορος

176 3940 208 4003 in
231 3933 379 4023 ιιμιιρός
412 3943 608 4003 contractum
645 3958 716 4006 esse
738 3941 807 4005 sine
829 3941 971 4022 exemplo
994 3943 1147 4021 creditum
1180 3943 1208 4007 si
1230 3943 1294 4024 pri·

175 4043 317 4107 mitivum
351 4039 497 4122 fingimus
520 4039 692 4128 τιμάορος,
726 4042 799 4108 hinc
831 4050 981 4109 consueto
1014 4045 1106 4110 modo
1136 4041 1295 4131 ιιμοιιρός

177 4145 312 4209 derivari
323 4145 426 4226 potuit
441 4150 478 4208 ut
489 4141 657 4230 ιιιιιιιιιρός
673 4141 837 4232 πυλωρός,
854 4146 968 4228 quibus
985 4147 1202 4230 glossographi
1214 4148 1293 4213 adii-

174 4248 260 4312 ciunt
281 4245 526 4314 leviterdeflexa
548 4244 729 4335 πυλαιρός,
755 4244 915 4335 πυιιυρός
936 4248 980 4333 [p.
1005 4250 1068 4335 79].
1113 4250 1203 4317 Haec
1224 4251 1293 4316 iure

174 4368 231 4433 pro
255 4349 586 4433 synthetishabentur,
604 4351 660 4416 sed
677 4351 864 4434 ambigimus
887 4353 927 4417 de
950 4350 1095 4440 τιμωρός
1111 4354 1294 4421 eiusdemne
