2736 4778
157 333 233 408 280
296 382 298 386 -
371 378 375 387 .
448 320 768 392 DISSERTATIO
799 321 845 386 II.
888 323 929 387 P.
951 321 981 388 1.

158 512 312 579 adversus
340 508 523 574 criticorum
547 506 767 573 cavillationes
790 505 1017 571 defenduntur.
1071 503 1141 571 Pro
1177 498 1270 593 ἄπη-

159 613 262 678 δαλσι
283 610 403 676 nloiov
422 609 560 674 Aristoa
583 608 626 672 de
645 607 770 675 Incess.
791 606 961 673 AnimK
974 606 1046 671 710.
1067 628 1097 670 a.
1119 605 1151 673 8.
1173 605 1271 673 oodd.

159 711 285 796 aliquot
301 702 489 795 ἇσηδάλισι
510 706 669 794 praebent
690 716 817 773 servato
838 706 908 773 iota
927 705 1018 790 qnod
1033 704 1069 771 in
1085 704 1273 790 hujusmodi

159 810 318 897 syntbetis
329 807 484 874 retinetur
495 804 703 896 πλησίστιος,
726 800 885 894 εὐήτρισς,
907 798 1062 886 ιῦἰσχιος,
1085 801 1272 894 φιλόργισς.

160 912 262 995 Quod
282 911 451 995 vulgatum
476 919 536 985 est,
563 928 637 972 oum
657 907 829 975 obliterato
854 905 985 970 nomine
1008 899 1162 991 πήδαλσν
1183 928 1273 973 com·

158 1013 303 1100 positum
323 1009 520 1074 videtur·
541 1006 725 1093 Aethiopes
743 1004 921 1093 Oppianus
941 1004 1072 1092 saepius
1093 1006 1150 1084 sio,
1173 1008 1274 1074 semel

158 1109 324 1188 Αἴθοπις
344 1121 439 1176 vocat
459 1107 543 1194 Cyn
563 1109 624 1174 lv.
649 1108 720 1173 199.
742 1109 881 1173 fortasse
902 1104 945 1170 ed
963 1109 1274 1191 repraesentandum

161 1228 293 1299 etymon
321 1232 456 1296 graecae
491 1208 686 1274 inventionis
716 1204 842 1296 αἶ’θοψ.
898 1206 1081 1291 Dionysius
1114 1206 1190 1272 Per.
1219 1208 1272 1273 38.

159 1308 341 1381 Λλθόπιοι
362 1309 510 1396 πέλαγος
533 1309 653 1395 quod
643 1333 678 1374 ιιι
700 1308 796 1375 codd
818 1307 983 1373 nonnullis
1008 1309 1105 1394 plene
1124 1307 1274 1374 scribitur

160 1406 359 1480 Αἶθιόιιισν
383 1411 453 1476 iota
475 1409 646 1476 obscurius
674 1420 803 1497 promto
832 1407 924 1475 utin
956 1407 1117 1494 bisyllabo
1139 1403 1274 1526 Πηλιάς

162 1522 195 1578 et
218 1510 386 1578 similibus.
437 1511 565 1577 Eadem
593 1512 735 1598 synizesi
759 1532 880 1576 nomen
906 1502 1142 1596 ὀργιασιὴριοι
1166 1510 1274 1576 versui

161 1613 292 1679 heroico
316 1610 421 1697 aptari
441 1624 570 1697 poterat
598 1613 658 1680 sed
675 1611 842 1678 Nicander
866 1609 980 1675 maluit
1008 1603 1189 1675 scribere’
1171 1633 1274 1697 oppo-

163 1708 304 1800 arripior.
358 1711 525 1778 Gentilicii
561 1705 760 1789 Ἐλευσινισς
783 1734 877 1778 casus
904 1712 928 1776 ii
956 1710 1013 1797 qui
1039 1710 1073 1775 in
1097 1736 1146 1776 ων
1167 1720 1202 1776 et
1221 1735 1275 1789 αις

162 1811 382 1889 terminantur,
403 1833 637 1896 nonnunquam
660 1834 699 1876 eo
721 1834 833 1879 versus
855 1813 929 1878 loco
951 1811 1050 1899 positi
1072 1821 1148 1875 sunt
1164 1822 1203 1876 nt
1218 1822 1275 1877 aut

162 1912 253 2001 prius
274 1911 343 1977 iota
365 1911 607 1998 corripiendum
628 1911 672 1978 sit
689 1913 916 1979 v.Pr011.242.
936 1924 992 1978 aut
1007 1913 1144 1977 alterum
1157 1932 1273 1997 synec-

162 2013 302 2100 phonesi
321 2012 512 2091 levandum,
543 2014 633 2098 quod
657 2014 799 2100 praefert
821 2014 953 2080 Ahrens
979 2013 1067 2080 Dial.
1092 2014 1176 2079 Dor.
1196 2014 1272 2081 442.

163 2114 238 2180 edu.
264 2115 296 2180 3.
325 2114 518 2181 Dindorfius
546 2137 622 2180 vero
652 2114 695 2180 ad
722 2115 796 2201 lph.
826 2117 869 2181 A.
896 2116 968 2179 194.
998 2136 1041 2179 ne
1068 2113 1276 2182 scribentum

163 2214 296 2300 quidem
323 2224 443 2280 censet.
493 2216 599 2302 Apud
625 2216 863 2283 Grammaticos
890 2215 1070 2300 Byzantios
1106 2238 1174 2281 non
1201 2239 1275 2283 raro

162 2309 358 2400 παιγνήμων
395 2313 545 2380 scribitur
583 2317 651 2381 iota
684 2330 759 2383 ante
790 2317 925 2403 longam
964 2316 1110 2382 vocalem
1141 2316 1273 2384 omisso.

163 2413 248 2481 Cum
268 2408 452 2502 θηριώδης,
473 2410 659 2504 λιιριώόης,
682 2413 891 2505 παιγνιώδης
916 2428 976 2483 etc.
1001 2417 1168 2482 discordat
1185 2423 1273 2485 θια-

163 2511 279 2604 ηιόόης
296 2513 752 2599 (οιιιὶει.1ιιΤ1ισε.)Αιὶειοι.
773 2518 816 2583 de
826 2518 934 2583 Plant.
952 2519 1028 2585 Vll.
1044 2517 1117 2595 826,
1137 2520 1168 2584 2.
1182 2539 1272 2583 cum·

164 2639 228 2700 que
240 2611 392 2703 ὄφιώδης
406 2626 555 2700 pugnant
564 2613 750 2703 μανιώδης,
766 2615 993 2705 παρδαλώδης
1003 2631 1036 2684 et
1046 2619 1202 2684 nonnulla
1212 2618 1275 2684 alia

163 2738 247 2800 quae
269 2714 322 2780 hic
337 2737 463 2801 repono
484 2716 568 2780 infra
587 2729 797 2782 resumamus.
810 2756 851 2767 -
864 2720 919 2785 De
933 2720 1039 2786 verbis
1050 2721 1115 2786 huo
1138 2720 1274 2786 refertur
1296 2746 1300 2751 ’

163 2810 251 2893 atros
277 2810 397 2896 εὖιάζισ
422 2811 561 2898 βάκχισς
589 2813 759 2900 βακχιάζω
794 2818 852 2884 καὶ
882 2815 987 2901 εὐάζω
1017 2825 1169 2910 σιγκοπῇ
1193 2822 1273 2887 ΕΜ.

161 2916 236 2995 388,
256 2916 309 2982 35.
331 2927 364 2980 et
386 2917 477 3002 quod
498 2938 602 3002 aeque
630 2917 771 2982 alienum
803 2930 853 2984 est
882 2919 975 2988 ἔσθισ
1000 2921 1086 2989 κατὰ
1106 2920 1275 3007 σιγκαιιὴν

162 3012 313 3087 ἀπὸτοῦ
339 3015 448 3084 ἐσθίω
475 3017 552 3085 Sch.
586 3018 653 3085 Od.
675 3020 736 3086 Vl.
763 3019 836 3085 249.
856 3014 1081 3108 Ἠιιήσασθαι
1108 3034 1140 3087 et
1166 3015 1274 3110 ἠπιᾷν

162 3119 190 3185 si
222 3118 368 3203 ejusdem
402 3119 513 3205 stirpis
550 3131 640 3198 sunt,
686 3132 794 3188 tamen
834 3144 902 3186 non
938 3122 1027 3188 idem
1059 3123 1205 3189 indicant
1241 3136 1274 3188 et

162 3222 285 3308 φυσιᾷι
315 3241 447 3304 quoque
481 3221 716 3307 significantius
747 3235 797 3289 est
830 3245 928 3309 quam
963 3227 1072 3313 φασᾷν
1104 3225 1273 3310 simileque

163 3319 385 3385 desiderativis
407 3344 436 3384 v.
460 3321 502 3385 ed
522 3323 644 3388 Buttm.
669 3324 742 3389 390.

245 3423 270 3504 §.
293 3422 324 3486 3.
368 3422 442 3487 Iota
463 3423 587 3507 quod
578 3446 612 3487 ιιι
632 3424 855 3508 syntbetorum
878 3437 969 3511 parte
991 3425 1100 3512 priore
1120 3448 1272 3491 nonnun-

161 3541 260 3604 quam
281 3521 400 3600 deficit,
423 3534 479 3589 eut
501 3524 593 3589 litera
618 3527 797 3590 connexiva
820 3539 932 3591 estex
955 3549 975 3592 o
995 3527 1095 3592 micro
1117 3549 1275 3593 conversa

161 3630 217 3683 aut
248 3621 290 3683 ad
323 3623 582 3690 terminationem
614 3627 766 3712 primitivi
801 3627 951 3714 pertinet.
1000 3627 1087 3693 lllud
1116 3628 1248 3694 nobie'
1239 3652 1275 3693 tn

161 3719 391 3805 cogitationem
416 3726 504 3790 venit
537 3738 671 3814 propter
702 3723 950 3810 Κάλλαισχρος,
989 3727 1213 3810 καλλωπίζειν
1241 3740 1275 3794 et

160 3821 409 3907 καλλιερεῖιΗ)
435 3846 518 3908 ques
539 3848 639 3909 quum
651 3828 692 3892 ab
711 3828 782 3892 aliis
801 3826 849 3890 sio
860 3827 1051 3911 compositis
1068 3823 1272 3913 καδιάνιιρα,

159 3914 384 4008 ὀρίπλαγκισς
420 3936 480 3990 etc.
523 3926 723 4013 discrepant,
759 3937 828 3989 tum
862 3925 958 3990 etiam
995 3951 1014 3992 a
1048 3931 1274 4015 congennanis

159 4018 349 4111 Καλλιόαη,
369 4027 606 4112 καλλιοιηγεῖι,
632 4019 869 4107 καλλιώνυμος.
913 4027 977 4090 His
993 4031 1120 4096 accedit
1132 4027 1273 4116 Κάρμσ·

231 4248 276 4314 tt)
290 4249 352 4304 Iota
370 4254 456 4307 breve
469 4271 531 4308 esse
544 4271 600 4308 non
614 4258 724 4308 constat
735 4253 786 4305 sed
801 4251 858 4306 veri
872 4252 963 4308 simila
974 4265 1026 4309 est.
