2736 4778
190 284 258 357 on
276 226 549 358 russonum
572 288 634 356 nr
658 287 933 360 semorum.
957 232 995 360 c.
1014 291 1061 360 11.
1080 293 1152 383 11.
1176 295 1252 372 1117

138 468 265 555 costra,
288 476 378 563 quod
398 475 527 543 brevius
552 478 715 564 eloquitur
738 479 854 547 Orion.
880 479 1080 557 1111411
1104 480 1175 561 122,
1196 481 1250 550 28.

137 577 339 665 Apollonius
368 603 445 646 vero
466 580 567 646 Pron.
591 581 641 646 75.
672 581 790 646 refellit
819 581 1005 648 diversitate
1038 593 1189 649 accentus
1218 595 1251 651 et

138 679 387 767 significationis
410 704 484 748 cum
508 704 547 748 eo
570 683 660 768 quod
682 679 796 751 οὑτοσί
809 684 896 748 intus
910 683 1089 750 declinetur
1105 682 1248 767 τουτουί,

136 782 220 848 illud
242 804 319 852 vero
342 795 522 851 extrorsum
544 789 603 852 τοῦ
636 785 744 864 δεῖνος
770 785 837 851 sive
858 790 917 852 τοῦ
947 785 1113 866 δείναιος,
1156 787 1249 852 deni·

138 883 260 971 quaid
281 909 341 973 pro
365 886 505 952 themate
527 885 714 951 habendum
738 908 811 952 esse
829 887 917 964 dicit,
944 909 1009 972 quo
1025 886 1130 955 omnis
1147 911 1249 976 quae-

137 986 203 1053 stio
230 988 438 1075 praeciditur.
486 986 732 1056 Schoemannus
758 991 792 1055 in
813 988 950 1055 Hoeleri
972 991 1149 1075 zeitschrift
1176 993 1251 1075 {aar

138 1087 278 1172 3111111111
299 1090 341 1155 Τ.
363 1090 391 1156 Ι.
413 1090 486 1156 249.
508 1090 692 1177 suspicatur
725 1113 743 1155 e
769 1090 871 1157 tribus
894 1091 1069 1157 conflatum
1097 1113 1169 1157 esse
1190 1113 1249 1158 vc.-

137 1187 250 1269 cibus‚
278 1191 414 1258 articulo
443 1187 478 1271 ὁ,
506 1182 665 1280 particula
692 1192 943 1259 demonstrativa
973 1193 1012 1262 δέ
1039 1203 1073 1260 et
1093 1193 1247 1261 adverbio

133 1284 193 1361 ἵνα
215 1292 330 1359 eadem
351 1304 513 1382 potestate
535 1294 701 1380 proedit0‚
735 1296 825 1378 quod
848 1294 967 1383 probat
987 1295 1117 1363 Pettius
1140 1298 1249 1363 2111111-

132 1382 278 1467 ''netbode
295 1419 330 1485 p.
354 1395 425 1460 153.
468 1397 633 1482 Equidem
658 1396 704 1462 sic
725 1396 792 1462 fere
810 1396 1085 1463 utMehlhomius
1103 1397 1247 1465 Gramm.

135 1488 396 1585 1128511110
420 1497 511 1566 δεῖνα
534 1499 576 1564 ab
595 1497 764 1572 indefinito
791 1495 861 1577 δείς
881 1498 903 1563 ἰ.
927 1522 958 1583 q.
981 1497 1033 1577 τίς
1053 1499 1250 1586 productum

134 1600 502 1687 m'ccnjunctumque
518 1624 592 1666 cum
604 1601 739 1667 articulo
754 1599 974 1688 praepositiva
994 1593 1012 1666 ὅ
1035 1601 1128 1667 δεῖνα
1144 1601 1247 1688 signi-

134 1696 235 1767 boare
255 1704 308 1770 ille
331 1706 457 1788 1111111111,
477 1707 581 1770 acacio
604 1707 684 1788 111111,
708 1702 761 1768 cui
778 1702 813 1767 in
835 1724 954 1789 genere
975 1711 1091 1769 neutro
1108 1723 1247 1790 respon-

136 1798 196 1868 det
215 1799 294 1872 adde
317 1828 349 1872 τι
377 1815 414 1870 ut
435 1814 574 1893 apparet
603 1827 620 1870 e
643 1805 743 1870 Paua.
770 1804 817 1871 X.
841 1805 895 1882 14,
924 1805 955 1869 2.
985 1798 1003 1870 ὅ
1034 1803 1128 1872 δεῖνα
1155 1804 1247 1885 ὅςτις

136 1900 180 1990 δὴ
200 1900 281 1972 τόδε
304 1930 338 1972 τι
360 1900 523 1993 ἀπέκοψε.
566 1905 751 1972 Articulum
772 1905 847 1972 huie
870 1905 1055 1993 pronomini
1076 1907 1248 1994 praeposi-

135 2013 206 2071 tum
227 2019 560 2093 agnoscunt-omnes,
582 2009 763 2094 mirumque
789 2008 935 2074 Graecos
965 2007 1104 2074 decursu
1133 2010 1247 2076 aetatis

134 2104 183 2171 ita
205 2105 324 2176 oblitos
346 2132 418 2177 esse
444 2123 482 2177 ut
507 2133 580 2176 eum
608 2111 716 2177 denuo
733 2102 916 2176 'assument
941 2120 1095 2197 tanquam
1123 2111 1248 2177 nomini

134 2206 263 2296 integro
285 2216 346 2280 τοῦ
367 2208 492 2292 (idciro,
512 2216 571 2300 τῆς
593 2207 716 2292 idciro,
740 2212 856 2278 eodem
871 2214 985 2279 'errore
1001 2234 1067 2300 quo
1085 2210 1246 2300 Chrysip·

135 2331 200 2398 pus
223 2305 241 2379 ὅ
264 2307 421 2400 θὸτερος,
444 2311 484 2380 τὸ
506 2309 653 2399 θάτερον
672 2315 851 2403 usurpavit.
896 2315 1044 2381 Tertium
1065 2324 1116 2380 est
1136 2314 1246 2380 relati·

134 2432 212 2477 vum
232 2401 319 2492 ὅτις,
339 2410 408 2494 ὅτι,
434 2414 743 2502 11111111110110111111
768 2416 860 2502 Synt.
882 2417 942 2484 IV.
967 2417 1007 2495 5,
1037 2417 1110 2484 313.
1155 2414 1246 2483 Con-

127 2513 236 2598 ju'nct.
258 2513 331 2580 502.
356 2514 544 2604 ambiguum
567 2540 639 2583 esse
666 2519 744 2584 dicit
772 2530 880 2584 utrum
909 2518 952 2583 sit
981 2540 1048 2583 uua
1075 2538 1151 2606 para
1173 2539 1246 2584 ora·
1311 2604 1314 2614 Ι

134 2615 234 2682 tionis
256 2617 360 2683 vocali
388 2619 588 2706 prosthetica
612 2632 707 2686 aucta
733 2632 770 2686 ut
791 2612 933 2699 ὁποῖός,
956 2613 1102 2699 ὁπόσος,
1134 2616 1175 2685 an
1206 2641 1247 2686 ex

135 2717 264 2785 duabus
288 2731 425 2800 constet,
450 2721 585 2787 articulo
608 2721 826 2812 postpositivo
849 2720 880 2802 ὅ,
906 2722 1148 2807 quoHomerus
1169 2718 1243 2787 ubi·

134 2842 265 2908 eunque
285 2833 422 2889 metrum
443 2823 599 2911 permittit
620 2825 721 2889 utitur
742 2847 802 2912 pro
825 2819 878 2903 ὅς,
902 2834 934 2890 et
957 2822 1151 2910 pronomine
1172 2823 1246 2890 infi-

131 2922 204 2989 nito
216 2946 226 3001 1
258 2944 333 2990 nam
366 2947 386 2990 a
418 2924 557 3014 simplici
590 2922 662 3004 ὅτις
694 2925 889 2991 declinatum
922 2947 994 2990 esse
1027 2925 1247 2992 accusativum

132 3020 256 3105 ὅτινας,
279 3026 324 3093 ad
345 3025 480 3092 alterum
501 3025 664 3114 pertinere
687 3014 713 3113 ᾧ
737 3051 802 3093 τινι
823 3035 856 3092 et
873 3024 932 3103 οὸς
953 3049 1054 3102 τινας.
1088 3026 1246 3093 Prosthe·

133 3126 187 3192 sin
217 3126 308 3193 illam
339 3125 458 3217 probat
483 3126 668 3193 Ahrensius
698 3125 787 3193 Dial.
819 3125 917 3192 Aeol.
947 3126 1018 3192 127.
1053 3126 1113 3192 sed
1134 3123 1185 3206 τίς
1214 3139 1246 3194 et

131 3223 225 3307 ὅςιις
251 3250 320 3296 non
349 3230 465 3297 eadem
485 3228 610 3295 ratione
638 3228 722 3295 inter
743 3251 779 3294 se
807 3228 923 3314 juncta
944 3236 1019 3293 sunt
1046 3238 1144 3314 atque
1174 3218 1247 3309 οἷος

131 3334 236 3408 ποῖος
255 3324 386 3410 ὁποῖος,
423 3332 590 3418 multoque
621 3328 807 3398 credibilius
837 3340 887 3397 est
913 3326 1040 3396 articuli
1063 3328 1201 3395 formam
1226 3352 1247 3395 a

133 3453 213 3497 casu
235 3431 339 3519 primo
362 3433 404 3498 ad
426 3428 576 3520 obliquos
599 3431 766 3499 transiisse
791 3431 951 3519 integram
975 3441 1008 3498 et
1027 3429 1244 3498 immutatam:

132 3527 180 3612 ὦς
202 3532 283 3602 ὅπου
304 3532 362 3602 καὶ
383 3531 450 3624 ὅτῳ
473 3534 626 3622 λέγομεν,
649 3531 735 3602 odero
757 3533 815 3601 καὶ
839 3531 932 3601 ὅτινα
955 3528 1030 3601 ἀντὶ
1051 3536 1110 3601 τοῦ
1131 3530 1245 3600 ὅντινα

131 3641 321 3724 ποιητικῶς
349 3636 426 3705 Soh.
450 3635 563 3726 Apoll.
592 3637 638 3702 11.
668 3634 740 3701 875.
771 3635 810 3704 τὸ
837 3634 934 3703 ὅτινα
961 3628 1046 3720 παρ’
1078 3630 1246 3703 Αἰολεῦσι

130 3730 244 3804 κοινόν
273 3735 343 3804 ἐστι
371 3737 457 3805 κατὰ
489 3740 581 3826 γένος
612 3737 723 3806 Schol.
752 3736 847 3804 Rom.
876 3737 918 3803 ad
948 3737 1004 3822 Aj.
1030 3734 1104 3801 290.
1133 3732 1246 3815 ὅτινας

131 3831 289 3904 ἀπὸτοῦ
315 3832 400 3919 ὅτις,
431 3830 450 3906 ὅ
477 3835 559 3907 καθ’
588 3833 623 3905 dv
650 3837 752 3928 μέρος
779 3835 880 3927 λόγου
902 3838 979 3907 seh.
1004 3836 1044 3904 ll.
1070 3836 1150 3904 XV.
1170 3836 1244 3902 491.

132 3936 301 4024 Obliquos
331 3939 464 4025 quidem
490 3938 698 4006 immobilitas
725 3936 850 4007 articuli
877 3936 1120 4020 indissolubiles
1148 3958 1245 4023 prae·

131 4052 198 4106 stat
213 4040 265 4124 Η)
288 4041 348 4106 sed
367 4042 557 4109 nominativi
580 4042 740 4130 scriptura
758 4044 908 4118 fluctuat3
937 4040 1080 4109 Wolfius
1100 4032 1172 4116 ὅτις
1192 4059 1245 4103 re-

204 4254 248 4321 11)
264 4253 326 4308 Ηοο
339 4256 422 4309 modo
435 4253 588 4312 infacundo
602 4262 677 4312 aetus
691 4254 809 4313 duorum
821 4251 964 4310 nominum
975 4247 1117 4403 pgpathesi
1131 4247 1244 4322 juncto·

183 4340 316 4391 noceor.
334 4342 425 4383 Pathol.
