2736 4778
128 343 203 416 398
411 333 731 404 DISSERTATIO
759 333 806 399 Π.
848 333 889 399 Ρ.
908 333 954 400 Π.

127 520 468 610 paraschematismum
496 518 664 585 referimus
690 541 721 583 v.
747 518 788 584 Ρ.
809 518 838 584 L
868 540 897 583 c.
919 517 984 582 111.
1014 521 1039 602 ς.
1063 518 1094 582 2.
1139 517 1245 600 Quod

128 635 273 708 oxytona
298 620 433 707 ἐραννός
456 631 489 686 et
511 620 631 699 νοσσός
650 642 719 685 non
740 631 864 685 mutata
884 631 979 697 sunt,
1000 620 1139 685 tortasse
1163 619 1245 686 cha·

127 724 244 790 racteri
271 721 468 798 tribuemnt3
501 743 577 785 nom
609 720 653 787 τὰ
687 720 744 790 διὰ
767 717 827 789 δύο
846 710 888 788 ἶν
914 717 1066 801 ὀξύνεται
1096 715 1243 805 ἕραννός,

128 820 301 911 ἀργεννός,
330 819 482 899 κελαινός
509 818 756 908 (καλαδεννός),
787 820 954 908 ἀρεβεννός
979 823 1059 887 Arc
1080 819 1133 898 63,
1154 820 1187 889 4.
1210 829 1245 885 et

128 926 249 1013 pariter
270 923 526 989 substantivam
547 947 628 1001 σαας
648 921 811 1008 bisyllaba
829 921 969 1008 βυσσός,
992 918 1110 1000 κισσός
1132 933 1195 989 etc.
1211 934 1245 988 et

128 1049 214 1112 quae
235 1027 322 1091 hunc
343 1033 513 1090 numerum
535 1022 699 1090 excedunt
718 1023 865 1089 locorum
889 1022 1084 1089 vocabula
1075 1047 1109 1088 m
1139 1049 1245 1104 ασσος

128 1140 161 1196 et
183 1151 286 1214 ηαυος
307 1125 461 1191 exeuntia
477 1119 693 1213 Λυρνησσός,
724 1123 918 1213 Ταριηασός
940 1136 1001 1190 eto.
1029 1137 1242 1212 quorumty-

127 1252 209 1316 pum
240 1227 386 1311 sequitur
417 1247 536 1290 nomen
568 1247 714 1313 syncope
745 1224 899 1291 affectum
933 1237 970 1290 ut
998 1225 1186 1313 Stephanus
1216 1252 1242 1294 s.

124 1324 332 1414 Ἀγάθυρσοι
362 1323 526 1392 refertz'
508 1326 576 1394 απὸ
614 1332 672 1391 roi·
706 1325 912 1412 Καβακησός
947 1322 1055 1395 οἴεται
1091 1326 1243 1413 Δίδυμος

129 1428 214 1497 κατὰ
235 1427 403 1515 συγκοπην
426 1426 463 1493 τὸ
487 1423 678 1510 Katenneis.
721 1427 894 1492 Postremo
916 1423 1034 1516 κεβλή,
1063 1430 1156 1513 quod
1174 1431 1241 1496 Ar·

129 1530 243 1597 cadius
263 1529 335 1606 107,
356 1529 471 1613 23¹²)
493 1528 656 1592 diversum
678 1527 719 1593 ab
741 1526 961 1614 homophonis
982 1524 1079 1615 αἴγλη
1102 1540 1163 1597 etc.
1185 1552 1241 1598 ac·

128 1643 259 1699 centum
282 1629 402 1694 habere
432 1629 526 1706 dicit,
554 1628 686 1714 saepius
714 1627 898 1712 berytonon
920 1639 970 1694 est
989 1629 1070 1695 EM.
1091 1631 1166 1709 498,
1186 1633 1240 1698 41.

130 1732 241 1801 Schol.
267 1732 369 1796 Arist
399 1731 482 1794 Avv.
505 1729 578 1794 305.
602 1739 635 1794 et
653 1730 705 1794 all.
734 1728 862 1812 Λιχνός
885 1750 905 1793 a
926 1728 1056 1810 λίχανος
1077 1730 1240 1817 significa

130 1833 218 1898 tione
246 1830 448 1896 discernitur.
473 1868 515 1878 -
546 1829 666 1895 Eidem
696 1852 863 1917 syncopae
889 1829 1065 1914 subjiciunt
1093 1832 1241 1918 δορυξὸς,

129 1934 220 2020 quod
251 1954 324 1998 cum
357 1929 455 2011 λοξός
486 1942 547 1995 etc.
580 1931 719 1996 conferri
749 1943 860 2017 potest
890 1955 920 1996 v.
953 1933 1072 1997 Parall.
1098 1933 1165 1998 404
1192 1956 1241 2018 sq.

129 2030 277 2120 νεογνός,
307 2027 453 2118 βοηθός,
482 2032 542 2096 sed
569 2032 611 2098 de
637 2032 859 2098 catabibasmo
882 2034 1006 2099 nullum
1025 2030 1161 2099 v‘erbum
1182 2036 1242 2099 ad·

130 2137 221 2201 dunt.
264 2134 332 2198 Tot
351 2143 457 2198 autem
479 2133 576 2199 rebus
599 2134 805 2200 obstantibus
826 2146 964 2222 apparet
984 2134 1131 2220 regulum
1148 2135 1244 2200 istam

131 2237 172 2300 de
201 2233 411 2299 anabibasmo
451 2257 619 2320 syncopen
658 2236 833 2301 comitante
872 2236 1086 2322 perexiguum
1115 2237 1152 2301 in
1182 2235 1244 2304 hac

130 2357 231 2401 causa
257 2333 414 2421 praebere
440 2358 536 2399 usum
571 2336 667 2401 nobis
699 2338 888 2423 praesertim
916 2339 972 2422 qui
1002 2338 1160 2424 pleraque
1189 2339 1245 2405 illa

129 2436 326 2503 concisionis
353 2437 503 2523 exempla
531 2447 587 2501 aut
615 2438 650 2502 in
677 2436 777 2502 dubio
806 2439 957 2524 ponimus
993 2449 1048 2503 aut
1078 2438 1113 2504 in
1139 2449 1244 2504 totum

129 2539 301 2622 rejicimus.
347 2536 431 2602 Cum
453 2537 649 2623 orthoptotis
671 2549 704 2603 et
725 2541 846 2624 aptotis
870 2551 1018 2605 auctores
1038 2540 1142 2604 nostri
1163 2563 1242 2606 con-

123 2640 269 2723 jungunt
291 2639 356 2702 duo
380 2638 540 2702 declinata
561 2634 715 2724 θύγατρα
737 2650 770 2703 et
790 2639 951 2728 Δήμητρα
982 2642 1136 2724 adjuncta
1162 2665 1243 2708 cau·

130 2739 218 2804 tione
244 2738 431 2803 necessaria
460 2739 499 2804 τὸ
527 2735 670 2822 πατρός,
705 2737 846 2825 μητρός,
883 2736 1007 2824 ἀνδρός
1036 2746 1244 2826 συγκοπέντα

130 2839 186 2925 καὶ
218 2838 263 2925 μη
299 2833 552 2922 &ratiocinans
585 2837 641 2902 τὸν
673 2837 768 2905 τόνον
800 2835 860 2906 oria
893 2835 1089 2920 ἀντίκειται,
1122 2841 1241 2930 insito

129 2936 216 3022 πρὸς
244 2936 301 3004 τὸν
327 2943 520 3026 χαρακιῆρα
549 2941 613 3004 τῶν
637 2936 843 3020 δισυλλάβων
871 2946 1005 3021 γενικῶν
1031 2936 1243 3030 ἠκολούθησε

129 3038 294 3105 Choerob.
316 3039 338 3104 1.
359 3061 386 3104 c.
409 3062 439 3103 v.
461 3038 502 3104 P.
526 3040 553 3104 1.
575 3061 602 3104 c.
626 3041 656 3103 2.
680 3043 705 3123 ξ.
728 3038 758 3104 6.
801 3041 929 3105 Eadem
956 3064 1055 3107 causa
1082 3054 1132 3108 est
1156 3045 1243 3108 dati·

128 3163 243 3205 vorum
264 3138 354 3217 κυσί,
382 3140 464 3228 μησί
494 3151 554 3205 etc.
581 3163 641 3204 nec
666 3141 782 3204 mirum
808 3136 925 3218 ἀκλέα,
953 3138 1113 3226 ἀγακλέα,
1141 3146 1243 3231 νηλέα

129 3252 189 3306 etc.
207 3242 300 3325 sequi
317 3241 558 3305 similitudinem
574 3242 785 3327 integriorum
806 3238 950 3329 ἀληθέα,
970 3241 1123 3328 ἀληθέες.
1155 3243 1243 3310 Pro·

130 3345 201 3430 prio
225 3365 301 3407 vero
328 3353 464 3408 accentu
484 3342 701 3427 genitivorum
723 3344 849 3428 species
875 3345 1004 3428 poetica
1035 3345 1244 3432 distinguitur

129 3467 148 3507 a
181 3444 343 3508 communi
382 3440 417 3510 oi
448 3440 497 3520 εἰς
521 3430 572 3508 AE
609 3445 731 3527 γενικαὶ
764 3439 896 3508 ἰωνικαὶ
930 3442 1244 3531 πραπαραξύνονιαι

127 3549 228 3628 χωρὶς
253 3543 282 3610 si
303 3547 349 3632 μη
374 3544 460 3610 κατὰ
482 3540 600 3619 πάθος
616 3540 696 3621 εἰσί,
719 3530 852 3629 Βορέαν,
870 3540 989 3623 Ἀσίω,
1015 3543 1133 3633 ἐπειδὴ
1156 3550 1243 3614 κατὰ

129 3640 297 3731 σαγκοπήν
326 3642 392 3712 εἰσι
416 3645 496 3710 ΕΜ.
528 3645 605 3722 153,
631 3643 683 3709 54.
728 3644 875 3711 Casuum
894 3643 1072 3711 verbalium
1092 3669 1178 3712 unus
1200 3647 1244 3714 ob

128 3755 297 3811 accentum
325 3766 489 3832 syncopae
519 3747 670 3811 eximitur
687 3745 723 3810 in
741 3746 870 3812 Anectl.
891 3746 968 3811 Par.
986 3747 1031 3813 Τ.
1050 3748 1111 3815 lV.
1136 3749 1186 3814 18.
1210 3747 1245 3816 oi

127 3909 293 3921 ——u-

197 3998 243 4066 12)
264 3993 304 4050 Τά
323 3999 361 4057 εἰς
378 4002 439 4070 λη
440 3995 490 4051 αι’
511 3999 554 4051 ln
557 4001 660 4065 πλοκης
678 3992 833 4068 σιμηόνου
851 3993 996 4069 βαρύνεται
1017 3999 1061 4068 [ἕν
1079 4017 1106 4053 τε
1125 4005 1214 4068 κυρία
1207 3999 1244 4069 ς]

127 4085 173 4136 καὶ
193 4085 223 4137 ἐν
241 4089 452 4184 προςηγοραιηῖς
469 4081 595 4153 Ζάγκλη,
616 4084 697 4150 σίγλη
715 4078 744 4134 τὸ
763 4077 883 4135 ἐνώπιον
893 4081 1031 4152 [ἐναντιον]
1047 4087 1072 4137 εἰ
1090 4083 1146 4154 μὲν
1165 4089 1201 4153 τῷ
1221 4105 1237 4141 o

127 4165 312 4239 παραλήγοαο
334 4165 372 4229 ὥς
392 4167 420 4222 τὸ
443 4165 546 4239 ὁμοκλη
568 4171 640 4221 καὶ
639 4162 704 4233 πλη
723 4164 819 4219 καὶτὸ
840 4162 904 4233 νελη
923 4165 1066 4238 (κεβλη)’
1050 4166 1106 4222 απὸ
1128 4189 1175 4224 roo
1196 4190 1246 4226 κε-

127 4246 202 4322 φαλή
221 4257 329 4322 γέγονε.
