2736 4778
303 356 369 423 DE
393 351 671 422 PARECTASI.
714 352 754 419 C.
776 352 836 421 VI.
868 356 894 439 i.
917 354 948 420 2.
1105 359 1180 435 479

75 543 170 629 quius
200 534 388 626 στασιώτης
419 538 615 623 tertiumque
642 532 822 627 ταξιώτης,
860 538 949 623 quod
975 512 1181 610 Hermannua

74 644 117 708 ad
140 641 228 710 Oed.
251 638 325 706 Col.
348 638 422 713 678.
444 663 464 704 a
486 638 585 705 verbo
608 639 813 719 ταξιοῦσθαι
835 640 943 725 potius
965 663 1061 726 quam
1081 666 1102 709 a
1120 666 1182 712 uo·

73 745 160 811 mine
191 745 325 807 ductum
354 750 479 818 censet,
513 741 573 806 aed
602 738 709 805 cbatat
737 752 910 818 accentum
943 764 1018 807 nam
1043 744 1186 812 verbalia

75 857 221 931 oxytona
240 853 316 908 aunt
337 838 535 928 βεβαιωτής,
560 839 768 928 γεφυρωιής,
795 839 968 924 όιξιιοιής,
991 843 1184 934 ὀιναιιοιής,

77 940 308 1030 ἐλευθερωτής
322 954 383 1008 etc.
410 941 520 1007 Etiam
536 936 758 1024 ἆοιιιόιιότης,
777 941 829 1005 cui
847 941 1031 1028 Sophocles
1047 946 1187 1013 nativam

77 1045 214 1109 formam
236 1037 413 1131 ἅσπιὸίιρς
434 1041 599 1129 praetulit,
619 1064 640 1104 a
657 1062 739 1127 puro
757 1042 918 1129 principio
938 1043 1100 1111 deducere
1115 1058 1186 1112 ten-

79 1155 148 1209 tant
168 1145 247 1209 EM.
265 1143 334 1220 157,
353 1143 405 1208 26.
428 1144 537 1230 Epim.
553 1142 580 1207 I.
602 1141 653 1208 86.
675 1141 711 1206 cd
736 1136 959 1229 ἇσιιιδιώιης,
983 1141 1013 1210 εἰ
1035 1144 1096 1222 μὲν
1118 1145 1186 1212 ἀπὸ

76 1250 137 1332 σῆς
159 1240 316 1322 ἀσπίδος,
336 1240 529 1331 ἀσπιδίτρς,
549 1240 701 1329 δηλονότι
722 1243 934 1326 πλεονασμὸς
952 1248 1011 1310 τοῦ
1030 1234 1075 1312 ἶν’·
1097 1243 1128 1313 οἱ
1150 1247 1189 1314 δὲ

77 1344 173 1428 παρὰ
198 1341 237 1408 ad
264 1338 423 1420 ἆοιιίδιος
445 1339 659 1429 ιιαράγινγον,
686 1336 724 1409 οὐ
747 1344 936 1426 πλεονάζει,
964 1343 1076 1430 ὥςπερ
1100 1344 1189 1426 ἴδιος

79 1441 230 1531 ι’ὁιιύιης,
262 1440 355 1531 ἥλιος
383 1440 542 1531 ἦλιώτης,
573 1438 664 1520 chios
690 1439 843 1529 ιύιιότης,
875 1443 992 1528 quibua
1021 1467 1062 1511 ex
1084 1446 1186 1513 Anth.

78 1545 205 1611 accedit
226 1538 386 1631 ιἰριιώιης
416 1555 449 1609 et
475 1543 566 1629 quod
595 1543 669 1629 plus
695 1542 873 1608 mirationis
896 1542 997 1610 habet
1020 1542 1188 1635 ὑλιιώτης,

78 1646 180 1712 Panis
201 1643 369 1733 epitheton
391 1645 448 1729 qui
471 1645 601 1731 saepius
624 1655 758 1709 vocatur
779 1640 944 1729 ὑλριορός,
967 1669 1027 1712 nec
1050 1647 1191 1713 alienum

80 1760 130 1814 eat
162 1745 380 1833 παραλιώιρς
397 1746 430 1831 ²)
464 1747 589 1832 quippe
622 1768 642 1810 a
675 1746 827 1827 ιιαραλιά
860 1745 1038 1813 derivatum
1071 1771 1139 1814 non
1170 1771 1213 1814 a·

80 1849 285 1937 παραλίιης,
318 1848 410 1930 cujus
443 1847 537 1932 origo
566 1856 616 1912 eat
643 1844 806 1928 πάραλος.
855 1846 979 1912 Bacchi
1007 1869 1192 1935 cognomen

82 1947 309 2036 φοιταλιιόιης
329 1945 364 2010 in
386 1945 505 2031 hymno
527 1946 720 2013 abecedario
741 1945 896 2010 annititur
914 1951 1091 2034 congeneri
1112 1973 1192 2038 φοι-

81 2048 215 2126 ruderic
245 2048 411 2133 quomodo
442 2047 529 2113 idem
563 2048 643 2112 deua
672 2046 713 2111 ab
741 2045 899 2133 Oppiano
928 2061 1072 2115 vocatur.
1124 2050 1192 2118 Sed

82 2173 102 2214 a
122 2171 202 2225 non,
231 2172 291 2237 uro
310 2149 388 2234 pagi
404 2149 536 2214 nomine
552 2147 717 2231 Actorides
736 2147 932 2212 demoticum
948 2149 1191 2239 Δειραδιώτης,

83 2275 104 2317 a
124 2274 175 2317 ora
264 2276 316 2316 νον
339 2248 608 2335 σπαργανιιόιρς,
630 2248 829 2333 latinumque
850 2253 990 2316 acerviora
1012 2251 1052 2316 dc
1073 2273 1191 2338 graeco

83 2346 188 2433 χαμός
212 2351 344 2416 flexum.
388 2348 663 2436 Σιεοοφοριώιρς
691 2371 768 2415 vero
792 2372 859 2414 non
888 2373 908 2415 a
936 2356 1192 2440 ονιιιοιρορίιρς,

84 2473 160 2516 nam
175 2473 283 2535 neque
302 2452 364 2517 hoc
379 2450 539 2537 reperitur
552 2471 660 2536 neque
678 2449 928 2536 λικνοφορίτης,
944 2450 1195 2540 μισθοφοριίρς

84 2552 213 2617 aliudve
240 2553 291 2616 hia
319 2552 436 2630 simile,
467 2553 525 2618 aed
555 2574 575 2616 a
601 2553 801 2639 σκευοφοριά
829 2562 866 2615 ut
892 2548 1193 2640 λιαοσιραιιιόιης,

85 2653 136 2718 vel
162 2674 183 2718 a
204 2654 335 2719 nomine
363 2654 584 2732 inatmmenti,
614 2653 656 2719 de
678 2675 743 2738 quo
765 2651 886 2718 Pollux
906 2650 1051 2736 loquitur
1072 2644 1119 2717 X.
1143 2653 1194 2719 17.

83 2756 307 2841 σκευοιρόριον
328 2745 355 2843 ᾧ
378 2756 420 2822 τὰ
447 2759 545 2845 σκεύη
569 2754 791 2839 ἐιομίζετο-
813 2755 870 2819 τὸν
892 2752 1008 2837 μέντοι
1029 2751 1195 2838 σκευοφό-

87 2880 146 2943 ρον
158 2848 305 2934 Εἷῖπολις
321 2855 590 2945 σκεοοιροριώτρν
607 2853 738 2936 παίζων
756 2854 891 2922 ἐκάλεσε
909 2855 1054 2940 (Fragm.
1066 2854 1094 2919 Ι.
1106 2854 1194 2939 530.)

88 2957 144 3043 qui
166 2958 270 3033 lusus,
294 2956 428 3045 opinor,
450 2958 578 3044 positus
601 2969 650 3022 eat
671 2956 705 3021 in
728 2956 934 3043 corruptione
956 2954 1096 3019 nominis
1118 2976 1196 3041 pro-

89 3059 151 3147 prii
178 3072 214 3125 ut
242 3059 270 3125 ei
298 3060 371 3145 quia
397 3060 592 3144 armigerum
616 3057 760 3146 appellet
787 3055 1044 3143 armigerionem.
1094 3056 1198 3120 Aliud

88 3185 109 3225 a
134 3161 206 3248 pari
233 3159 396 3247 principio
426 3159 552 3224 diverse
581 3159 701 3223 flexum
729 3158 859 3243 subjicit
884 3151 1196 3252 Stephanus-‘Orio-

90 3262 264 3329 λιον-τό
287 3259 441 3348 νοητικὸν
456 3258 641 3344 Ὁριολώιος
661 3259 746 3325 κατὰ
768 3260 977 3342 πλεονασμὸν
996 3262 1055 3325 τοῦ
1077 3285 1114 3336 ιο,
1138 3255 1197 3322 aed

90 3386 165 3450 pars
185 3363 475 3446 major-auctorum
497 3362 539 3425 ad
556 3357 680 3447 Ὁμόλρ
701 3358 753 3425 vel
773 3356 1015 3440 dreoiog‘reiert
1033 3381 1063 3423 v.
1084 3358 1123 3425 C.
1135 3358 1196 3425 IV.

89 3468 115 3549 ξ.
137 3465 168 3529 3.
190 3465 245 3528 tin.
271 3498 313 3512 -
344 3463 386 3527 ln
415 3463 627 3528 commissura
654 3462 885 3528 vocabulorum
905 3447 947 3529 ’ω’
971 3460 1198 3548 interpositum

161 3705 191 3770 2)
208 3699 321 3758 Novitia
339 3699 477 3774 scriptura
491 3705 534 3754 eat
549 3692 723 3768 ααραλιῶιης
734 3704 765 3752 ut
778 3688 963 3769 ἓααρχιῶιης,
976 3693 1113 3768 arterium.
1137 3703 1199 3753 Βα-

90 3783 226 3855 teredine
242 3785 266 3841 ai
282 3788 475 3842 balneatorem
492 3781 630 3855 significat
644 3801 669 3837 v.
682 3782 768 3837 Proll.
780 3782 839 3838 376.
852 3802 868 3838 a
881 3787 1028 3852 βαλανεῖον
1042 3785 1198 3840 derivatum

92 3881 135 3928 eat
152 3882 183 3927 ut
200 3878 328 3941 ιιοοριῖον
345 3872 496 3942 ιιοοριῶιις.
526 3871 583 3924 Pro
601 3868 783 3940 reputentur,
803 3871 880 3941 quod
898 3871 935 3925 ad
951 3871 1017 3925 Phr.
1033 3873 1091 3924 790.
1108 3867 1198 3934 attuli,

90 3957 239 4015 Behkcrua
262 3955 291 4012 in
308 3959 393 4012 Phot.
412 3956 487 4013 Bibl.
507 3953 627 4011 LXXX.
646 3957 688 4009 56.
709 3970 735 4009 a.
754 3957 796 4008 36.
820 3961 861 4027 (p.
883 3959 929 4009 too
950 3955 1084 4011 Hoeachd
1109 3952 1200 4007 edidit

92 4036 289 4115 κιραλαιοὶιης.
322 4044 356 4099 In
375 4044 514 4100 Choarob.
533 4043 614 4096 Orth.
630 4043 693 4106 26⁸2,
711 4043 754 4093 27.
777 4038 808 4094 cci
827 4041 873 4095 dui
893 4044 939 4095 ιοῦ
957 4029 1027 4107 mir-1}
1045 4036 1091 4092 out
1111 4040 1157 4092 ιοῡ
1176 4026 1197 4093 ἦ

93 4127 231 4201 γριὶιριιαι
252 4126 265 4196 ἢ
284 4132 348 4195 (aer.
362 4133 398 4195 ti)
415 4125 562 4199 καθαρεύει
582 4124 597 4194 ἡ
616 4122 822 4195 παραλήγουσα,
836 4121 1010 4193 σιραιιαίιης,
1024 4121 1197 4193 ropromittit,

94 4212 219 4281 τοξιώτης
236 4218 318 4282 (mc)
336 4234 388 4287 pro
408 4217 531 4271 secundo
550 4215 668 4269 sommae
685 4208 857 4283 Σαβιριώιης
876 4208 1055 4263 scribendum
1071 4219 1115 4263 eat
1133 4209 1152 4263 i.
1169 4227 1197 4283 q.

93 4304 227 4373 Συβέριος
244 4301 342 4372 steph.
