2736 4778
167 315 244 390 ιιι
463 308 782 379 mssuuuncro
806 306 853 407 ιι.
895 306 937 374 P.
959 308 988 373 1.

168 495 307 561 traditur
329 494 363 559 in
383 493 463 558 EM.
484 493 560 572 466,
591 496 640 561 13.
670 490 792 579 ἴσαμεν
818 490 915 579 ἴσμεν
941 491 999 560 καὶ
1029 492 1137 579 τροπῇ
1168 486 1286 575 ἴδμεν·

168 588 251 686 ἢέν,
271 598 329 662 τοῦ
358 590 439 661 εἴδω
463 587 483 661 ὑ
508 589 661 681 δεύτερος
688 589 847 680 ἀόριστος
874 589 947 660 ἴδον
972 588 1089 676 ἴδομεν
1116 587 1231 675 ἴδμεν,
1262 583 1288 680 ἢ

97 744 100 751 -
168 693 208 764 ιιι
234 698 292 762 τοῦ
323 686 416 773 οἴδα,
446 716 533 780 quae
562 694 673 783 potior
700 694 840 760 habetur
867 692 1038 759 sententia.
1082 688 1286 778 Apollonius

168 790 265 880 ἴδμεν
286 793 398 862 soriafi
420 794 494 862 loco
525 796 678 883 posuisse
699 796 829 862 videtur
848 794 910 863 lv.
934 794 1028 859 1075.
1056 786 1190 880 Αἰήτης
1211 781 1285 857 εἴπ’

169 887 213 982 ἀρ
233 893 321 962 ναίει
341 894 460 979 σχεδὸν
479 888 555 964 εἴτε
575 920 610 962 τι
631 894 728 983 ἴδμεν
744 892 879 985 Αἰήτην
904 888 980 962 ἀλλ’
1011 886 1083 960 οἷον
1108 885 1285 976 ἀκσάομεν,

169 996 229 1062 sed
250 995 350 1081 vulgo
377 995 467 1060 idem
489 1006 539 1062 est
565 1006 664 1082 atque
692 993 842 1081 οἴδαμεν.
891 996 957 1061 His
985 993 1118 1060 additur
1146 985 1287 1078 ὑληλοά·

167 1101 282 1180 dapar
302 1094 361 1160 καὶ
383 1099 534 1184 συγκοπῇ
556 1094 775 1187 είλήλσυὺμεν
788 1096 869 1164 ΕΜ.
880 1097 954 1176 298,
970 1096 1022 1162 43.
1034 1101 1085 1173 ²¹)
1106 1086 1285 1178 ’Ἀναγμεη

169 1196 262 1283 quod
279 1195 383 1260 nostri
395 1195 608 1264 Grammatici
629 1220 671 1264 ex
693 1198 739 1263 H.
763 1200 864 1264 Hom.
889 1199 1038 1275 afferunt,
1061 1195 1108 1260 ilii
1129 1195 1287 1281 ignorant

169 1318 233 1362 nec
254 1306 377 1362 certum
402 1309 453 1364 εει
470 1309 578 1364 utrum
599 1299 779 1387 perfectum
799 1300 843 1365 sit
863 1322 905 1364 an
924 1319 1082 1387 praesens
1095 1307 1133 1361 ut
1148 1293 1282 1385 φίομεν.

172 1397 296 1466 Omnia
319 1409 426 1464 autem
450 1411 620 1487 poetarum
648 1411 726 1467 sunt
745 1401 882 1489 propria
909 1409 1039 1489 praeter
1060 1393 1171 1480 ἴσμεν,
1199 1388 1282 1471 ἴστε,

167 1493 257 1577 ἴσθι,
280 1498 400 1585 quibus
425 1496 678 1569 Ohcerobosous
700 1501 783 1569 Can.
808 1503 854 1568 11.
880 1502 954 1567 894.
984 1498 1094 1567 eram.
1115 1496 1176 1563 IV·
1206 1492 1284 1570 895,

167 1597 199 1667 5.
222 1601 397 1688 praestruit
417 1601 532 1668 dorica
548 1598 677 1688 ἴσαμεν,
700 1600 807 1682 ἴσατε,
828 1599 941 1669 ἴσαθι.
984 1588 1284 1682 Dialecti'vntgaris

168 1702 366 1787 contagione
386 1702 532 1789 oonupu‘
551 1705 698 1768 nonnulli
719 1705 810 1790 quod
825 1704 868 1768 de
881 1699 1013 1790 ἔοιγμεν
1022 1701 1118 1778 valet,
1140 1707 1285 1763 mustu-

167 1800 276 1867 lerunt
294 1803 338 1867 ad
351 1802 485 1868 verbum
508 1826 644 1891 purum:
661 1801 701 1872 τὸ
721 1801 950 1892 πληθιανικὸν
975 1805 1034 1869 τοῦ
1055 1799 1153 1868 δέδια
1173 1797 1284 1886 ’Ὁμο-

70 1914 76 1929 “
169 1924 228 1989 ρσς
248 1900 334 1968 κατά
355 1902 524 1992 συγνστιήν
541 1897 616 1972 εἶπε
641 1903 790 1988 δείδιμεν
809 1903 869 1969 καί
885 1897 1106 1971 ὑπεδείδισαν
1127 1898 1237 1987 Epim.
1253 1897 1283 1962 Ι.

129 2078 133 2085 .
169 2002 242 2081 120,
262 2002 295 2068 5.
321 2002 449 2069 Eadem
468 2004 524 2068 vis
546 2003 675 2070 aberrat
693 2003 773 2072 ΕΜ.
797 2005 870 2083 121,
891 2005 944 2070 32.
976 1997 1110 2092 ἀπῇμεν
1130 1994 1203 2066 ἀπὸ
1224 2001 1284 2065 τσῦ

167 2095 213 2193 ᾖα
233 2096 341 2191 ᾖσμεν
359 2108 511 2194 συγκονιῇ
532 2097 623 2194 ᾖμεν.
665 2106 859 2174 Ceterorum
878 2115 1063 2192 temporum
1078 2102 1175 2166 unius
1192 2097 1284 2165 verbi

168 2200 296 2271 ἐλαύνω
316 2204 457 2271 aorisms
478 2207 543 2272 huo
564 2207 716 2274 convenit
736 2204 834 2274 ἔλσαι
845 2204 885 2273 τὸ
902 2201 1082 2272 συνελάσαι
1100 2199 1187 2268 κατὰ
1204 2220 1285 2286 συγ·

168 2299 276 2393 κοινήν
295 2304 531 2385 ΕΜδδδ,,13.
550 2300 674 2395 ἤλσατο
696 2311 778 2393 βοῦς
798 2300 933 2393 Ἴβυκος
954 2303 1051 2390 παρὰ
1073 2302 1112 2371 τὸ
1132 2297 1284 2390 ἠλάσατο

26 2440 31 2449 ·
166 2405 242 2484 ffld,
260 2405 313 2472 tt.
356 2406 446 2473 lllud
466 2407 549 2474 alios
570 2409 614 2473 ad
636 2403 714 2473 εἴλει
735 2408 804 2474 sive
824 2405 909 2475 ἔλλιυ
935 2405 1088 2472 retulisse
1108 2401 1283 2489 cognosci·

167 2515 220 2572 tur
240 2529 282 2574 ex
305 2507 383 2575 Sch.
406 2509 450 2574 A.
471 2506 511 2574 11.
534 2508 600 2575 XI.
621 2511 695 2576 413.
720 2507 888 2594 ψιλωτέσν
908 2504 948 2575 so*
967 2503 1083 2585 ἔλσαν,
1115 2504 1206 2589 quod
1225 2503 1283 2589 qui

167 2607 269 2674 ἴλσαν
291 2607 485 2687 scribebant,
508 2612 687 2698 aspiratum
708 2608 804 2678 άλέω
826 2607 968 2695 amplexi
989 2616 1074 2673 sunt.
1119 2605 1189 2674 Sed
1208 2627 1281 2670 ver·

166 2707 246 2772 bum
268 2708 426 2794 Ibyoeum
448 2732 613 2799 syncopae
634 2710 841 2777 manifestum
859 2719 968 2786 estet,
992 2707 1082 2794 quod
1093 2706 1280 2775 Simonides

167 2808 339 2895 scripsisse
359 2810 504 2889 videtur,
532 2809 702 2900 διήλσατσ.
746 2811 868 2879 Νεεσὶο
897 2832 963 2897 quo
989 2820 1113 2875 vertam
1140 2808 1222 2872 illud
1248 2807 1282 2872 in

167 2909 257 2976 God
286 2909 367 2988 546,
403 2911 456 2978 32.
482 2905 625 3001 uictrices
653 2912 690 2980 ἐκ
714 2916 775 2980 τοῦ
806 2912 851 2980 ἐῶ
872 2910 912 2979 τὸ
934 2901 1132 2996 συγχιορῶδ
1152 2906 1284 2992 μέλλων

166 3006 267 3091 ἐάσω,
292 3013 351 3077 τοῦ
370 3005 529 3100 ἀορίστου
549 3011 589 3082 τὸ
607 3012 719 3102 τρίτον
740 3017 807 3080 τῶν
827 3013 1063 3100 πληθυντικῶν
1083 3003 1202 3074 εἴασαν
1222 3007 1283 3074 καὶ

166 3111 202 3180 ἐν
219 3117 374 3202 συγκοσῇ
392 3112 451 3179 καί
472 3112 628 3181 συνθέσει
648 3110 807 3202 ὑφεῖσαν·
828 3135 907 3179 nam
923 3109 982 3199 ἒᾲν
1000 3131 1107 3195 neque
1119 3108 1281 3194 aspiratur

165 3236 272 3299 neque
304 3236 379 3280 cum
405 3208 474 3280 ὑπό
501 3216 719 3299 conjungitur.
765 3213 878 3296 Quare
908 3213 999 3279 iilum
1037 3221 1094 3276 aut
1125 3208 1281 3277 aoriatum

165 3317 345 3383 seeundum
376 3336 449 3380 caso
475 3314 626 3400 suspicor
658 3313 749 3378 verbi
777 3310 900 3401 ὑφίημι
927 3313 963 3376 id
996 3322 1046 3378 est
1072 3306 1280 3393 ὑπενδίδωμι

164 3419 307 3495 concedo,
329 3424 367 3480 ut
387 3407 534 3492 ἀνεῖσαν,
557 3407 714 3499 ἀφεῖσαν,
739 3412 791 3476 vel
812 3413 953 3496 primum
967 3412 1058 3478 verbi
1074 3411 1280 3477 aifinisunde

164 3517 285 3600 ἕξομαι
311 3515 487 3602 repetitum
521 3514 651 3599 utrique
685 3511 772 3577 enim
797 3510 960 3577 interdum
987 3512 1140 3581 substitui
1168 3521 1279 3599 potest

163 3614 224 3704 δᾷν
250 3625 288 3681 ut
316 3616 413 3681 ctiam
438 3613 627 3701 Hesychius
656 3605 733 3701 ἧσεν
761 3601 869 3699 (ἧσεν)
898 3614 1129 3701 interpretatur
1156 3609 1278 3690 εἴασεν,

163 3709 334 3789 ἐκάθισεν,
357 3726 390 3780 ει
416 3717 508 3800 quod
537 3737 612 3780 cum
639 3718 710 3780 ειυσ
731 3714 956 3797 ,compositum
980 3726 1031 3780 εει
1057 3718 1183 3788 desino,
1209 3734 1278 3779 non

162 3838 237 3882 raro
265 3813 396 3880 asciscit
423 3815 693 3901 significationem
715 3812 893 3879 desistendi
920 3825 953 3881 ει
985 3815 1185 3881 destituendi
1213 3814 1281 3880 sive

177 4102 181 4111 -
230 4073 274 4131 ιιι
288 4075 455 4142 Κένραγμεν
465 4066 652 4121 Buttmauuus
665 4062 791 4117 Grann.
808 4062 844 4116 11.
857 4065 900 4116 rt.
919 4063 1074 4136 interponit
1086 4065 1147 4121 sine
1164 4066 1224 4120 ulla
1237 4074 1279 4121 ιε-

162 4152 342 4218 stidcatione,
360 4153 487 4209 novimus
504 4167 572 4206 varo
590 4151 727 4219 νίνριιχδε
749 4164 785 4200 ex
807 4139 954 4218 κεκράγετε
973 4158 1165 4221 contractum
1196 4149 1284 4225 ἐγρή-

163 4245 250 4310 γορθε
264 4256 321 4294 non
333 4238 500 4294 indicativus
511 4243 557 4293 est
568 4236 620 4292 sed
631 4230 825 4305 imperativus.
