2736 4778
143 368 209 436 nn
231 363 501 436 Pnosrrms1
522 360 585 429 nr
606 363 871 432 cremensi
904 361 943 430 c.
959 362 987 429 1.
1013 366 1039 449 s.
1053 364 1083 428 1.
1130 368 1178 440 21

67 557 186 620 nomen
209 552 332 642 leporis
354 550 473 630 σιάναξ
498 549 562 616 hoo
592 558 642 614 est
667 543 834 634 εὐκίνητος
854 546 953 632 ταχύς
975 547 1085 616 Schol.
1106 547 1182 615 Nic.

69 654 135 721 Th.
156 655 230 722 577.
273 656 401 725 Verum
420 662 540 739 urgent
560 651 625 717 alia
650 671 750 736 super
772 647 860 714 aliis:
886 651 994 730 στολάς
1012 646 1035 740 ἡ
1059 647 1128 731 ἶξάα
1150 661 1183 716 et

68 751 205 834 άατνλίς
236 754 343 840 φανὸν
381 751 462 821 ὅθεν
493 748 512 820 ὃ
540 748 615 833 ι’ξός
646 752 729 831 Hes.
757 747 870 837 ψόλος
895 745 916 837 ἡ
946 745 1074 838 duella
1103 750 1182 820 Scir.

69 855 140 923 od.
161 855 297 925 XXIV.
320 854 393 922 ³59.
424 853 541 940 quibus
568 853 758 939 adjunctum
785 850 915 918 videtur
946 848 1085 929 σπάθας.
1126 853 1184 918 Ad

39 1026 43 1038 ,
67 955 154 1023 haec
174 961 288 1044 μᾶρον
304 952 477 1040 ἀμάρακος
495 955 597 1022 Proll.
618 954 692 1022 310.
718 953 850 1038 μαῖμαξ
869 949 1061 1040 μαιμάαοης
1086 948 1186 1035 ἄμαι-

69 1056 217 1141 μάιιενος
237 1057 277 1123 oi.
294 1057 505 1126 Doederlein.
528 1055 638 1126 Gloss.
661 1080 695 1145 p·
712 1053 765 1121 95.
787 1051 896 1122 δάκνω
919 1048 1042 1137 ἆδάχαι.
1061 1051 1187 1142 δηγμός

71 1152 233 1244 άάαγμάς,
251 1157 433 1246 μαρμαίρω
456 1154 649 1245 ἇμαράσοοι.
693 1159 771 1223 Huc
792 1156 890 1223 etiam
911 1156 1028 1245 reponi
1046 1168 1187 1244 possunt
1247 1218 1251 1226 ,

63 1252 236 1345 Ἀφαρεύς
255 1259 342 1345 regis
355 1261 518 1326 Messenii
538 1282 660 1326 nomen
678 1256 829 1325 aPh'aris
841 1259 1030 1327 Messeniae
1052 1258 1186 1326 ductum

67 1370 220 1446 correpta
245 1360 367 1437 vocali3
396 1354 515 1450 ἀφάκη
542 1362 627 1429 vicia
654 1370 796 1448 cognata
823 1366 870 1450 νῷ
893 1366 994 1451 pouq}
1022 1371 1056 1437 et
1069 1357 1186 1431 Ἀστά-

66 1464 174 1548 λιφος
193 1460 231 1529 ιὰ
257 1462 339 1550 περὶ
362 1461 423 1549 τὴν
444 1460 591 1549 κιθάραν
614 1463 721 1547 δέρμα
741 1463 824 1528 Hes.
848 1483 868 1526 a
890 1475 1005 1530 neutro
1030 1462 1186 1551 στέρφος,

67 1562 135 1628 nisi
153 1562 265 1640 lallor3
294 1559 478 1650 Μούκηρος
506 1556 681 1652 ἀμυγδαλῆ
708 1564 790 1630 Hes.
823 1584 960 1649 quornm
988 1564 1186 1652 primitivum

68 1664 245 1733 ostendere
272 1663 399 1730 videtur
427 1662 565 1733 latinum
591 1685 662 1733 oen
688 1665 786 1731 affine
813 1688 932 1753 graeco
962 1666 1097 1752 νώγαλα
1117 1667 1185 1734 sive

68 1765 319 1851 νωγαλεύματα,
342 1768 509 1851 quomodo
531 1778 600 1834 tum
622 1767 687 1834 alie
706 1778 863 1835 vocantur
883 1769 992 1836 edulia
1008 1769 1044 1834 in
1065 1769 1186 1835 mensis
1229 1831 1230 1834 ,

70 1868 226 1935 secundis
253 1869 410 1956 apposita
437 1880 506 1936 tum
532 1869 711 1958 praecipue
736 1870 828 1937 varia
854 1893 975 1938 nucum
996 1880 1030 1937 et
1049 1872 1184 1938 nucleo·

69 1992 144 2037 rum
163 1986 302 2058 genera3
325 1969 432 2038 amelli
452 1993 583 2052 nomen,
612 1973 705 2057 cujus
725 1972 858 2038 frutices
881 1971 1065 2039 Columella
1087 1973 1188 2038 tradit

70 2071 193 2159 apibus
226 2056 444 2159 gratissimos*
467 2094 555 2150 esse,
590 2071 730 2137 fortasse
763 2073 875 2159 specie
899 2075 999 2138 modo
1033 2073 1141 2138 differt
1168 2095 1189 2138 a

71 2195 194 2261 graeco
214 2171 367 2255 usticam
389 2184 422 2239 et
441 2170 625 2253 μελίταινα.
667 2172 877 2239 Adulterum
898 2196 1003 2262 genus
1026 2175 1189 2262 pertinent

67 2297 159 2362 ¹quoe
179 2294 253 2342 cnm
273 2273 439 2362 prosthesi
460 2273 646 2342 merismum
665 2283 792 2340 mutant
819 2288 854 2342 ut
883 2271 1085 2365 άφλαισμάς,
1113 2278 1143 2344 si
1168 2300 1188 2343 n

70 2377 171 2466 φλύω
199 2377 379 2444 derivatum
401 2387 465 2456 est,
495 2376 537 2442 dc
559 2397 625 2461 quo
646 2375 746 2464 paulo
767 2387 858 2464 poat;
889 2373 1010 2468 ἀραιάς
1031 2379 1124 2465 παρὰ
1149 2378 1187 2447 τὸ

71 2476 224 2566 (laton)
256 2479 458 2566 πλεονασμῷ
491 2481 551 2545 τοῦ
578 2465 610 2545 ἆ.
657 2478 773 2556 Οὕτως
787 2476 993 2566 Ἡρωδιανὸς
1015 2478 1050 2547 ἒν
1070 2484 1112 2568 τῇ
1132 2507 1189 2549 αα·

71 2576 184 2647 θόλον
204 2578 285 2646 ΕΜ.
309 2579 381 2656 134,
406 2579 456 2644 17.
479 2577 632 2666 Theogn.
654 2580 702 2647 11.
723 2580 776 2658 52,
798 2580 849 2646 19.
873 2579 914 2646 de
938 2602 1004 2667 quo
1025 2579 1107 2647 nihil
1130 2583 1188 2648 de·

72 2677 185 2746 liniam
205 2680 270 2746 nisi
290 2681 381 2766 quod
403 2679 463 2747 sub
488 2679 600 2747 oculos
621 2681 723 2760 venit,
754 2681 913 2767 aiij‘ectivo
940 2683 1113 2751 convenire
1129 2707 1188 2753 vo·

71 2800 131 2848 ces
157 2779 200 2849 ab
228 2781 398 2868 Hesychio
430 2782 565 2848 traditas
588 2776 711 2870 Ἀρβόν
731 2781 862 2865 dosoris
883 2779 1012 2871 αἰραιόν,
1030 2779 1190 2870 Ἀρβάκας

72 2876 234 2968 ὀλιγάκις,
255 2883 355 2951 verbo
380 2893 488 2951 autem
503 2884 639 2952 latinum
649 2902 761 2953 rarus.
794 2884 864 2955 Sed
879 2885 1052 2953 manilesta
1063 2887 1190 2956 ratione

73 2985 282 3053 continentur
306 2985 399 3063 λίπα,
422 2979 558 3074 άλιιφα,
573 2982 703 3055 Ἀλῖναι
725 2980 866 3071 ἀλεῖψαι
887 2987 969 3055 Hos.
988 2986 1191 3075 latinumque

72 3088 190 3163 lima,
227 3087 346 3177 quibus
375 3086 483 3154 vicina
510 3096 586 3152 sunt
613 3081 726 3152 ἔλαιον
747 3084 855 3150 oleum
879 3079 980 3175 ὄλπη.
1021 3081 1191 3170 ’Ἄναυρος

73 3188 246 3277 proprium
275 3200 310 3256 et
334 3210 505 3257 commune
536 3211 557 3254 a
584 3181 653 3252 νάω
684 3184 837 3252 arcessivi
857 3185 958 3252 Proll.
981 3185 1054 3254 259.
1102 3189 1192 3258 Huic

72 3289 242 3379 persimile
260 3284 411 3377 ’Άμνρας
439 3291 517 3357 item
542 3285 632 3354 fluvii
654 3308 774 3353 nomen
799 3298 832 3354 et
852 3289 1085 3379 appellativum
1105 3285 1192 3372 άμα-

75 3417 133 3481 ρον
153 3389 257 3462 τόποι
279 3388 444 3479 κάθυγροι
467 3390 523 3459 καὶ
545 3383 628 3474 άγαν
650 3388 780 3477 ῥέοντες
800 3385 871 3459 cini
896 3397 956 3461 τοῦ
974 3389 1091 3479 μόραιν
1106 3395 1190 3462 Hes.

75 3493 130 3560 cui
159 3493 320 3560 assentior
347 3493 414 3560 fere
443 3494 502 3559 sed
525 3491 633 3557 demto
662 3494 711 3578 τῷ
731 3484 823 3577 άγαν.
866 3495 1005 3581 Σπέρχιν
1027 3489 1192 3585 ἅσπερχές

75 3605 111 3661 et
140 3595 303 3681 quaedam
333 3594 450 3660 similia
479 3593 589 3682 paullo
618 3603 696 3680 post
726 3593 920 3680 expendam.
965 3596 1062 3667 Nunc
1083 3610 1191 3668 autem

76 3696 251 3788 explicabo
274 3694 438 3784 prosthesi
459 3693 654 3762 contrariam
676 3693 881 3782 aphaeresin.

75 3974 190 4034 ridetur
208 3973 333 4049 ὅρμημα,
355 3994 412 4048 quo
431 3974 531 4032 Suidre
554 3979 683 4050 αἴθυγμα
704 3975 913 4050 interpretatur.
949 3975 982 4032 In
1000 3972 1190 4048 Euphorionis

74 4063 189 4135 anm.
208 4061 339 4119 CLXIII.
374 4061 500 4118 Meinek.
520 4061 614 4118 Anall.
631 4082 659 4136 p.
682 4064 739 4116 1⁵8.
761 4062 930 4124 άειῑλόνιοδος
952 4057 1111 4134 ottocarus,
1134 4061 1191 4117 lor·

75 4157 152 4206 usse
181 4151 376 4222 reponendum
403 4145 575 4212 ἀελλόποδας
603 4143 766 4219 ααθαράγας
794 4165 830 4205 ex
859 4146 1002 4217 Hesychio
1032 4139 1192 4223 lotdpoya
1233 4200 1236 4205 ,
1356 4203 1359 4210 ,

76 4231 201 4311 ταραχήν
211 4245 243 4293 ot
252 4234 425 4306 Theognost
439 4220 534 4291 crem*
543 4234 581 4290 11.
598 4235 694 4300 11,1t.
712 4229 858 4306 σαθάρνγξ
871 4228 888 4300 ἡ
901 4224 1012 4306 ταραχή.

148 4322 194 4396 ts)
205 4323 261 4400 Ap.
280 4323 384 4383 head.
402 4326 466 4390 tls·
483 4327 507 4380 5.
527 4321 628 4380 vitiose
647 4323 696 4400 ρέα
711 4319 845 4396 scriptum
861 4325 913 4379 ost.
