2736 4778
226 352 292 417 DE
312 338 583 419 PROSTHESI
603 349 666 414 ET
690 349 954 417 APHAERESI.
988 349 1117 419 Qvll.
1172 359 1244 431 109

127 541 206 618 βων,
231 535 398 620 quomodo
420 535 510 598 idem
529 532 665 596 variavit
684 531 724 596 Il.
746 531 810 596 [ll.
833 533 906 596 244.
927 534 1005 610 τοὺς
1026 533 1158 620 κάτεχεν
1179 564 1244 624 rpu-
1303 574 1308 579 ·

129 634 243 716 οἰζοος
265 628 379 701 οἰα-
392 634 477 721 φίλῃ
501 632 536 698 ἐν
557 632 697 716 πατρίδι
721 632 810 719 γαίῃ.
855 631 923 698 Sed
945 638 1140 719 posteriores
1162 640 1244 705 illud

130 737 263 823 saepius
292 736 329 799 in
358 735 465 820 primo
495 756 606 798 versus
634 733 708 798 loeo
735 733 899 798 eolloeant
922 735 1080 820 Apollon.
1101 739 1148 804 11.
1170 740 1243 806 664.

129 838 232 902 Anth.
250 839 312 905 VI.
333 837 407 900 253.
431 835 545 916 Quint.
562 835 644 901 XII.
666 835 740 899 410.
784 835 904 920 Neque
927 837 968 901 de
992 836 1142 903 omnibus
1162 840 1246 905 valet

130 940 224 1023 quod
240 938 303 1002 iste
319 937 366 1000 ait
383 932 478 1004 οὐδὲν
494 936 613 1022 κίνημα
634 929 720 1002 εἰναι
738 935 835 1018 παρὰ
852 936 890 1002 ad
912 934 1004 1019 εἰβιο,
1022 961 1099 1003 nem
1117 936 1247 1022 εἰβιμος

129 1035 149 1103 ὁ
173 1036 305 1118 στάζων
324 1036 411 1102 κατὰ
431 1036 508 1114 τοὺς
528 1032 697 1113 παλαιούς
718 1037 812 1102 Eust.
831 1047 864 1102 et
881 1034 991 1127 οἰφθῇ
1011 1035 1142 1125 siliquas
1161 1040 1244 1105 Hes.

128 1139 197 1202 His
221 1137 323 1202 simile
346 1136 434 1201 affert
456 1136 648 1214 Eustathius
672 1138 769 1215 1471,
792 1138 844 1202 28.
871 1135 990 1205 Ἰώνων
1008 1140 1066 1207 καί
1086 1137 1247 1209 Αἰολέων

130 1238 204 1306 ἐστὶ
225 1238 264 1305 τὸ
285 1236 387 1323 sillem
407 1229 444 1304 tie
468 1243 529 1304 τοῦ
551 1239 674 1322 λείβειν
700 1238 792 1304 καθὰ
815 1239 870 1306 καί
890 1239 928 1304 τὰ
954 1237 1106 1327 αἰψῃρός
1126 1243 1163 1309 ἐκ
1185 1248 1244 1310 νοῦ

127 1336 307 1426 λαιψηρός.
349 1339 469 1422 Neque
491 1361 585 1403 seeus
608 1339 704 1402 sentit
726 1338 915 1423 Hesychius
936 1337 1087 1426 Λίψηρὰ
1108 1344 1164 1409 καί
1185 1344 1245 1411 oia·

125 1443 175 1525 τῷ
196 1438 305 1522 λάβδα
325 1437 490 1524 λαιψηρά.
526 1441 691 1505 Homerus
714 1441 856 1524 quidem,
879 1441 907 1504 si
930 1442 1124 1527 scripturam
1147 1445 1246 1508 trala-

126 1539 236 1604 tioiam
266 1540 448 1624 sequimur,
483 1537 634 1627 αἰψηρός
666 1542 750 1606 dixit
778 1563 839 1626 pro
869 1538 1039 1627 αἰφνίδιος
1074 1543 1115 1606 de
1147 1543 1243 1609 rebus

128 1664 215 1727 quae
241 1642 306 1706 eito
333 1643 415 1706 fiunt
442 1653 480 1705 ut
507 1639 607 1724 κόρος
634 1639 800 1727 αἰψηρός,
829 1642 903 1718 daig
930 1637 1079 1728 αἰψηρή,
1109 1644 1244 1709 alterum

125 1764 203 1808 vero
233 1741 404 1828 epitheton
432 1742 510 1806 facit
539 1742 676 1807 eitorum
705 1742 888 1818 hominum,
922 1741 1064 1826 pedum,
1095 1745 1241 1813 telorum.

125 1846 204 1909 Hoe
237 1856 345 1909 tamen
376 1843 549 1908 discrimen
569 1845 640 1927 jam
667 1844 836 1909 Hesiodus
867 1843 1028 1908 transiluit
1058 1845 1087 1908 si
1113 1847 1244 1912 Borean

126 1941 422 2030 αἰψηροκέλευθον
442 1944 629 2021 nominavit,
652 1944 686 2008 in
707 1967 772 2028 quo
792 1944 866 2008 libri
887 1944 1014 2007 variant
1031 1967 1061 2007 v.
1074 1947 1243 2012 Muetzell.

126 2046 170 2110 de
190 2044 319 2130 Theog.
337 2045 390 2109 47.
416 2055 448 2108 et
471 2044 527 2128 qui
548 2043 699 2130 αἰψηρὸς
721 2043 821 2120 πούς,
843 2040 989 2128 αἰψηροί
1011 2038 1129 2125 ἰίνεμοι
1149 2068 1244 2109 usur-

126 2156 250 2231 parunt
268 2156 305 2208 ut
319 2144 467 2209 Philetas
489 2157 522 2208 et
534 2142 725 2229 Lycophro‚
746 2164 812 2207 uon
831 2141 966 2206 dubium
984 2153 1034 2206 est
1049 2142 1128 2226 quin
1147 2168 1245 2212 unam

126 2247 257 2330 utrique
279 2245 475 2310 sententiam
497 2243 704 2330 subjecerint.
747 2243 865 2328 Neque
887 2253 995 2309 tamen
1018 2267 1058 2309 ea
1078 2268 1114 2310 re
1136 2248 1243 2312 unitas

127 2347 239 2433 stirpis
263 2349 481 2412 confirmatur.
524 2343 692 2433 Αἰψηρός
713 2346 846 2430 quidem
867 2357 990 2410 eertum
1012 2357 1063 2411 est
1088 2347 1129 2411 ab
1153 2343 1243 2432 αἰψα

126 2459 346 2532 propagatum
373 2468 446 2511 esse
475 2447 535 2511 sed
563 2444 733 2534 λαιψηρός
759 2447 898 2512 fortasse
927 2447 968 2511 ab
997 2448 1067 2511 alio.
1091 2448 1242 2524 themate,

125 2547 180 2613 eui
202 2549 334 2632 λαῖλαψ
358 2547 523 2613 adhaeret.
565 2547 599 2611 N
601 2569 638 2611 ee
658 2548 765 2612 minus
792 2547 1016 2613 haesitationis
1044 2545 1166 2612 habent
1190 2571 1243 2613 re·

124 2648 219 2733 liqna
231 2647 523 2713 Grammaticorum
543 2660 748 2745 argu—menta:
770 2643 935 2735 οἰφύσσειν
953 2647 1078 2734 eranam}
1103 2644 1122 2735 ἡ
1146 2650 1243 2729 λέξις,

123 2747 217 2830 ὅπερ
242 2747 276 2812 ἐν
300 2749 505 2834 πλεονασμῷ
530 2753 591 2815 τοῦ
617 2752 637 2815 λ
663 2747 824 2834 λοφύσσω
851 2751 976 2832 γίνεται
1001 2749 1111 2834 Epim.
1137 2749 1165 2814 I.
1189 2752 1242 2816 39.

124 2861 160 2913 et
175 2847 257 2913 ΕΜ.
275 2848 346 2924 180,
361 2849 391 2913 8.
416 2849 472 2934 qui
494 2851 584 2933 quod
608 2849 701 2913 addit
722 2844 819 2936 ἆψύω
843 2871 884 2913 ex
906 2843 998 2933 ἆρύω
1020 2848 1141 2913 factum
1160 2872 1243 2928 esse,

124 2971 167 3014 eo
199 2948 340 3033 pertinet
370 2960 407 3013 ut
435 2961 607 3035 utrumque
638 2948 773 3013 verbum
803 2973 870 3014 non
902 2950 991 3013 idem
1020 2951 1153 3033 quidem
1184 2952 1244 3016 sed

124 3061 306 3134 cognatum
324 3072 397 3116 esse
415 3051 560 3115 dieamus
577 3051 702 3115 Teehn.
720 3050 793 3112 244.
812 3049 975 3130 λαφύσοω
1000 3071 1076 3114 vero
1095 3073 1115 3114 a
1127 3049 1243 3118 λάπνιο

124 3150 306 3215 derivatum
340 3162 391 3215 est
423 3151 721 3237 onomatopoetieo.
775 3149 970 3232 Λεχεποίην
990 3182 1027 3195 ·—
1049 3147 1080 3212 εἰ
1111 3150 1171 3231 μὲν
1203 3151 1241 3215 τι)

125 3249 213 3335 ἔχειν
231 3249 391 3334 ἔγκειται,
410 3249 625 3335 πλεονασμός
644 3249 742 3324 ἐστιν,
765 3244 795 3314 εἰ
814 3250 850 3315 δὲ
869 3248 905 3313 τὰ
927 3248 1035 3330 λέχος,
1059 3243 1243 3326 ἀντίθεσις·

124 3351 214 3434 πρὸς
244 3352 305 3438 τὴν
332 3348 498 3439 διάφορον
525 3347 696 3438 σημασίαν
724 3346 890 3435 διάφορον
917 3348 1035 3428 πάθος
1062 3347 1173 3416 Sohol.
1199 3352 1242 3416 A.

125 3452 170 3516 ed
191 3451 232 3515 Il.
252 3450 313 3518 IV.
333 3452 407 3518 383.
431 3463 464 3517 et
484 3451 614 3516 brevius
634 3450 714 3514 ΕΜ.
738 3449 810 3525 180,
834 3449 863 3513 8.
896 3449 1112 3513 Pleonasmus
1133 3451 1188 3516 ille
1209 3452 1244 3517 in

123 3552 227 3618 verbo
255 3551 422 3618 tritissimo
449 3552 534 3635 ἔχειν
559 3573 694 3639 prorsus
722 3549 888 3614 inauditus
913 3560 946 3614 et
969 3572 1028 3613 sua
1053 3568 1170 3637 sponte
1192 3554 1241 3620 in·

125 3652 292 3719 credibilis
321 3664 381 3719 est.
428 3653 637 3738 Relinquitur
668 3672 747 3736 ergo
780 3651 997 3736 compositum
1028 3663 1065 3715 ut
1097 3653 1139 3717 sit
1169 3678 1244 3720 eum

125 3755 222 3837 λέχος
246 3756 298 3820 vel
327 3756 448 3821 omisso
462 3741 504 3822 ο
522 3755 623 3819 micro
651 3751 790 3838 genitivi,
810 3752 901 3836 quod
928 3752 1090 3838 integrum
1116 3770 1245 3820 servant

125 3851 357 3940 ἐλεόθρεπτος
386 3870 419 3920 et
444 3849 645 3941 ἰνρεοτὺπος,
676 3854 746 3929 vel,
779 3853 944 3936 quomodo
973 3853 1027 3918 ille
1058 3854 1152 3931 dicit,
1184 3878 1245 3939 per

125 3954 304 4020 antithesin
335 3966 371 4020 ut
400 3951 589 4043 θηρεφόνη,
618 3950 810 4041 ὀρεψοίιης·
832 3966 865 4020 et
894 3955 958 4018 alia
977 3978 1071 4038 -quae
1099 3968 1244 4018 veterum

125 4055 272 4120 sollertia
298 4056 432 4121 notitiae
461 4066 591 4121 nostrae
619 4055 754 4119 tradidit
779 4078 809 4121 v.
839 4055 881 4119 ad
907 4054 987 4120 Phr.
1010 4055 1082 4119 677.
1113 4064 1144 4117 et
1171 4053 1243 4119 679.

121 4157 232 4222 Nemo
251 4169 359 4223 autem
373 4158 408 4224 in
424 4154 486 4223 hae
503 4157 692 4243 quaestione
711 4156 818 4241 attigit
833 4150 1039 4230 ressuscites,
1060 4153 1150 4237 quod
1167 4155 1245 4238 quia

124 4259 218 4343 apud
238 4281 339 4322 unum
355 4259 497 4345 vulgaris
517 4271 613 4323 notae
632 4269 763 4345 poetam
780 4256 909 4340 legitur,
929 4265 1119 4340 suspectum
1134 4254 1243 4324 habui.
