2736 4778
162 316 226 381 DE
247 309 518 380 PROSTHESI
537 308 600 374 ΕΤ
623 308 884 376 APHAERESI.
917 306 958 375 C.
973 307 1051 376 VII.
1105 311 1178 382 149

65 492 155 566 εἶναί
174 515 274 585 φασι·
295 493 348 561 διὰ
374 490 433 558 καὶ
453 489 492 554 τὸ
516 484 682 573 μακάριον
703 482 911 570 ὠνομάκασιν
932 478 1001 557 duri
1024 497 1085 559 τοῦ
1104 487 1179 573 χαί-

67 624 148 683 ρειν.
190 597 258 660 Hic
280 604 392 658 tamen
411 586 651 655 meminerimus
671 596 801 673 oportet
821 589 1035 675 philosophos
1055 603 1179 656 veteres

65 710 102 764 et
122 692 398 784 philosophorum
418 687 537 754 similes
551 686 637 772 juris
658 687 828 754 consultos
848 687 1033 772 hujusmodi
1056 703 1180 776 etymo-

68 798 169 883 logiis
190 817 260 860 non
282 804 350 858 tam
371 789 528 876 originem
543 787 778 854 vocabulorum
795 787 1005 875 grammatice
1023 790 1183 874 explicare

71 919 171 982 quam
188 894 358 959 notionem
375 912 448 956 eum
467 910 548 956 voce
568 900 804 975 congruentem
819 888 997 956 lectoribus
1013 899 1088 954 ente
1106 911 1184 954 oeu-

73 998 126 1062 los
148 1015 273 1082 ponere
292 990 445 1066 voluisse3
468 1011 567 1074 quam
587 989 622 1053 in
636 1013 705 1056 rem
719 991 820 1055 multa
834 990 953 1076 collegi
968 991 1003 1054 in
1017 989 1185 1076 Aglaoph.

76 1096 139 1160 867
159 1118 207 1178 sq.
226 1094 267 1158 de
282 1089 456 1157 Aristotele
476 1090 551 1177 ipso
572 1091 655 1155 dixit
671 1091 792 1157 Zellius
810 1091 853 1155 ad
869 1091 999 1156 Nicom.
1016 1091 1064 1155 Π.
1083 1112 1117 1177 p.
1134 1089 1186 1155 60.

76 1199 153 1261 Ηοο
174 1194 310 1259 fortusse
330 1191 459 1277 signum
481 1206 640 1275 sequutus
655 1193 859 1258 Philoxenus
880 1193 915 1257 in
935 1191 1019 1258 libro
1043 1192 1085 1256 de
1107 1213 1186 1255 ane·

75 1294 284 1380 diplasiasmo
311 1291 367 1359 illu
397 1290 536 1357 effutivit
563 1314 648 1377 quae
676 1294 782 1359 Orion
810 1294 907 1359 refert
938 1294 1090 1372 104,18.
1119 1317 1186 1374 μα-

71 1400 185 1477 υῶμαι
206 1392 301 1477 παρὰ
330 1392 369 1459 τὸ
397 1396 448 1458 οῶ
477 1389 518 1458 νδ
540 1393 623 1461 οείω
648 1394 704 1460 καί
726 1394 916 1477 προςλαβόν
943 1394 1002 1481 τὴν
1028 1381 1080 1477 ἵνα
1109 1395 1188 1460 ουλ-

73 1493 178 1582 λαβὴν
197 1496 357 1576 μαοῶμαι
380 1491 419 1560 τὸ
445 1488 494 1568 είς
521 1493 629 1560 λεπτὰ
656 1492 717 1581 τὴν
746 1492 875 1581 τροφὴν
902 1494 1106 1578 κερματίζειν,
1135 1492 1188 1556 oui

71 1594 137 1659 alie
158 1593 322 1658 adduntm
341 1591 394 1657 vel
415 1591 562 1676 ejusdem
584 1593 725 1659 auctoris
747 1593 800 1659 vel
827 1594 973 1677 ejusdem
1000 1591 1188 1658 temeritatis

75 1703 271 1761 commentar
291 1688 447 1778 μασχάλῃ
468 1686 537 1759 ἀπὸ
561 1697 621 1759 τοῦ
643 1690 754 1779 σχήσω
777 1691 881 1779 οχοίλρ
903 1688 975 1759 κατ’
1001 1688 1189 1760 ἀναδιπλο-

75 1792 230 1878 οιαομόν,
250 1788 377 1876 μάχλος
401 1786 470 1858 ἀπὸ
492 1796 552 1859 τοῦ
572 1794 681 1874 καλῶ,
702 1789 827 1877 μάστιξ
846 1793 881 1860 ἐκ
902 1796 963 1860 τοῦ
982 1791 1104 1873 cellere
1126 1802 1187 1859 etc.

75 1895 156 1960 Plus
184 1891 341 1980 ponderis
370 1890 491 1956 hebent
527 1914 611 1977 quae
637 1893 825 1976 Hesychius
853 1895 999 1980 largitur.
1042 1894 1190 1958 Primum

75 1993 244 2077 Σάβυιτος
268 1991 305 2059 τὸ
335 1997 537 2077 γυναικεῖον,
569 1994 660 2076 quod
684 1993 761 2057 alibi
790 1990 909 2074 ῥύπον
931 1993 1042 2057 vocari
1061 1992 1191 2067 scribit3

76 2094 152 2158 Itali
178 2104 271 2177 pottu
298 2100 417 2156 vocant
445 2101 559 2174 estque
584 2091 648 2156 hoc
677 2113 797 2155 nomen
827 2114 887 2177 per
915 2093 1099 2177 complures
1121 2091 1191 2155 die·

77 2195 180 2260 lectos
208 2192 376 2278 vulgatum
405 2212 435 2255 v.
456 2191 593 2276 Menag.
622 2191 741 2276 Origg.
764 2191 839 2257 Ital.
866 2216 893 2258 s.
917 2192 948 2258 h.
971 2217 1000 2258 v.
1041 2193 1192 2261 Alterum
1270 2206 1277 2221 ·

76 2293 255 2379 Σίραμφος
281 2290 414 2379 ῥύγχος,
444 2289 535 2375 quod
562 2290 644 2355 nihil
673 2291 780 2356 differt
807 2314 827 2357 a
856 2293 992 2382 ῥάμφος
1009 2317 1042 2359 v.
1064 2294 1191 2361 Techn.

78 2393 217 2475 303.³⁵)
260 2391 332 2457 Nec
361 2392 455 2477 piget
481 2413 647 2477 apponere
674 2393 797 2458 novitia
825 2393 953 2476 οίχίιος
979 2406 1013 2459 et
1036 2394 1129 2476 χλιός
1157 2396 1193 2460 id

78 2503 131 2557 est
149 2487 288 2577 χλιαροῖς
305 2492 365 2558 Du
388 2490 492 2576 Cang.
515 2491 661 2573 νζικνίδα
684 2514 744 2580 pro
768 2492 902 2573 κνίοοα,
929 2493 1111 2578 νζικρίκιον
1131 2518 1192 2580 pro

79 2590 209 2678 κρίκος,
241 2613 328 2676 quae
355 2589 478 2659 Coraes
513 2591 557 2655 ad
575 2592 677 2659 Isoer.
701 2617 734 2680 p.
756 2592 808 2658 65.
839 2593 882 2656 ad
902 2593 1195 2679 reduplicationem

79 2691 187 2756 refert
230 2689 372 2768 Σίναπι,
402 2691 492 2775 quod
517 2691 614 2757 attice
636 2697 724 2760 νᾶπυ
746 2693 878 2771 dicitur,
902 2693 1113 2760 Grammatici
1136 2717 1193 2759 ex-

81 2791 177 2858 oticis
199 2790 388 2857 adscribunt
406 2812 436 2857 v.
456 2792 575 2859 Perell.
597 2792 670 2858 200.
693 2816 754 2860 nec
777 2794 852 2861 sciri
874 2805 984 2881 potest
1003 2807 1111 2862 utrum
1127 2797 1193 2880 syl-

79 2893 158 2957 laba
185 2891 232 2956 illi
262 2891 376 2956 addita
400 2914 443 2957 an
470 2891 548 2957 huic
575 2892 704 2958 ademta
731 2894 783 2959 sil.
831 2894 959 2976 Πάζιον
980 2907 1013 2961 et
1033 2896 1196 2977 τοπάζιον

81 2991 271 3077 Hesychius
294 3002 327 3057 et
341 2992 437 3058 Eust.
457 2992 500 3056 ad
514 2992 615 3059 Dion.
629 2993 722 3056 1121.
744 2995 891 3076 ejusdem
912 3017 1059 3079 gemmae
1077 3017 1197 3062 nomen

85 3115 159 3158 esse
180 3093 312 3159 tradunt
331 3092 372 3157 cf.
394 3092 566 3175 Kiessling
589 3091 625 3154 in
647 3090 721 3155 Ind.
753 3091 797 3154 ad
818 3092 931 3157 Tnetz.
955 3092 1040 3159 Chil.
1067 3117 1100 3180 p.
1123 3095 1197 3164 564.

80 3194 174 3279 quod
195 3193 224 3258 si
244 3215 286 3258 ex
307 3192 460 3259 hebreico
482 3210 631 3257 sermone
648 3190 752 3266 fluxit,
772 3191 846 3256 voci
867 3193 1059 3279 peregrinae
1079 3190 1199 3275 πάζιον

82 3294 222 3360 accessit
243 3293 376 3378 syllaba
410 3291 739 3358 Fruticemeundem
750 3293 869 3359 Graeci
889 3296 1040 3383 μυρίκην,
1058 3295 1200 3362 Romani

83 3393 261 3459 tamaricen
285 3393 492 3480 appellarunt
499 3417 508 3468 ;
541 3391 605 3455 utri
625 3392 749 3470 verius,
778 3416 846 3459 non
868 3407 1013 3474 constet,
1042 3397 1107 3463 nisi
1136 3420 1201 3483 qua

84 3495 131 3558 illi
150 3516 224 3559 cum
239 3504 345 3578 myrto
362 3492 423 3556 luit
440 3490 628 3571 similitudo,
646 3482 737 3578 quod
753 3495 932 3561 credidisse
949 3497 1077 3564 videtur
1087 3498 1198 3566 Theo-

85 3594 158 3660 criti
189 3595 349 3681 interpres
389 3590 532 3679 μυρίκας
566 3591 618 3658 bis
649 3604 777 3660 vertens
816 3595 988 3683 μυρσίνας.
1040 3598 1201 3688 Hesychii

86 3697 200 3782 glossa
224 3687 457 3782 Τετρυφοίλεια
477 3693 727 3782 repraesentata
751 3695 846 3761 fluxit
868 3718 908 3762 ex
928 3697 968 3764 Il.
990 3699 1036 3767 X.
1061 3702 1111 3767 76.
1135 3728 1201 3791 φα-

87 3793 156 3882 εινή
179 3818 217 3861 τε
237 3789 434 3882 τρυφάλεια.
454 3829 495 3840 -
523 3791 578 3857 Ab
607 3791 768 3883 ἐπιμελής
798 3806 830 3860 et
850 3795 926 3864 hinc
949 3800 1100 3867 derivatis
1121 3803 1203 3867 nihil

158 4045 205 4112 75)
224 4044 334 4100 Eodem
355 4045 441 4100 modo
466 4042 585 4099 crevisse
609 4043 722 4101 videtur
742 4043 899 4123 Σαοίρυγα
922 4046 1052 4123 ταραχήν.
1093 4049 1204 4109 Nomen

88 4133 219 4203 rapimur,
237 4131 316 4202 quod
333 4127 362 4184 in
374 4127 524 4185 Glossariis
541 4122 628 4199 πεύκη
646 4139 675 4185 et
692 4137 773 4195 πίνος
787 4133 926 4199 redditur,
943 4133 1094 4190 Salmasius
1113 4136 1203 4211 suspi-

89 4224 168 4270 catur
187 4232 224 4269 ex
242 4214 394 4286 sepopinus
412 4223 586 4271 contractum
605 4233 675 4273 esse.
