2736 4778
354 352 419 418 DE
443 351 722 421 PARECTASL
767 350 807 419 0.
829 352 891 420 lv.
923 355 948 436 ξ.
972 352 1002 419 i.
1165 359 1239 437 Μ

122 534 184 603 bus
205 535 330 603 silitum
351 557 438 602 esse.
483 535 552 603 Sed
569 536 691 620 justior
711 547 820 603 temen
839 535 949 602 mendi
967 537 1112 624 suspieis
1130 538 1159 607 ei
1175 538 1245 626 ioue

122 635 284 721 reperitur
312 635 347 700 in
379 636 562 720 adjectivis,
593 658 733 722 quorum
759 637 922 724 primitive
950 660 991 705 eo
1020 650 1153 717 (ιιι-επις
1184 662 1244 708 ess-

116 735 264 820 jusmodi
296 736 359 801 trie
390 737 544 822 leguntur
574 736 609 803 in
640 737 858 824 Hippocratis
894 738 987 805 libris
1019 733 1245 831 ἠλεκτριώόης

121 837 222 924 E'pid
245 837 307 905 IV.
329 837 404 903 535.
430 837 472 905 Τ.
495 838 559 905 ΠΙ.
583 838 662 922 (159
683 838 800 923 Lind.)
830 839 872 905 sb
895 841 1055 907 Erotieno
1083 840 1244 918 iteratum,

123 935 328 1024 ὶκτηριώδης
352 938 397 1005 ib.
426 939 500 1005 ool.
529 950 562 1005 et
587 938 810 1025 compluribus
845 940 927 1008 loeis
962 964 1023 1028 pro
1054 937 1245 1027 ἷκτερώδης,

124 1038 216 1122 quod
235 1037 314 1105 alibi
333 1039 454 1125 legitur
474 1063 504 1106 v.
526 1040 572 1107 ed
591 1040 671 1107 Phr.
682 1040 735 1106 80.
756 1041 833 1109 sdn.
850 1036 1245 1127 tertiumque-idpsum-

124 1145 185 1225 (1ης
204 1138 305 1225 Epid.
328 1141 406 1209 VII.
429 1140 502 1211 698.
529 1142 622 1226 cnjus
650 1141 754 1209 facilis
777 1153 827 1208 est
848 1142 1058 1231 commutetis
1079 1135 1245 1227 insideo·

124 1243 277 1327 ποοιόής.
330 1240 400 1311 Sed
431 1242 676 1330 τραχηλιώόης,
713 1265 780 1328 quo
811 1245 892 1310 EM.
925 1245 1006 1322 751,
1036 1244 1091 1311 33.
1105 1310 1108 1314 ,
1123 1264 1245 1315 nomen

124 1340 322 1428 τελχινώόης
343 1343 504 1430 explicet,
526 1365 594 1408 non
615 1343 705 1409 idem
724 1344 888 1430 signifieat
906 1354 1006 1431 etque
1028 1340 1245 1430 τραχηλῶδης

126 1442 196 1505 sive
211 1439 446 1532 τραχηλοειὸής
466 1445 527 1511 sed
546 1456 596 1510 est
618 1467 679 1530 pro
701 1440 910 1533 σκληραύχην
926 1445 1110 1511 cervicosus
1127 1444 1180 1528 (ut
1196 1443 1244 1509 sie

125 1542 247 1628 dican)
270 1543 424 1631 idemque
444 1544 628 1634 τραχηλίας
650 1544 715 1610 diei
739 1556 870 1631 poteret
890 1555 927 1610 ut
951 1543 1111 1637 στομίας,
1139 1566 1245 1628 μειω-

123 1641 208 1722 πέας
229 1644 357 1730 elinque
378 1645 514 1714 nomine
536 1646 775 1732 empiifioetive.
808 1647 935 1711 Notum
949 1666 1028 1712 vero
1045 1654 1097 1713 est
1110 1643 1245 1721 verbum

122 1748 320 1833 τραχηλιᾷν,
349 1768 458 1832 neque
485 1745 630 1813 mirabor
658 1748 686 1812 si
708 1747 782 1833 quis
802 1746 846 1814 eb
869 1748 1023 1813 alterutro
1044 1745 1161 1815 horum
1183 1747 1244 1811 ud-

117 1846 276 1930 jeotivum
304 1847 387 1915 illud
413 1859 552 1935 repetet·
569 1858 669 1934 etque
698 1847 759 1915 hae
786 1849 839 1914 vie
867 1850 965 1915 etism
992 1844 1190 1934 ἰκτεριώδης
1211 1859 1246 1913 et

123 1942 351 2034 ὑόρωπιώδης
377 1972 398 2015 s
428 1949 615 2036 suspicione
646 1949 799 2016 vindicet.
850 1950 945 2014 Haeo
980 1958 1057 2013 sunt
1087 1968 1173 2033 quse
1203 1947 1244 2012 de

124 2048 316 2133 pleonasmo
344 2050 454 2117 dicens
479 2050 591 2117 hebui.
645 2052 687 2116 In
715 2050 909 2116 oontnuriem
942 2062 1066 2135 portem
1094 2048 1245 2115 oberrent

125 2149 286 2234 adjective
306 2172 391 2236 quse
411 2151 479 2217 iote
501 2151 672 2237 primitivis
697 2151 831 2216 insitum
857 2162 982 2215 exuunt
1002 2161 1035 2215 et
1056 2150 1244 2237 deponunt:

124 2249 353 2338 στερσμνώόης
376 2251 541 2338 Porphyr.
565 2252 606 2317 eb
626 2252 788 2337 adjectivo
810 2274 893 2338 puro
916 2253 1066 2330 ductum,
1096 2262 1245 2318 osterse

125 2349 352 2418 substantivis:
367 2355 561 2437 oteusddpc
581 2354 616 2419 in
632 2354 752 2421 Galeni
763 2354 874 2422 Gloss.
891 2349 1038 2443 νοτώδης
1052 2353 1143 2440 upud
1155 2353 1244 2439 Hip-

125 2462 293 2545 pocraten:
322 2453 433 2540 ipsum
460 2455 502 2520 de
529 2454 639 2521 Morb.
667 2478 748 2523 seor.
777 2454 819 2524 Τ.
847 2455 875 2521 Ι.
908 2454 982 2520 608.
1011 2454 1127 2538 (Lind.
1153 2453 1243 2535 639.)

125 2554 218 2639 quod
241 2576 262 2619 e
285 2553 381 2623 emis
408 2565 547 2621 truotum
572 2568 623 2622 est
649 2580 716 2623 non
743 2581 765 2622 n
786 2555 949 2644 primitivo
971 2553 1083 2634 νότος,
1114 2564 1148 2620 et
1169 2552 1245 2621 huic

124 2677 185 2740 pur
205 2655 353 2739 ejusdem
379 2656 547 2743 scriptoris
571 2655 806 2745 τενθρηνώόης
827 2678 894 2723 non
915 2678 936 2720 e
956 2652 1121 2743 ιενθρήνη
1143 2653 1204 2720 sed
1224 2678 1245 2719 e

124 2767 241 2822 neutro
279 2758 472 2842 teodovinus
505 2759 683 2837 detortum,
720 2759 810 2824 unde
848 2757 968 2825 rectius
998 2754 1245 2844 τενθρηνιώὸης

123 2860 281 2925 formans
307 2868 345 2923 ut
371 2856 413 2923 ab
440 2851 621 2947 ἅνθρήγιον
647 2854 893 2946 ἀνθρηνιώδης,
931 2858 1112 2941 sedemque
1151 2856 1244 2923 litera

122 2959 221 3025 teoiie
252 2957 348 3025 reddi
376 2969 486 3044 potest
521 2960 647 3025 esteris.
702 2961 826 3026 Verum
852 2959 887 3023 in
918 2959 1025 3044 ellipsi
1054 2957 1244 3054 conspirent

124 3060 287 3146 adjective
308 3059 427 3145 quibus
447 3082 532 3145 ques
554 3060 741 3146 enteposite
762 3068 840 3123 sumt
859 3058 992 3124 nomine
1012 3057 1048 3121 in
1071 3082 1103 3135 ις
1124 3070 1245 3123 exeunt

124 3162 269 3248 genitivo
292 3182 395 3247 puro:
423 3157 643 3249 κισσηρώδης.
664 3161 755 3246 quod
783 3159 915 3247 saepius
943 3159 1063 3246 legitur
1083 3180 1150 3224 une
1171 3180 1245 3224 oum

125 3263 278 3350 syntheto
317 3255 554 3347 κισσηροειὸής
597 3271 631 3327 et
667 3259 767 3327 verbo
808 3265 1071 3348 κισσηροῦσθαι,
1118 3260 1244 3344 trisque

125 3365 226 3432 semel
257 3365 389 3431 invente
416 3361 476 3426 sed
502 3358 594 3425 libris
621 3361 897 3428 concordantibus
931 3358 1107 3448 μαντώόης
1133 3362 1243 3427 Noun.

126 3460 355 3553 παρδαλιόδης
375 3463 497 3531 Athen.
521 3472 555 3529 et
575 3455 707 3551 ἀσώδης
735 3461 753 3531 ὃ
780 3461 942 3552 πηλώδης
971 3461 1066 3547 παρὰ
1086 3460 1147 3551 τὴν
1169 3458 1246 3530 ἄσιν

125 3565 238 3636 Sehoi.
266 3563 390 3634 Aeseh.
423 3565 542 3652 Suppl.
572 3566 624 3631 31.
650 3565 715 3631 nisi
745 3575 948 3652 prototypon
975 3561 1047 3629 finit
1067 3557 1133 3650 ὅση
1155 3563 1244 3631 idem

125 3668 324 3755 significans.
367 3666 432 3733 His
451 3688 537 3752 ques
559 3666 704 3739 detrsote
724 3677 775 3731 est
794 3665 917 3732 vooelis
942 3663 1065 3731 residet
1084 3663 1119 3729 in
1147 3661 1242 3747 2000}-

125 3774 187 3856 (1ης
210 3780 244 3836 et
265 3764 416 3857 ὀφιώδης
437 3769 506 3835 sive
527 3766 570 3833 eb
592 3767 692 3833 ettioo
714 3766 858 3853 genitivo
882 3760 1054 3854 ὀφεώδης,
1080 3766 1242 3831 similitor-

125 3894 190 3957 que
217 3869 409 3957 τροφιώόης
436 3891 456 3934 e
485 3869 643 3936 defectivo
676 3874 796 3955 τροφις
827 3867 930 3955 τρόφι
964 3876 1070 3931 ortum
1103 3867 1242 3939 videtur,

125 3994 192 4059 quo
222 3970 450 4058 praetermisso
481 3970 627 4037 Galenus
658 3968 693 4035 in
725 3970 836 4038 Gloss.
870 3968 912 4032 ud
945 3967 1056 4031 theme
1086 3964 1242 4029 remotius

124 4071 308 4161 regreditur
330 4066 524 4161 τροφιώὸης
544 4069 643 4158 ’παρὰ
674 4069 711 4138 τὰ
742 4069 948 4160 τρέφεσθαι·
980 4065 1021 4129 ab
1048 4063 1112 4128 hoe
1134 4075 1242 4131 eutem

124 4171 253 4263 τροφός
272 4172 444 4239 deseendit
464 4183 497 4239 et
518 4172 673 4260 deinceps
694 4169 873 4259 spopuidqg
888 4175 924 4230 ut
939 4160 1147 4254 στροφώόης,
1164 4191 1242 4255 τρο-

124 4274 256 4360 μώόης,
287 4273 486 4361 φθορώδης,
516 4270 671 4361 φονώδης
701 4285 762 4339 etc.
815 4272 938 4339 verum
967 4267 1123 4353 quoniam
1144 4268 1244 4335 semel
