2736 4778
157 360 214 425 nn
237 357 482 440 araucensi
505 357 706 425 nnnansr
728 365 786 425 eo.
820 359 890 425 rer.
915 358 948 425 o.
960 359 1001 425 11.
1024 358 1093 446 §.a
1149 358 1189 424 ra

71 531 132 590 tur.
176 518 544 590 introduximus
578 520 720 589 ἕστασαν
753 515 830 611 ηἶιττ
852 523 961 608 πέτροι
986 517 1188 612 ὀλοοίτροχοι

70 627 299 695 Valckenarius
332 630 366 691 et
386 625 564 690 Meinekius
597 631 770 707 posuerrmt
796 625 1006 709 trisyllabum,
1040 645 1100 709 quo
1122 646 1189 695 aar·

70 737 163 797 vatur
195 728 357 813 productio
394 727 534 811 syllabae
570 729 748 810 proximae;
788 729 884 809 ceteri
917 729 1011 810 epici,
1051 730 1079 795 si
1111 731 1190 797 illud

70 840 171 901 metro
193 837 358 916 repugnat
383 829 566 914 praeterunt
588 823 671 909 εὖτε,
695 852 722 896 v.
746 831 884 915 Koechly
906 832 947 897 ad
969 831 1073 910 Quint
1094 832 1188 899 Proll

70 955 100 1019 p.
123 935 292 1002 LXXXIII
314 940 347 1000 et
370 924 442 1000 Ott¹
458 933 636 1000 Schneider.
659 935 700 999 ad
721 934 868 999 Nicandr.
890 953 920 1017 p.
943 932 994 1000 89.
1044 935 1082 1001 Ιι]
1105 938 1188 1003 Ana-

71 1040 207 1104 creontis
229 1038 354 1120 Fragm.
376 1056 433 1120 pro
457 1028 566 1124 δἠὖτε
587 1056 670 1103 nunc
692 1042 834 1103 conserte
857 1036 1005 1103 scribitur
1027 1040 1135 1126 δηῦτε,
1157 1040 1190 1105 id

70 1148 190 1222 autem,
224 1143 290 1208 sire
326 1160 364 1206 ex
385 1138 426 1227 δὴ
449 1131 530 1207 αὖτε
553 1139 758 1221 compositum
793 1147 855 1219 est,
891 1141 957 1206 sive
991 1141 1123 1223 simplex
1151 1161 1189 1207 ex

69 1248 163 1313 δεῦτε
186 1262 378 1322 conversum,
401 1242 547 1307 huonon
569 1244 721 1323 convenit,
744 1243 861 1325 quippe
882 1245 1054 1310 Aeolicum.
1110 1244 1186 1328 Epi-

68 1366 137 1414 cam
158 1367 233 1414 vero
254 1345 443 1429 particulam
464 1345 517 1410 ille
540 1352 654 1411 natura
675 1347 862 1430 bisyllabam
884 1366 955 1413 esse
977 1349 1090 1413 statuit
1113 1337 1188 1438 ειιῇ
1239 1433 1243 1439 1

68 1476 115 1531 τε,
148 1456 185 1517 ut
205 1450 347 1534 plerique
369 1466 477 1514 omnes
505 1449 658 1530 sentiunt,
692 1448 859 1515 conflatam
890 1451 1054 1517 interiecto
1074 1453 1184 1534 ypsilo‚

68 1554 125 1620 sed
146 1559 257 1635 poetas
279 1552 348 1618 soni
377 1550 565 1617 emendandi
587 1569 682 1617 causa
708 1553 801 1619 modo
823 1552 947 1618 vocales
974 1553 1133 1619 discordes
1155 1557 1188 1620 in

67 1658 146 1723 duas
169 1655 307 1739 syllabas
330 1655 515 1722 distraxisse
538 1648 628 1743 ἧῖῐτι,
662 1655 754 1721 modo
777 1661 829 1721 eta
851 1661 991 1722 mutasse
1013 1658 1045 1722 in
1068 1659 1188 1740 epsilou

69 1753 153 1844 edre,
187 1779 251 1843 qua
271 1759 394 1825 ratione
417 1757 582 1824 nonnullos
604 1757 710 1824 Ionica
732 1761 828 1844 γρεῦς
850 1763 883 1824 et
905 1763 978 1839 νεῦς
1000 1761 1187 1842 explicuisse

67 1864 217 1945 suspicor,
240 1860 426 1946 [Votltrr
440 1866 472 1927 et
494 1860 652 1927 niss.v11
673 1861 707 1926 P.
730 1860 780 1926 III
802 1861 835 1928 0.
858 1861 891 1931 11
913 1881 970 1944 ea,
993 1863 1108 1929 Parall.
1121 1863 1186 1950 92.]

67 1965 104 2033 ol
144 1965 279 2031 Meineln
317 1966 386 2031 Del.
427 1963 496 2030 157.
542 2003 577 2011 —
621 1963 794 2046 Utriusque
833 1963 1006 2032 affectionis
1045 1968 1188 2033 meminit

65 2068 265 2134 Herodianus
309 2068 349 2133 de
394 2069 539 2150 genetivo
583 2067 709 2133 Aeolico
752 2059 894 2154 ’Ἀρεοος
938 2070 1102 2152 disputans
1147 2070 1186 2138 de

67 2170 171 2251 Geniti
204 2171 316 2254 Parag.
339 2170 402 2238 237
425 2171 459 2237 T.
482 2170 532 2236 III
559 2171 727 2237 uerborum
760 2171 868 2236 ordine
896 2173 1027 2254 paulum
1047 2175 1184 2257 turbato,

66 2274 123 2341 sed
144 2274 305 2340 intellectu
332 2273 416 2341 facili
450 2269 736 2364 ἡηῖδίφθογγός
769 2271 839 2340 ἔστι
860 2271 1057 2364 κακόφωνος
1073 2278 1096 2361 ¹)
1130 2276 1186 2346 καὶ

65 2374 99 2443 ἐν
112 2374 216 2444 κλίσει
239 2373 343 2460 μόνον
365 2375 522 2469 ῥημάτων
532 2377 626 2446 θέλει
642 2374 800 2467 ὁρᾶσθαι,
827 2373 912 2443 ἀλλὰ
925 2377 1003 2466 περὶ
1015 2378 1073 2469 τὴν
1085 2374 1186 2468 α’ρχῆν

66 2479 159 2548 θέλοι
184 2479 387 2568 τρέπεσθαι,
413 2475 458 2560 ὥς
479 2480 517 2548 τὸ
542 2487 645 2567 γραῦς
668 2480 794 2568 τροπὴν
817 2480 929 2546 παθὸν
952 2480 1064 2568 'ydyove
1086 2486 1186 2571 γρηῦς

65 2618 105 2632 -
129 2617 172 2632 -
198 2582 254 2650 καὶ
276 2581 334 2650 ἐπὶ
367 2588 425 2650 τοῦ
459 2581 685 2674 ἐπιρρήματος
717 2585 777 2649 τοῦ
806 2575 895 2671 ηὗτε·
928 2582 1048 2652 τούτου
1075 2584 1137 2672 γὰρ
1165 2580 1187 2672 ἢ

65 2685 228 2774 διαίρεσις
250 2686 377 2775 γέγονεν
399 2682 476 2775 ἠΰτε
500 2682 522 2775 ἢ
543 2688 652 2774 τροπὴ
676 2678 758 2754 edre·
827 2686 932 2770 Atque
959 2693 1072 2770 tropen
1093 2688 1185 2754 attri-

64 2790 135 2855 buit
155 2791 251 2857 etirm
272 2791 390 2857 nomini
413 2790 472 2872 dei,
506 2789 590 2872 quod
611 2789 888 2871 quumflomerus
920 2810 978 2874 per
1003 2795 1022 2878 ἦ
1049 2792 1184 2860 declinet
1247 2838 1257 2848 -

55 2885 200 2979 Ἕριος,
240 2895 407 2960 accedente
440 2878 533 2958 literd
566 2891 694 2958 Aeolica
717 2884 863 2981 ’Ἀρηοος
902 2895 1068 2961 dicendum
1107 2901 1184 2978 erat,

62 2989 420 3080 sedldlcaeus'sslpaoog
441 2995 600 3078 praetulit,
628 2992 683 3061 ἵνα
707 2990 843 3083 ἀποστῇ
866 2990 885 3081 ἡ
909 2995 1105 3082 κακοφωνία
1127 3002 1185 3083 τῆς

65 3096 265 3186 ὄιφθόγγοο.
323 3098 518 3166 Substantivi
551 3095 685 3163 formam
717 3098 921 3180 principalem
953 3097 1050 3164 trusae
1083 3103 1185 3184 γραῦς
1232 3137 1243 3161 0

63 3201 248 3269 confirmant
262 3222 422 3287 paragoge
444 3198 547 3289 γραΐς,
571 3198 695 3286 γραυίς,
718 3198 842 3287 γραπίς
863 3202 901 3266 τὸ
913 3204 1015 3288 γῆρας
1032 3201 1186 3289 τεττίγων

63 3305 120 3371 καὶ
142 3297 255 3393 ὄφεων
276 3306 332 3374 καὶ
354 3305 391 3372 τὸ
415 3300 536 3388 ῥοασόν
550 3303 577 3387 ²)
611 3308 645 3369 el
666 3304 808 3386 epitheta
829 3304 941 3371 coloris
965 3326 1078 3386 rauca,
1110 3328 1184 3392 pra·

64 3409 223 3473 cartellos.
269 3410 410 3476 Tertium
426 3409 573 3474 diastasis
585 3408 762 3490 exemplum
774 3408 958 3491 producitur
968 3408 1070 3490 Epim.
1083 3407 1099 3473 Ι
1114 3408 1183 3490 182,

63 3510 136 3576 ΕΜ.
159 3511 231 3577 440.
256 3510 305 3593 tl,
338 3511 421 3578 unde
455 3511 511 3577 illa
532 3512 688 3594 Apollonii
711 3511 824 3577 edictio
846 3511 1024 3594 syllabatim
1047 3519 1183 3593 resonat

62 3613 168 3679 κανὼν
191 3610 253 3704 γάρ
276 3613 363 3706 ἐστιν
386 3609 403 3680 ὃ
429 3614 542 3699 λέγων,
566 3608 626 3681 σιἰκ
649 3612 738 3681 ἔστιν
760 3612 937 3700 ἐπινοῆσαι
963 3652 999 3661 -
1024 3653 1058 3662 —
1086 3611 1183 3701 ἄναγ-

62 3712 166 3795 ιιαίαις
189 3710 246 3784 οἷο
268 3712 288 3806 ἡ
311 3714 486 3795 διάστασις
506 3720 563 3785 τοῦ
587 3711 664 3805 ἠΰτε
688 3712 815 3800 ὁμοίως
836 3721 882 3805 τῷ
906 3713 1006 3807 γρηῖῐς
1027 3717 1080 3784 καὶ
1098 3716 1182 3806 wydo.

61 3817 131 3883 Hoc
163 3838 219 3886 cur
251 3819 304 3885 ille
338 3819 479 3886 omiserit
509 3821 590 3887 ratio
620 3820 736 3904 duplex
756 3821 848 3888 reddi
868 3826 988 3903 potest3
1023 3826 1079 3887 aut
1100 3824 1183 3887 enim
1295 3890 1297 3894 ,

133 4022 160 4090 l)
179 4025 579 4104 Gmmmeticidiphthougornm
589 4043 689 4096 genere
699 4029 878 4082 describentes
888 4035 942 4082 tras
951 4035 1092 4082 numerant
1102 4046 1182 4083 καιο-

68 4105 190 4178 αοὶνους,
203 4129 237 4176 ηυ
255 4104 420 4180 ἐνιῷηῦσα,
441 4096 582 4175 αἶωῦιός,
601 4098 635 4167 αι’
647 4109 706 4174 vlo‘c
715 4115 796 4168 schol.
806 4116 917 4180 Dionys.
929 4112 1137 4170 drammuutea
1148 4117 1183 4172 al.

132 4194 160 4262 2)
179 4197 301 4250 Guticula
317 4213 425 4266 rugosa,
442 4214 510 4266 quac
527 4199 590 4255 lacti
607 4203 710 4266 insidat,
729 4202 825 4254 Latine
835 4207 1062 4267 commovemur,
1081 4203 1183 4257 Graece

61 4282 151 4350 γραῦς
167 4285 224 4336 sire
241 4284 326 4355 γρηῦς
340 4281 374 4338 'cd
391 4280 558 4348 ἐπιπολάζον
576 4289 612 4356 τῷ
638 4283 754 4358 γάλακτι
771 4283 849 4357 παρὰ
866 4279 1017 4357 Νικάνδρῳ
1034 4290 1095 4343 ΕΜ.
1142 4291 1183 4345 Si·

61 4369 239 4423 militatarum
257 4372 413 4425 umnam
423 4373 458 4426 ed
470 4374 630 4428 mammete:
648 4391 716 4429 σοια
731 4382 802 4442 κιαι,
819 4373 1102 4444 οοιιαιοοτισΙΡιταΗ.
1112 4375 1183 4448 112]
