2736 4778
148 360 214 427 nn
236 354 457 426 srucorn
480 351 627 421 uruus
649 316 870 420 vocans.
904 322 1002 420 du.
1021 353 1088 439 ιι.
1117 359 1191 433 241

71 544 136 611 hoc
153 543 365 610 Duentzerus
387 538 431 603 de
454 534 580 602 Zenod.
603 535 689 600 stud.
704 535 777 601 118.
796 545 972 622 propterea
992 538 1082 624 quod
1100 539 1193 607 verbi

71 643 162 713 πτίω
189 641 315 709 ιιιιΙΙιιιιι
344 648 503 726 appareat
527 635 711 723 vestigium.
759 635 884 703 Verum
911 636 997 702 enim
1023 662 1091 706 uon
1117 663 1192 710 oum

72 745 163 813 στιόι
186 740 407 831 compositum
429 749 479 804 est
501 736 561 804 sed
582 760 656 804 cum
677 737 786 817 πέιιο,
812 737 905 823 cujus
926 738 1072 806 vocalem
1092 753 1193 811 totam

73 844 245 913 absorbuit
272 863 418 930 syncope
446 837 641 906 succedente
666 836 701 903 in
723 837 829 903 vicem
856 834 930 904 iota'
948 838 1016 905 iere
1040 851 1078 906 ut
1098 842 1194 929 κριός

77 969 97 1011 ιι
117 948 220 1032 κέρας
242 943 423 1010 derivatum
446 949 595 1029 putatur,
622 934 795 1027 πρίασθαι
817 962 839 1005 a
859 939 1026 1026 modom,
1052 943 1112 1009 sed
1132 942 1197 1012 boc

76 1046 170 1115 brevi
196 1045 301 1113 vocali
331 1066 414 1130 quae
442 1042 477 1107 in
498 1040 562 1106 illis
584 1039 785 1129 producitur.
837 1039 942 1124 Quod
962 1064 1039 1108 vero
1062 1044 1198 1130 quidam

77 1170 97 1213 e
123 1147 347 1215 Grammaticis
379 1143 558 1211 defendunt
589 1137 720 1220 ἁπλοῦς
750 1152 783 1207 et
812 1153 920 1209 cetera
947 1144 1196 1233 multiplicative

74 1269 151 1313 cum
166 1244 264 1312 verbo
280 1246 373 1316 πέλοι
390 1245 574 1334 composita
589 1266 662 1310 esse
678 1266 779 1331 supra
793 1245 890 1329 rejeci
903 1246 1033 1312 Diss.L
1046 1269 1074 1314 c.
1084 1248 1115 1313 2.
1127 1251 1153 1335 ξ.
1163 1247 1194 1316 6.
1274 1234 1279 1245 ’

158 1346 328 1436 Deinceps
360 1347 527 1434 agendum
553 1355 604 1412 est
633 1346 674 1410 de
702 1345 807 1433 epsilo
841 1358 917 1414 ante
951 1348 1033 1415 alias
1063 1350 1195 1418 vocales

73 1448 197 1538 posito,
217 1471 296 1514 num
318 1448 495 1534 aliquando
517 1447 674 1553 omissum
695 1446 747 1510 sit.
789 1446 903 1514 Prima
923 1450 1119 1519 consultatio
1145 1463 1196 1520 est

67 1550 118 1617 'de
139 1551 334 1640 pronomine
354 1552 470 1616 tertiae
490 1569 669 1638 personae.
691 1544 730 1614 τὸ
750 1546 820 1615 καί
839 1567 966 1637 σφεας
979 1549 1068 1671 .(scr.
1079 1555 1198 1679 σφας)

76 1646 137 1721 οὖν
172 1647 241 1720 dmi
280 1657 340 1720 τοῦ
373 1652 482 1740 σφέας
512 1646 699 1735 βαρυτόνου
729 1643 805 1716 ἀλλ’
837 1644 907 1718 ἀπὸ
934 1654 995 1720 τοῦ
1021 1657 1113 1741 σφᾶς
1139 1654 1198 1722 καὶ

68 1752 162 1838 ’μετὰ
184 1750 243 1843 τὴν
261 1748 407 1839 ἔγκλισιν
430 1748 687 1839 ἐπηκολούθησε
707 1747 745 1816 τὸ
768 1747 885 1829 πάθος
904 1750 961 1819 καὶ
983 1749 1110 1838 γίνεται
1132 1756 1200 1825 καί

77 1877 204 1942 σφεας
231 1851 352 1941 (σφας)
380 1852 461 1940 ΕΜ.
482 1849 633 1928 498,-15.
662 1861 696 1914 et
722 1849 839 1917 iisdem
864 1851 931 1918 iere
960 1853 1069 1921 verbis
1089 1856 1197 1924 Arca·

77 1954 152 2021 dius
168 1955 241 2034 143,
258 1954 309 2019 15.
327 1962 360 2019 et
375 1955 524 2021 Joannes
537 1949 670 2018 Charax
683 1952 812 2017 Anecd.
828 1951 933 2018 Beklr.
947 1953 1041 2020 1153.
1077 1955 1197 2038 Quod-

76 2079 155 2123 nam
176 2052 294 2133 πᾶθος
315 2054 454 2140 intelligi
477 2052 587 2130 velint,
609 2074 676 2118 non
698 2052 860 2128 indicaut;
886 2054 1033 2139 systolen
1054 2058 1199 2144 appellat

77 2155 277 2245 Apollonius
306 2156 408 2222 Pron.
439 2154 511 2220 127.
547 2148 567 2241 ἡ
598 2157 687 2242 σφᾶς
714 2147 791 2220 ἔσθ’
825 2149 882 2220 ὅτε
911 2157 1142 2224 συστέλλει
1107 2184 1146 2226 ιο
1175 2186 1198 2227 α

79 2283 143 2324 κατ
143 2253 323 2343 ’ἔγκλισιν
345 2256 493 2342 σοζύγως
514 2259 556 2343 τῇ
579 2243 682 2344 ἧμας,
702 2275 825 2340 eosque
843 2254 900 2341 qui
919 2256 1026 2343 σφέας
1043 2269 1077 2324 et
1094 2253 1200 2348 ἡμέας

80 2380 143 2446 pro
161 2357 330 2445 primitivis
350 2355 519 2434 baberent,
541 2355 773 2456 peri-pomona
795 2378 856 2443 pro
876 2358 1063 2438 contractis,
1081 2361 1200 2428 refellit

81 2458 146 2526 hoc
171 2469 363 2547 argumento
391 2459 482 2544 quod
511 2484 527 2526 a
556 2470 589 2525 et
615 2485 638 2527 α
663 2480 831 2544 nunquam
860 2458 895 2523 iu
925 2485 947 2526 α
969 2460 1200 2529 contrahantur

80 2560 144 2627 nisi
167 2559 380 2626 antecedente
400 2559 506 2626 vocali
527 2570 564 2624 ut
586 2554 737 2644 Εὐβοέας
757 2553 902 2643 Εὐβοᾶς.
936 2561 1059 2632 Verum
1080 2561 1143 2631 boc
1159 2564 1200 2631 de

79 2660 267 2728 nominibus
289 2661 390 2741 valet,
424 2683 492 2727 non
519 2660 597 2726 item
624 2661 665 2725 de
687 2658 936 2748 pronominibus
960 2663 1199 2750 personalibus,

80 2787 221 2851 quorum
249 2785 383 2851 prorsus
416 2761 589 2851 singularis
618 2772 668 2828 est
697 2761 927 2840 conformatio;
959 2768 1048 2853 σφᾶς
1079 2766 1199 2855 ipsum,

81 2889 148 2952 quo
171 2864 368 2931 Theocritus
389 2863 490 2930 utitur
509 2864 608 2933 XVI.
625 2863 678 2930 57.
701 2885 763 2951 pro
782 2862 932 2930 absoluto
956 2862 1086 2949 αὐτούς,
1108 2872 1200 2958 apud

80 2967 285 3053 antiquiores
309 2989 377 3033 non
405 2966 565 3054 reperitur
593 2988 624 3030 v.
656 2964 825 3031 Muetzell.
857 2966 898 3029 de
926 2965 1055 3052 Theog.
1083 2993 1117 3056 p.
1147 2973 1200 3038 37,

79 3071 159 3134 Hoc
188 3068 289 3154 igitur
314 3067 424 3155 potius
452 3067 618 3154 synaeresi
645 3064 814 3141 affectum,
844 3065 953 3151 σφέας
979 3067 1064 3131 sicut
1084 3064 1199 3155 ἡμέας,

79 3164 186 3253 ὑμέας
214 3180 415 3257 prototypon
444 3179 477 3233 et
498 3191 540 3233 ex
561 3165 626 3232 boc
647 3163 962 3251 brachycatalectum
981 3165 1115 3256 oprig’)
1140 3193 1200 3237 na.

80 3281 151 3334 tum
165 3270 296 3334 videtur
314 3280 442 3336 exemta
460 3267 566 3334 vocali
581 3266 825 3333 thematica—
845 3267 1003 3333 Proxima
1024 3279 1101 3335 sunt
1122 3271 1201 3337 sub-

82 3366 224 3437 stantiva
249 3382 283 3436 et
308 3371 482 3457 adjectiva,
510 3391 594 3457 quac
622 3377 746 3435 curtata
774 3368 907 3453 quidem
934 3369 1047 3436 dicunt
1066 3371 1126 3438 sed
1147 3373 1202 3441 alli

82 3472 191 3537 aliter:
220 3472 316 3558 παρὰ
335 3469 374 3537 ari
397 3469 481 3548 θεός
502 3472 617 3539 θέειον
638 3495 695 3538 και
687 3463 872 3559 ἀποβολῇ
894 3473 952 3536 τοῦ
975 3495 992 3538 e
1012 3478 1109 3540 θεῖον
1129 3473 1201 3541 Eu-

84 3572 258 3639 daemon
249 3596 283 3637 ιιι
308 3571 387 3638 ΕΜ.
408 3570 483 3649 449,
503 3566 601 3637 23.’
581 3569 651 3639 απὸ
677 3573 737 3637 τοῦ
760 3569 836 3647 δέος
858 3568 1070 3656 παρωνύμως
1090 3576 1202 3662 γέγονε

153 3790 183 3859 t)
197 3789 262 3846 Hoc
273 3789 444 3864 Apollonius
459 3790 489 3845 in
503 3790 614 3846 duobus
623 3789 742 3846 Homeri
759 3788 830 3845 locis
848 3789 954 3861 reperit
971 3809 1023 3864 pro
1039 3792 1138 3857 αιῖιοὺς
1150 3813 1202 3866 po-

83 3876 168 3931 situm
188 3876 218 3931 in
236 3876 352 3948 enclisi;
371 3875 400 3931 in
420 3893 478 3932 uuo
496 3875 530 3930 11.
542 3874 578 3932 V.
591 3877 632 3930 51.
652 3883 718 3931 ante
731 3874 897 3931 Barnesium
911 3892 999 3948 σφεας
1017 3879 1203 3947 scribebatur,

83 3963 162 4034 quod
180 3960 300 4017 Vaterno
321 3964 359 4016 sd
376 3961 465 4018 Rbus.
484 3978 514 4034 p.
531 3958 590 4016 111.
609 3959 743 4031 synizesia
759 3958 875 4016 nomine
894 3959 1024 4015 defendit
1045 3970 1077 4017 ut
1094 3961 1157 4018 ιιόν
1172 3962 1203 4020 iu

74 4046 228 4104 >rmillas
240 4064 339 4114 versu,
356 4047 491 4119 idemque
501 4043 650 4100 Bekkerus
666 4046 794 4117 reposuit
815 4046 846 4102 in
863 4046 954 4101 altero
966 4045 1024 4099 Od.
1043 4045 1122 4103 VIII.
1140 4049 1201 4108 ³1⁸.

85 4131 135 4187 ubi
151 4148 226 4204 σφας
239 4151 292 4205 pro
305 4133 416 4205 syllaba
429 4132 516 4202 longa
530 4137 583 4196 est,
594 4132 672 4201 quod
685 4131 742 4185 arsi
757 4131 899 4187 tribuitur.
922 4130 1203 4202 Bracbycatalectum

85 4215 220 4272 Lebraius
238 4217 355 4282 Quaest
372 4219 447 4290 Epp.
462 4218 519 4270 121.
536 4221 566 4269 et
583 4214 643 4269 301.
662 4232 699 4270 ex
716 4216 827 4271 duobus
846 4214 972 4287 Oppiani
992 4214 1062 4274 locis
1077 4222 1205 4293 protulit,

86 4322 208 4374 quorum
227 4303 257 4358 in
274 4304 366 4360 altero
382 4301 546 4360 reflexivum
563 4307 619 4366 est,
637 4298 666 4356 in
684 4299 774 4357 altero
793 4299 922 4357 absolute
939 4300 1069 4375 positum.

139 4391 273 4441 Lobeck.
292 4391 383 4432 Pathol.
955 4387 998 4455 ις
