2736 4778
43 321 48 331 ·
145 389 210 456 DIl
232 374 503 451 PROSTHESI
523 373 586 442 ΕΤ
608 369 871 439 APHAERESI.
894 367 993 438 QX.
1008 371 1035 455 ξ.
1045 368 1077 434 4.
1110 368 1186 443 2⁰9

72 571 317 660 ortopeoiffl),
342 553 605 646 ἂποιλαρθάνειν,
625 551 810 643 άφυπνοῦν,
832 551 892 619 εεά
911 550 976 617 hoo
997 549 1092 615 etism
1107 570 1187 616 con·

75 676 211 743 tranium
227 671 316 736 valet
340 658 537 750 ιἰποβρίζιιν
557 658 736 725 obdormire
756 653 841 719 sicut
859 652 1070 738 elferoerscsre
1090 648 1189 716 modo

77 780 265 864 ingressum
294 764 430 834 fervoris
458 758 581 825 indicat
609 756 708 823 modo
737 755 846 820 finem.
895 752 1021 820 Verum
1045 750 1126 815 haec
1150 750 1192 815 (le

81 874 347 965 propositionum
375 860 624 950 compositarum
649 854 888 943 significatione
914 849 1065 938 quaestio
1089 850 1193 935 impe-
1233 900 1238 907 .

82 979 185 1044 ditior
212 983 263 1040 eet
292 989 390 1055 quam
413 975 450 1029 ut
469 983 570 1049 opera
591 957 762 1025 subseciva
782 956 911 1022 tractari
933 953 1051 1041 possit.
1093 949 1198 1017 Aliud

83 1076 187 1163 alpha
207 1069 354 1160 privativi
375 1062 635 1151 supplementum
655 1057 792 1146 praebet
811 1056 972 1144 particula
986 1052 1198 1140 abnegativae

86 1174 128 1244 οὐ
155 1173 371 1262 διαφέρουσιν
397 1159 548 1253 ἀλλήλων
578 1159 600 1248 ἤ
628 1185 665 1228 τε
694 1153 871 1247 ἀπόφασις
902 1157 952 1238 (id
977 1166 1027 1222 eet
1053 1150 1111 1240 oto
1142 1152 1200 1221 καὶ

84 1275 244 1362 στέρησις
266 1258 304 1348 α’,
325 1266 406 1335 ὅσον
425 1260 512 1331 κατὰ
532 1260 570 1329 τὸ
593 1253 680 1328 εἶναι
701 1254 877 1348 άμφάεερα
898 1251 1104 1344 ἇναιρετικά,
1130 1251 1199 1322 εἴτε

83 1373 137 1458 (ελ
161 1373 232 1453 καὶ)
262 1362 338 1435 κατ’
369 1359 471 1433 άλλον
495 1358 626 1449 τρόπον
654 1359 888 1449 διαφέρουσιν,
922 1353 1007 1426 καθ’
1038 1349 1060 1424 8
1088 1351 1110 1446 ἦ
1138 1354 1200 1442 μὲν

86 1471 243 1561 στέρησις
263 1460 504 1551 ἐπιβάλλσνεός
525 1463 615 1531 ἐστιν
636 1457 771 1542 άτευξία
795 1458 841 1544 ὡς
866 1461 1001 1550 άνεχνος
1027 1468 1151 1560 ῥήτωρ,
1176 1468 1201 1574 ᾗ

89 1574 128 1642 δὲ
161 1565 338 1658 άπόφασις
373 1560 420 1645 ὡς
451 1562 545 1646 ἔτυχε
579 1558 793 1646 λαμβάνεται.
841 1560 976 1650 Ἀμέλει
1008 1565 1104 1658 ἡνίκα
1132 1569 1152 1662 ἦ
1180 1602 1203 1644 α

86 1672 244 1760 στέρησις
270 1667 315 1755 μὴ
345 1662 502 1756 σημαίνει
529 1659 771 1747 ἐπιβάλλοντος
795 1659 995 1750 ἀποτυχίαν,
1027 1668 1104 1740 τότε
1131 1669 1204 1743 cieri

90 1765 299 1860 ἀποφάσεως
324 1762 424 1853 αὐτὴν
444 1766 597 1850 λέγουσιν
618 1757 664 1841 ὡς
687 1757 874 1849 ἀθάνατος,
894 1761 1017 1857 άλογος
1038 1772 1202 1844 Choerob.

92 1874 175 1941 Can.
185 1871 261 1939 361.
281 1881 315 1936 et
335 1869 369 1933 in
388 1866 470 1934 EM.
482 1865 555 1942 639,
566 1865 619 1930 50.
631 1865 683 1950 ³²)
716 1868 750 1930 A
771 1866 954 1954 privatione
975 1873 1054 1937 dicit
1075 1873 1205 1943 differre

91 1973 302 2061 negationem
328 1991 368 2035 eo
393 1966 486 2053 quod
511 1966 568 2031 ille
596 1965 757 2031 deiectum
783 1967 961 2053 significet,
992 1972 1073 2037 haec
1099 1986 1208 2042 autem

96 2074 282 2165 promiscue
303 2080 460 2158 ponatur:
492 2061 510 2133 ὁ
544 2061 654 2154 ῥήτωρ
680 2058 814 2147 άτεχνος
835 2071 1001 2147 καλεῖται,
1030 2067 1110 2141 ὅδὲ
1131 2068 1209 2157 iimo

96 2173 155 2260 οὐχ
181 2173 300 2253 οὕτως,
331 2164 405 2239 ἀλλ’
435 2161 473 2233 οὗ
495 2161 651 2248 τεχνικός.
695 2165 764 2233 Sed
787 2166 959 2235 discrimen
979 2172 1090 2259 potius
1112 2175 1146 2241 in
1169 2198 1208 2244 eo

97 2277 240 2344 cernitur
259 2272 350 2360 quod
371 2267 505 2354 negatio
525 2265 607 2331 nihil
626 2266 715 2332 eliud
737 2278 788 2333 est
813 2291 911 2355 quam
927 2272 1067 2343 sublatio
1084 2299 1209 2366 propo·

98 2379 171 2455 siti,
198 2374 336 2465 privatio
363 2384 472 2436 autem
490 2432 493 2437 ,
499 2389 561 2455 per
584 2389 620 2434 se
648 2379 776 2435 constat
808 2380 841 2436 et
866 2395 965 2460 saepe
994 2376 1150 2463 simplicis
1179 2392 1212 2445 et

100 2479 259 2567 positivae
280 2473 371 2542 vocis
392 2472 501 2538 locum
523 2469 649 2556 explet,
671 2471 759 2537 velut
779 2471 808 2536 si
830 2473 910 2557 quid
931 2468 969 2540 οὗ
991 2472 1094 2542 κακόν
1114 2498 1212 2542 voca·

101 2594 153 2645 tur
173 2579 243 2645 sive
264 2576 412 2643 animans
428 2572 497 2639 sive
516 2571 743 2651 inanimatum,
765 2571 846 2637 nihil
868 2573 1007 2660 amplius
1023 2597 1120 2660 quem
1134 2574 1213 2644 vitio

101 2702 211 2747 carere
232 2674 432 2744 dicitursed
454 2664 579 2752 άιιανιος
599 2683 650 2738 est
669 2672 835 2739 attributio
859 2672 999 2742 hominis
1020 2688 1136 2744 natura
1156 2702 1217 2746 sua

103 2806 124 2846 a
138 2779 261 2846 mulitia
278 2776 394 2842 alieni:
417 2767 577 2850 άνακοςὸ
597 2773 725 2862 χρηστὰ
745 2769 815 2863 ἤθη
838 2770 921 2856 ἔχων
940 2770 1017 2845 ἀλλ’
1039 2772 1098 2845 ἐπ’
1121 2776 1217 2848 ἐλαι-

102 2907 162 2950 αον
183 2877 313 2946 Aneed.
334 2875 439 2943 Bekk.
463 2872 537 2940 370.
556 2866 626 2938 Ἐπ’
649 2872 784 2942 ἔλαττον
811 2876 889 2941 dicit
910 2879 987 2964 quie
1003 2870 1134 2959 ’άνιανος
1155 2881 1217 2947 mi·

103 3004 166 3048 nus
189 2990 240 3046 eet
259 3000 358 3063 quam
377 2969 519 3064 χρηστάς
543 2973 611 3040 sive
633 2968 774 3062 ἀγαθός.
817 2979 940 3044 Verum
960 2979 1041 3046 haec
1061 2982 1218 3071 multipli-

102 3084 187 3149 citer
214 3077 473 3153 confunduntur,
506 3074 646 3161 primum
679 3077 757 3160 quia
788 3079 928 3143 oratoria
959 3081 1138 3149 elevatione
1169 3083 1221 3150 vel

104 3183 251 3270 optimus
279 3178 397 3265 uliquis
423 3184 558 3242 vocetur
583 3168 622 3241 σά
650 3170 753 3255 κακός
772 3186 805 3243 et
825 3200 891 3247 non
911 3185 1002 3250 aeolo
1021 3183 1139 3250 dicitur
1158 3207 1221 3272 pro

106 3282 324 3371 perscienter,
355 3292 426 3344 tum
453 3275 532 3362 quia
557 3275 657 3341 multa
682 3289 757 3343 eunt
780 3280 956 3361 vocabula,
983 3284 1103 3369 quibus
1125 3284 1225 3374 ulpho

108 3382 303 3472 privativum
340 3400 409 3445 non
448 3375 556 3464 possit
585 3379 744 3465 praeponi
777 3394 834 3447 aut
864 3386 1090 3471 praepositum
1121 3395 1225 3453 mutet

180 3633 228 3703 31)
244 3631 325 3688 Idem
343 3628 517 3701 significetur
532 3628 626 3684 verbis
644 3627 851 3686 contrarietatis
869 3629 1059 3703 ἀπογενέσθαι
1065 3676 1074 3706 ,
1093 3635 1227 3706 md,

110 3718 231 3774 οῠοήνλ
252 3725 283 3772 et
304 3713 475 3772 decessionis
493 3709 697 3784 ἀποθνήσκειν,
722 3712 851 3782 (λοιπον-λ,
875 3718 1010 3793 levipes,
1034 3721 1135 3794 quibus
1154 3741 1228 3798 quse

112 3804 250 3877 adjuncta
266 3808 312 3857 est
326 3799 500 3875 praepositio
517 3801 556 3856 sd
574 3804 677 3855 mon
692 3801 822 3868 refertur,
842 3804 918 3860 ande
936 3805 999 3878 quis
1016 3807 1170 3879 egreditur.

183 3890 231 3960 ³2)
248 3888 384 3960 Apellen.
401 3887 476 3945 tos.
493 3888 553 3942 iit.
575 3886 608 3941 λν
630 3891 688 3948 soie
707 3882 893 3963 λπιρρῆμασλν
915 3889 990 3947 ἔστιν
1011 3892 1156 3958 ἐπινοῆσαι
1182 3890 1231 3944 καλ

112 3973 275 4047 παράθεσιν
291 3976 338 4045 sie
354 3967 388 4031 οά
406 3968 577 4046 ὀνομάσειε
592 3975 641 4027 ναὶ
655 3969 790 4029 σύνθεσιν
807 3977 854 4043 τῆς
868 3962 1071 4048 {caspiae-c,
1090 3973 1125 4031 ei
1142 3977 1233 4046 passe

116 4061 238 4134 ipsios,
255 4057 288 4115 oi
307 4061 416 4132 σεμνοῖς
432 4055 567 4122 icturus.
601 4056 678 4113 Hine
696 4057 832 4131 suspicari
848 4076 996 4132 possumus
1010 4057 1176 4115 Ciceronem
1194 4062 1232 4118 de

116 4148 229 4203 Invent.
242 4144 266 4201 1.
279 4146 323 4201 28.
343 4143 539 4218 disperatum
557 4149 602 4197 est
619 4141 699 4213 psod
716 4142 754 4209 oo
773 4144 877 4215 eliqua
893 4163 927 4198 νε
938 4161 997 4218 per
1014 4149 1235 4219 oppositionem

117 4234 287 4303 separemus
303 4236 461 4304 soporatur
478 4222 534 4282 λοο
550 4227 649 4291 mode,
667 4244 774 4300 sapere
791 4244 850 4282 nos
867 4246 985 4302 sopore,
1002 4246 1056 4302 pro
1072 4235 1238 4305 mastru-

118 4332 189 4371 sem
208 4313 353 4387 scripsisse
370 4316 603 4389 oppositionem.
638 4311 715 4367 Alibi
734 4320 834 4368 neutro
852 4312 939 4368 utitur
956 4313 1077 4372 nomine.

170 4403 305 4450 Lobsek.
319 4402 410 4443 Pathol.
988 4402 1038 4472 Ἄ
