2736 4778
353 346 419 424 DE
441 347 731 423 umunrrmsl.
774 350 814 422 0.
836 347 901 422 ΙΙΙ.
934 356 960 442 ς.
980 350 1010 422 2.
1161 358 1232 435 531

124 539 195 608 Neo
223 543 357 609 omnino
387 539 571 608 audiendus
600 538 643 605 sit
670 538 727 625 qni
754 535 923 619 έπακουές
948 560 989 606 ex
1015 529 1158 632 έσήοους
1184 543 1237 612 vel

123 644 185 711 hoo
215 666 257 711 ex
285 645 343 710 illo
371 644 493 711 lectum
521 643 624 720 dieat3
654 664 730 707 nem
760 662 820 707 suo
844 651 1017 728 utrumque
1043 647 1169 713 tramite
1193 646 1238 713 ab

123 746 241 812 eodem
263 746 371 833 eapite
393 745 569 812 deduotum
589 754 655 823 est,
678 740 815 810 alterum
836 753 874 808 ut
899 740 1009 812 ἀκούω
1035 742 1156 836 ἀκουή,
1188 748 1237 814 el·

122 861 228 916 terum
245 858 373 914 retento
396 833 429 915 'd'
436 847 536 914 micro
558 846 618 912 sed
638 845 801 933 produoto
823 845 922 934 alpha
946 855 984 911 ut
1007 841 1185 935 συνήγορος
1206 860 1241 915 et

123 951 250 1016 similia
293 951 388 1016 Idem
408 948 550 1036 intelligi·
562 947 638 1015 volo
657 948 698 1014 de
715 946 883 1032 adjeotivis
899 945 1087 1036 ἐπέραστος
1105 959 1137 1014 et
1154 945 1239 1039 ἐσή-

124 1074 242 1136 ραυος,
264 1047 453 1136 ἀπέραντος
473 1060 507 1116 et
526 1045 711 1135 ἇσεέραοος
730 1049 910 1135 penultima
931 1048 1032 1129 brevi,
1054 1045 1241 1137 ἀγέραστος

126 1163 159 1218 et
191 1148 364 1240 ἇγοέρατος
394 1153 594 1238 πλεονασμῷ
624 1153 685 1217 τοῦ
710 1137 826 1218 {dni
847 1154 907 1220 τοῦ
934 1144 1111 1237 ἆγέρατος·
1134 1146 1240 1230 οὕτως

120 1250 330 1340 Ἡρωδιανὸς
350 1252 429 1338 περὶ
450 1256 576 1319 παθῶν
594 1252 674 1318 ΕΜ.
701 1251 737 1330 8,
759 1251 811 1317 27.
840 1245 1013 1339 ἂνέγροτος
1038 1261 1072 1318 et
1100 1245 1237 1340 ἀνέγερ-

124 1378 198 1432 sog,
221 1356 445 1441 νυκοηγρετοῖν
467 1359 699 1440 ουκτεγερτοῖν,
722 1353 934 1438 νεκρσγερσία
957 1373 988 1418 v.
1012 1353 1056 1418 ed
1070 1351 1150 1420 Phr.
1163 1354 1236 1421 701.

127 1474 210 1539 quae
246 1452 399 1520 differunt
437 1453 571 1540 quidem
608 1473 670 1520 neo
707 1462 815 1520 temon
851 1452 916 1519 diei
953 1463 1065 1541 potest
1103 1454 1237 1521 sltem

123 1555 268 1621 nativum
295 1575 385 1633 osse,
414 1555 551 1622 elterum
580 1554 622 1620 de
648 1555 759 1621 nativo
791 1564 959 1620 mutatum
1011 1555 1142 1622 Nomen
1168 1557 1236 1622 sul·

121 1655 236 1744 phuris
261 1661 361 1725 θεῖον
388 1658 554 1724 Homerus
582 1655 618 1722 in
645 1655 848 1743 trisyllabum
869 1655 1027 1723 distendit
1051 1657 1151 1724 modo
1178 1680 1239 1746 per

122 1758 281 1825 dieotesin
308 1756 443 1838 θέειον,
471 1758 571 1826 modo
598 1759 702 1847 epsilo
731 1759 766 1825 in
793 1768 846 1825 eta
872 1768 997 1826 mutato
1027 1756 1145 1847 θὴιου,
1178 1761 1237 1828 sed

120 1871 271 1926 neutrum
303 1858 397 1925 elteri
428 1859 601 1926 subnatum
634 1871 693 1927 est.
748 1862 855 1928 Verso
889 1871 1009 1927 autem*
1029 1859 1237 1949 hyperthesis

123 1961 309 2049 exemplum
337 1959 475 2050 praebet
507 1958 646 2047 έριυειός
678 1963 713 2028 in
743 1962 832 2027 exitu
858 1984 971 2028 versus
997 1963 1153 2029 Hesiodii
1179 1964 1235 2030 Fr.

123 2063 249 2131 cnm
268 2061 534 2151 (CLXXXVI.)
556 2064 699 2150 positum
714 2064 783 2130 iota
799 2074 951 2149 correpto
973 2057 1075 2141 ὅσους
1095 2061 1238 2151 έριυυιός

122 2160 304 2244 ὀλύνθους·
336 2163 396 2230 sed
430 2164 466 2229 id
495 2164 654 2230 incertum
680 2165 790 2231 reddit
817 2163 978 2230 dissensio
1006 2162 1173 2243 codicum,
1201 2165 1237 2231 in

123 2265 244 2352 quibus
265 2264 422 2354 seriptum
443 2275 493 2331 est
520 2264 648 2352 ἐρινεὸς
673 2263 797 2346 ὅσσους
824 2261 1005 2346 ὀλύνθους,
1035 2264 1127 2352 quod
1147 2267 1235 2334 Her·

121 2388 261 2434 mannus
281 2367 389 2434 Paet
410 2367 530 2434 Helen.
552 2389 586 2454 p.
605 2366 722 2435 XVII.
746 2366 809 2434 hue
835 2377 940 2432 mutet
968 2363 1095 2451 ἐρινεὸς
1122 2355 1234 2447 οὗτος·

122 2465 288 2548 ὀλύνθους
310 2459 368 2546 οὓς
387 2464 440 2535 δ’δ’
465 2465 533 2552 ἔχει
557 2470 641 2547 κτλ,
669 2469 723 2535 alii
748 2467 875 2556 ἐρινεὸς
901 2464 1001 2536 ὅσσου
1028 2463 1181 2535 ὀλύυθωυ
1191 2471 1234 2555 ⁴).

122 2569 232 2636 Multo
260 2567 421 2636 recentior
447 2581 548 2657 poeta
574 2570 609 2636 in
629 2569 796 2639 Welokeri
819 2568 900 2656 Syll.
923 2568 1040 2657 Epigr.
1062 2568 1104 2634 1..
1126 2593 1160 2657 p.
1182 2571 1234 2638 71.

121 2665 270 2759 ὖμὴυαος
292 2669 374 2736 dixit
391 2682 541 2760 correpta
555 2672 743 2760 penultima.
775 2672 947 2738 Hactenus
966 2686 1072 2738 sermo
1089 2683 1235 2740 versetus

123 2781 175 2837 est
204 2772 239 2837 in
265 2771 432 2839 vocalibus
461 2774 610 2861 poeticis.
654 2775 695 2839 In
720 2773 884 2841 communi
903 2795 967 2839 usu
988 2783 1064 2839 suunt
1084 2773 1236 2843 έπιύοιου

124 2883 157 2940 et
182 2873 348 2955 ἒποίσιου,
377 2875 468 2961 quod
495 2897 594 2964 supra
616 2875 880 2952 oommemorevi,
908 2885 941 2941 et
965 2874 1098 2962 pientes
1115 2898 1235 2942 nomen

122 2973 162 3041 τὸ
186 2969 341 3060 κιχώρουυ
362 2986 396 3041 et
418 2973 581 3062 κιχόροιυυ
598 2976 802 3062 latinumque
830 2974 976 3062 ejusdem
996 2996 1167 3041 mensurae
1188 2980 1235 3042 ei-

122 3079 313 3142 choreuma
338 3072 462 3164 duplici
482 3076 645 3164 principio
667 3076 705 3144 τὸ
729 3077 860 3162 κέχορον
887 3086 920 3141 et
942 3072 963 3162 ἡ
989 3071 1126 3164 κιχώρη,
1155 3076 1237 3144 illud

122 3175 192 3242 iota
211 3174 330 3263 longo,
352 3176 416 3243 hoc
436 3177 574 3244 fortasse
595 3175 695 3243 brevi.
738 3176 824 3243 Utra
843 3176 1032 3242 uniforme
1053 3178 1237 3264 anteposita

123 3278 183 3358 sit,
204 3298 273 3344 non
290 3278 521 3364 dijudicamus.
556 3274 706 3368 Ἔρημος
728 3298 797 3344 non
813 3300 853 3343 ex
871 3269 1007 3365 ἤρεμσς,
1030 3288 1068 3343 ut
1087 3280 1235 3345 nonnulli

122 3388 305 3459 autument,
335 3380 456 3446 lactum
483 3403 555 3448 esse
584 3403 685 3468 supre
711 3379 932 3468 exposuimus.
980 3377 1120 3458 Σίκαυος
1145 3380 1235 3469 apud

122 3680 155 3728 ut
170 3665 213 3728 illi
229 3664 413 3746 explicuisset
426 3666 479 3745 οέχ
492 3665 581 3743 ἥσυχα
597 3662 615 3740 ΐρ
630 3663 771 3740 derodere,
790 3664 870 3727 addit
883 3663 997 3727 tertium
1010 3663 1025 3742 ἢ
1039 3668 1159 3730 ἀεικέλιος
1173 3666 1234 3733 οἷον

122 3751 284 3826 enesim,
303 3759 389 3832 idque
409 3758 605 3832 comprobavit
623 3759 661 3814 H.
680 3758 850 3831 Stephanus,
867 3754 1050 3830 rejecitvero
1070 3760 1233 3833 Spitzuerus

122 3841 161 3897 ad
178 3838 213 3899 11.
226 3839 335 3901 XVIII.
355 3847 398 3900 to.
434 3843 541 3900 Suidee
560 3845 649 3899 rerba
668 3841 739 3916 πρὸς
754 3843 804 3913 τὴν
822 3841 1002 3919 σουαλοιφὴν,
1020 3863 1094 3919 quae
1111 3845 1233 3901 editores

120 3936 229 3983 temere
252 3923 411 4029 eiecerunt,
437 3938 526 3985 sumta
548 3938 613 3985 sunt
637 3948 653 3985 e
677 3928 771 3987 Schol.
796 3931 832 3986 ad
856 3932 883 3987 h.
905 3932 924 3986 l.
949 3930 965 3999 ἡ
989 3933 1072 3999 διπλῆ
1094 3931 1163 4004 πρὸς
1188 3929 1235 3999 riv

122 4019 306 4087 συναλοηρην.

192 4118 222 4186 λ)
235 4112 396 4174 Mainekius
408 4117 446 4173 ad
457 4114 578 4175 Theom-
588 4113 625 4174 ΙΙ.
639 4120 664 4172 3.
677 4113 743 4175 huie
757 4126 899 4191 eomparet
911 4115 1023 4189 ὄρνιθέη
1036 4113 1142 4187 κεφαλή
1154 4117 1231 4172 Aret.

122 4203 318 4259 tantummodo
336 4212 453 4276 propter
473 4204 598 4274 systolen
615 4205 762 4278 ancipitia3
787 4207 902 4258 ethaeo
920 4201 982 4256 tolli
999 4210 1096 4274 potest
1112 4203 1232 4274 syuizesi

123 4298 155 4342 ut
168 4294 290 4364 χρυσέη,
304 4293 410 4362 χαλκέη
430 4306 515 4361 saepe
534 4289 672 4361 bisyllaba
689 4297 764 4346 sunt.

961 4399 1026 4465 34.
