2736 4778
195 393 252 460 DE
274 391 671 462 Psosuuumnrismo
707 394 811 464 um
834 395 920 464 C.1L
942 397 970 482 5.
983 396 1012 463 6.
1110 394 1174 464 259

57 558 233 645 συλλαβῆς·
246 556 363 638 ὀὕτως
379 555 583 647 Ἡρωδιανός
603 558 675 626 ΕΜ.
698 557 770 627 645.
795 560 822 627 1.
866 560 955 627 Haec
983 559 1081 627 verba
1102 558 1177 627 vol-

56 679 151 728 senus
172 663 205 729 in
226 662 351 745 Fragm.
375 661 489 745 Tryph.
512 682 541 745 p.
564 662 605 730 53
639 669 673 730 et
693 663 736 730 M.
760 663 951 731 Schmidtius
973 665 1007 730 in
1028 664 1081 730 Fr.
1103 663 1178 730 Did.

55 785 84 847 p.
108 763 170 832 403
193 767 225 830 in
247 765 372 831 tabulas
395 767 580 849 retulerunt,
602 769 654 834 hic
675 768 796 834 nullum
812 786 904 835 suum
912 768 1064 852 judicium
1077 768 1177 834 inter·

55 887 184 951 ponens,
206 869 260 934 illa
282 887 354 934 cum
376 869 509 935 diversis
524 873 738 938 commiscens.
782 871 825 938 Et
837 877 912 937 sunt
922 889 1000 938 sana
1014 871 1179 938 obscurius

57 973 228 1037 enuntiata.
273 972 356 1038 Illud
377 973 504 1055 quddam
526 980 668 1056 apparet,
690 981 838 1041 neutrum
860 975 1007 1041 universe
1022 975 1063 1041 da
1077 975 1179 1041 omni·

55 1074 116 1140 bus
137 1075 197 1142 hoo
217 1076 310 1142 modo
332 1074 533 1156 conformatis
555 1078 720 1161 loquutum
742 1096 822 1144 esse.
868 1076 945 1155 Quis
967 1079 1050 1144 enim
1072 1079 1182 1145 credat

56 1176 226 1260 Didymum
247 1180 409 1262 ignorasse
420 1179 623 1246 Homericum
646 1177 687 1248 δι’
714 1174 835 1269 ὄρεσφι
857 1182 893 1247 ll.
910 1181 949 1247 X
969 1179 1028 1248 185
1052 1186 1085 1248 ot
1106 1182 1179 1248 huic

56 1281 171 1346 similia
193 1283 248 1349 διὰ
271 1280 449 1373 στήθεσφι,
474 1278 542 1350 ἀπὸ
566 1280 746 1373 στήθεσφι,
769 1284 807 1365 ἔξ
823 1281 1005 1375 Ἐρέβεσφι,
1027 1290 1083 1350 aut
1101 1284 1179 1368 Try·
1231 1302 1234 1307 ’

55 1383 151 1466 phuni
173 1385 281 1466 ignota
301 1384 399 1453 fuisse
413 1383 562 1455 αὐτοῖσιν
578 1379 708 1476 ὄχεσφι,
732 1387 791 1455 σὺν
801 1385 959 1455 ἵπποισιν
971 1386 1026 1454 καί
1038 1381 1178 1475 ὄχεσφιῗ

56 1485 141 1568 Ergo
163 1489 349 1554 sumendum
373 1497 436 1570 est,
460 1491 704 1556 controversiam
726 1491 813 1556 illam
836 1491 877 1555 ad
899 1495 1002 1556 certos
1025 1490 1179 1573 quosdam

56 1589 141 1656 locos
163 1592 337 1673 pertinere,
367 1594 400 1659 in
422 1592 535 1676 quibus
558 1593 612 1658 alii
634 1575 991 1675 commonueram,
1014 1593 1069 1657 alii
1091 1593 1177 1675 geni·

56 1693 164 1757 tivum.
209 1694 280 1759 Huc
301 1695 438 1761 referam
460 1696 496 1762 11.
518 1695 630 1761 XXIII
652 1696 672 1760 7
700 1692 756 1762 ὑπ’
782 1689 902 1784 ὄχεσφι
927 1692 1088 1780 λυώμεθα
1109 1693 1177 1780 μώ-

56 1820 154 1877 νυχας
166 1788 312 1879 ὄπατρος,
336 1798 420 1879 quod
438 1798 574 1863 scholA
592 1801 820 1881 interpretatur
841 1793 910 1866 6πό
931 1804 1002 1877 τοῖς
1024 1794 1191 1887 ὀχήμασι,Ι

55 1898 151 1979 idque
167 1899 320 1982 Didymus
337 1901 556 1983 comprobasse
579 1902 704 1968 videtur
726 1902 839 1985 collato
862 1902 956 1966 simili
979 1900 1098 1969 ἔλυσαν
1120 1897 1176 1991 ὑφ’

56 2000 200 2089 α’ρμασιν
227 2001 369 2083 ίσιιους,
405 2004 733 2086 eodemquatraxisse
761 2004 840 2070 alios
867 2005 965 2085 locos,
999 2007 1032 2069 in
1064 2003 1179 2086 quibus

55 2100 111 2171 ὑπ’
137 2099 254 2193 ὄχεσφι
278 2113 311 2172 et
334 2101 412 2193 παρ’
438 2100 555 2195 ὄχεσφι
579 2107 672 2174 modo
695 2107 734 2172 de
756 2124 925 2172 unocurru
940 2107 1063 2185 dicitur,
1086 2107 1178 2172 modo

55 2208 95 2272 de
117 2208 269 2289 pluribus.
314 2209 512 2292 Tryphonem
546 2230 619 2276 vero
652 2211 794 2292 suspicor
827 2209 868 2275 ad
890 2210 1062 2292 genitivum
1089 2210 1177 2275 inoli-

53 2329 161 2391 nasse,
185 2331 246 2394 quo
268 2319 362 2395 poeta
396 2313 428 2377 in
451 2314 546 2379 simili
568 2332 665 2379 cause
685 2315 795 2395 utitur,
821 2311 952 2392 ὄσσοις
975 2312 1076 2380 λῦσαι
1109 2309 1176 2379 ὑπὸ

56 2415 155 2500 ζυγοῦ
177 2413 315 2481 V111543
338 2421 371 2480 et
393 2412 460 2482 iai
485 2414 622 2502 ζυγόφιν
645 2413 724 2483 λύον
742 2414 872 2496 ἵππους
882 2415 990 2483 XXIV
1001 2400 1073 2497 576,
1096 2435 1177 2498 quae

55 2519 266 2585 Callimachus
299 2520 442 2584 imitatur
467 2517 508 2582 H.
531 2518 622 2583 Dian.
648 2517 707 2584 162
740 2517 887 2604 κεμάδος
919 2515 986 2587 ὑπὸ
1021 2516 1176 2605 ζεύγληφι

15 2606 19 2614 ”
57 2622 226 2701 λυθείσας.
260 2621 319 2686 His
341 2622 438 2704 igitur
449 2623 541 2686 nixus
565 2617 705 2710 ὄχέοσφι
727 2623 876 2690 thematis
897 2624 967 2690 loco
988 2621 1095 2705 posuit
1115 2641 1178 2686 non

54 2727 183 2807 ignarus
206 2724 364 2807 singulare
398 2724 435 2789 τὸ
460 2720 537 2808 ὄχος
569 2724 608 2791 ab
631 2725 762 2792 Homeri
791 2744 852 2791 usu
874 2726 1010 2792 alienum
1033 2744 1113 2792 esse.
1140 2761 1175 2772 -

55 2828 105 2892 Ad
127 2827 255 2910 Didymi
276 2829 431 2893 rationem
453 2828 716 2894 accommodatius
741 2835 791 2893 est
813 2829 948 2894 alterum
969 2847 1098 2894 nomen:
1134 2823 1179 2907 ὡς

56 2927 112 2997 ὄιε
136 2933 203 3017 πῦρ
225 2929 354 2997 καίεται
379 2925 526 3018 ὄρεσφι
547 2930 629 3005 XIX·
647 2929 726 3011 376,
761 2927 805 3009 ὥς
839 2928 894 2997 ὄιε
922 2930 1036 3016 νεβρὸν
1059 2923 1178 3018 ὄρεσφι

56 3031 167 3121 δίηται
190 3033 283 3099 XXII
308 3031 396 3114 189„
417 3027 460 3112 ὡς
492 3036 581 3110 θῶες
613 3026 736 3120 ὄρεσφι
769 3033 815 3098 XI
843 3032 920 3112 474,
954 3027 1032 3120 ἠΰτε
1065 3028 1179 3117 κίρκος

56 3131 194 3223 ὄρεσφιν
216 3132 333 3225 cippos
355 3135 450 3201 XXII
474 3133 548 3214 139,
583 3154 646 3217 qua
678 3137 711 3200 in
733 3137 909 3202 sententiae
932 3133 1176 3202 conformatione

55 3256 151 3322 saepo
178 3239 303 3305 dativus
329 3240 452 3320 integer
485 3256 556 3303 cum
588 3241 820 3322 praepositione
842 3240 1014 3322 reperitur:
1043 3233 1176 3304 σύεσσιν

56 3339 259 3421 tornisarni
281 3338 306 3408 τ’
331 3341 366 3409 ἐν
389 3335 502 3426 ὄρεσσι
517 3380 552 3389 -
567 3342 631 3408 XII
645 3342 714 3423 146,
739 3336 853 3432 ὄρνιθι
877 3340 1068 3427 ἐναλίγκιος,
1092 3337 1131 3426 ἥν
1148 3336 1176 3404 ε’

55 3443 89 3512 ἐν
112 3438 226 3529 ὄρεσσι
251 3481 287 3492 -
312 3444 388 3510 XIV
411 3443 492 3528 290,
516 3444 648 3535 καπρίῳ
671 3443 811 3524 εόκελος,
836 3443 872 3523 ὄς
894 3439 920 3509 τ’
945 3444 979 3512 ἐν
1001 3441 1113 3528 ὄρεσσι
1138 3481 1173 3490 -

53 3547 147 3613 XVII
168 3547 231 3613 282
256 3553 317 3614 etc.
362 3548 426 3614 Sed
447 3568 577 3632 prorsus
598 3554 755 3631 repugnat
778 3545 819 3615 δι’
845 3542 965 3636 ὄρεσφι
989 3546 1020 3611 X
1046 3545 1121 3627 185,
1145 3553 1178 3611 et

55 3646 124 3716 κατ’
149 3646 270 3739 ὄρεσφι
300 3650 345 3717 IV
368 3649 445 3734 452,
479 3638 534 3719 ubi
555 3651 651 3718 schol.
674 3650 849 3734 Tryphonis
883 3651 1073 3717 sententiam
1105 3669 1176 3733 pro-

10 3772 13 3782 *
54 3753 176 3820 fitetur:
200 3755 238 3821 τὸ
261 3756 286 3825 ε’
309 3754 429 3822 ἔδωκεν
452 3749 471 3842 ἦ
496 3754 645 3844 συγκοπὴ
668 3751 713 3834 ὠς
734 3756 772 3821 τὸ
786 3751 979 3840 θεόφαντον
1003 3754 1169 3841 θέσφατον

54 3859 200 3940 idemque
222 3857 358 3923 fortasse
391 3858 461 3923 aliis
483 3858 560 3925 locis
592 3853 715 3945 ὄρεσφι
747 3857 919 3940 genitivum
952 3875 1023 3922 esse
1055 3855 1178 3936 putavit

54 3961 282 4045 significatione
304 3961 403 4041 local,
428 3979 509 4043 quae
531 3964 624 4045 vulgo
640 3961 872 4044 praepositione
895 3956 955 4026 ἐπί
976 3958 1181 4039 exprimitur3

55 4071 111 4131 aut
133 4066 229 4131 etiam
250 4081 474 4147 nonnunquam
496 4058 617 4152 ὄρεσφι
639 4064 788 4130 mendose
810 4082 867 4145 pro
891 4054 1004 4148 ὄρεσσι
1023 4061 1174 4142 scriptum
1291 4131 1294 4134 Δ

54 4187 126 4233 esse
149 4169 270 4233 sumsit
314 4167 363 4232 Ea
383 4165 541 4248 perfacilis
563 4172 614 4232 est
640 4169 672 4233 in
694 4174 760 4233 tam
781 4166 843 4230 leui
866 4165 963 4229 ductu
985 4164 1120 4228 mutatio
1144 4169 1176 4226 et
1267 4212 1271 4219 ,

54 4292 117 4338 non
149 4291 224 4337 rara
256 4273 324 4336 eius
357 4272 389 4335 in
411 4272 527 4337 nostris
555 4269 645 4335 libris
667 4269 825 4351 exempla:
860 4266 915 4334 ἐπὶ
951 4263 1112 4354 σιὴθεσσι
1146 4271 1178 4330 et

56 4371 234 4464 αιιίόεσφι,
257 4394 284 4442 v.
307 4373 466 4442 Thiersch.
491 4375 508 4462 ἓ
535 4371 604 4442 186.
626 4374 647 4440 2
668 4372 705 4457 h,
728 4367 810 4463 ἀμφ’
836 4367 965 4457 ὀχέεσσι
988 4378 1022 4435 et
1044 4366 1176 4459 ὄχέεσφι
1305 4428 1312 4435 ,,

943 4456 1007 4527 II*
