2736 4778
184 354 260 429 224
468 343 798 414 ‘DISSERTATIO
825 343 874 408 ll.
918 344 959 409 Ρ.
980 342 1010 410 1.

184 556 210 599 a·
225 530 348 620 θρρίον
368 529 585 617 proficiscitur
606 524 787 618 θηρατικός,
815 551 836 593 a
862 522 1045 612 upopodion
1064 526 1305 613 προςοδιακός,

185 658 205 699 a
228 637 383 717 κουρεῖον
412 628 611 715 νουρτακός,
641 632 689 697 sic
715 654 736 696 a
761 626 945 718 μυστήριον
968 628 1149 695 derivatum
1165 639 1222 695 est
1242 656 1308 714 μιν·

184 729 379 822 οτηριακίς,
403 732 496 816 quod
515 732 758 819 Aristophanes
784 729 945 796 tranavit
965 727 1170 817 μαστρρικός
1192 730 1308 798 dicens

183 835 235 900 vel
266 832 363 902 metri
395 855 494 898 carrea
520 833 573 897 vel
599 842 637 896 ut
663 833 894 919 Megarensem
922 830 1113 897 imitaretur.
1162 833 1306 918 Ignotos

185 944 336 1001 auctores
367 932 468 999 habet
498 932 644 1011 Μαλκιίς
678 933 832 1016 μαλακός
863 934 947 998 Hes.
981 933 1041 999 sed
1073 933 1307 1021 comprobatur

181 1033 387 1102 substantivo
407 1033 519 1119 μάλκη
541 1028 561 1121 ἦ
579 1035 730 1115 μαλακία
749 1032 863 1102 Schol.
881 1034 956 1101 Nic.
975 1033 1041 1099 Tu
1052 1035 1126 1100 382.
1141 1071 1184 1085 -·
1207 1035 1307 1118 Quae

184 1135 420 1219 adjectivorum
441 1133 723 1201 terminationibus
744 1156 903 1201 concessa
931 1145 982 1200 est
1008 1133 1160 1214 libertas,
1187 1136 1307 1202 eadem

183 1235 336 1311 tribuitur
352 1233 563 1300 substantivis
574 1235 798 1319 σχινόάλαμος
812 1234 1028 1319 σχινδαλμός,
1048 1230 1180 1323 ὅρχάμη
1194 1231 1305 1324 domei

184 1337 287 1406 Proll.
310 1336 383 1402 167.
409 1337 469 1402 sed
494 1335 612 1402 homm
632 1336 796 1402 nonnullis
819 1336 1032 1404 Grammatici
1052 1345 1217 1424 syncopae
1238 1359 1302 1402 no·

182 1462 259 1512 men
290 1437 480 1524 indulgent:
521 1436 673 1518 πλοχμός
709 1438 760 1504 ἐκ·
778 1443 840 1504 τοῦ
864 1436 1047 1521 ’πλόκαμος
1081 1438 1306 1522 συγκοπέντας

181 1543 277 1608 Eust.
299 1538 373 1617 975,
395 1539 447 1605 62.
472 1540 514 1604 de
536 1562 603 1624 quo
622 1538 751 1604 dubitat
769 1539 982 1605 Herodianus
1007 1538 1052 1603 ad
1072 1539 1112 1604 Il.
1131 1539 1215 1605 XII.
1229 1537 1303 1604 148.

182 1643 221 1711 τὸ
253 1639 405 1723 πλοχμός
433 1638 500 1709 si‘as
532 1640 757 1723 συγκέκοπται
785 1636 852 1706 ei‘rs
881 1638 1021 1719 ἐντελές,
1056 1635 1304 1727 ‹liutomirice-

181 1762 256 1811 ται·
285 1742 345 1807 sed
371 1740 435 1806 hoc
462 1764 482 1806 a
510 1741 702 1826 πίπλεγμαι
728 1741 911 1826 proiectum
934 1750 985 1806 est
1005 1751 1042 1805 ut
1059 1741 1171 1830 φλέγω
1195 1743 1303 1828 φλορ·

181 1838 264 1928 μός,
294 1840 357 1924 ἔχω
386 1837 501 1924 ὀχμός,
532 1839 694 1927 ἔρῤργμαι
724 1836 870 1927 ῥωχμός,
900 1841 1026 1906 illude
1051 1839 1189 1919 πλόκος.
1239 1841 1302 1909 Se·

182 1947 322 2036 paratim
351 1945 393 2012 ab
423 1943 474 2009 his
504 1940 702 2009 enumerabo
736 1963 822 2025 quae
854 1943 1034 2028 generatim
1066 1941 1303 2028 comprehendi

182 2071 250 2116 non
272 2058 427 2135 possunt·
457 2046 568 2130 Κίβλρ
590 2042 673 2128 (hoc
699 2038 899 2128 accentu)‘
879 2071 899 2132 η
925 2040 1054 2131 κεφαλή
1081 2044 1115 2111 ἐν
1148 2069 1300 2134 συγκοαρ

182 2156 243 2219 τοῦ
270 2177 292 2215 α
323 2149 382 2216 καὶ
407 2151 519 2236 τροπῇ
544 2172 603 2213 τοο
635 2169 661 2234 φ
688 2141 738 2220 είς
762 2151 785 2229 β
813 2142 926 2211 Schol.
952 2145 1027 2210 Nic.
1048 2145 1123 2210 424.
1147 2145 1201 2211 cui
1221 2167 1302 2211 con·

183 2262 273 2318 texta
302 2259 377 2314 sunt
408 2240 580 2331 lls'fllog‘
563 2272 583 2313 o
611 2247 839 2331 κυνοκέφαλος
858 2247 943 2310 Hcs.
971 2255 1004 2309 et
1023 2243 1303 2334 eremmon).
1334 2247 1337 2251 ’

14 2316 55 2387 λ’·ι-
182 2349 288 2438 Παρὰ
320 2347 358 2416 τὸ
392 2349 492 2432 τέρας
524 2346 678 2430 τερατεία
711 2345 768 2411 καὶ
802 2345 837 2412 ἐν
868 2350 1022 2436 συγκοπῇ
1060 2346 1213 2433 captoria
1244 2345 1304 2415 καὶ

181 2453 316 2540 (τροπῇ
343 2453 403 2516 τοῦ
427 2449 546 2531 ψιλοῦ)
570 2447 732 2532 τερθρεία
758 2439 805 2524 ὡς
830 2443 984 2530 ταράττω
1009 2445 1140 2533 τράττω
1161 2443 1301 2534 &poium

180 2554 261 2622 EM.
287 2551 358 2629 752,
378 2550 431 2615 48.
453 2549 564 2635 Epim.
585 2547 614 2612 I.
635 2547 708 2612 203.
733 2547 789 2632 qui
808 2547 960 2612 omittunt
978 2548 1108 2613 tertium
1126 2549 1301 2614 discrimen

181 2655 216 2719 in
245 2652 432 2718 accessione
458 2651 570 2714 literae
597 2637 625 2736 (ἶ
645 2649 799 2736 positum.
842 2649 987 2715 Nomina
1006 2651 1081 2737 ipsa
1105 2673 1173 2715 non
1193 2651 1304 2741 solum

180 2753 303 2820 librarii
329 2775 429 2838 saepe
453 2751 670 2817 confuderunt
689 2750 749 2816 sed
764 2751 939 2816 Atticistae
962 2774 1095 2837 quoque
1119 2775 1179 2838 pro
1199 2774 1300 2838 syno-

180 2854 287 2941 nymis
314 2851 436 2917 habent
466 2864 499 2918 et
521 2853 695 2940 scriptores
717 2852 782 2938 ipsi
801 2874 1038 2938 nonnunquam
1060 2864 1246 2939 permutant
1264 2865 1302 2917 ut

180 2957 322 3041 Dionys.
344 2956 438 3020 Antt.
461 2955 507 3021 II.
534 2955 584 3021 19.
607 2953 836 3021 sacricolarum
862 2966 1015 3042 portenta
1040 2956 1182 3042 primum
1202 2980 1301 3042 τερα·

180 3055 328 3139 seducta
349 3080 427 3122 mox
448 3056 628 3142 τερθρείαν
647 3055 795 3143 μυθικήν
817 3065 926 3133 vocat,
948 3068 981 3120 et
1000 3056 1129 3120 Aelian.
1145 3057 1191 3121 H.
1209 3058 1300 3122 Anu.

180 3159 226 3225 X.
259 3160 312 3224 24.
345 3161 587 3245 Aegyptiarum
618 3157 803 3224 fabularum
836 3158 1073 3246 compositores
1106 3154 1300 3243 τερθρεύειν

183 3262 262 3328 dicit
276 3260 340 3326 hoc
357 3269 407 3324 est
431 3255 683 3341 τερατεύεσθαι.
712 3259 886 3346 Plerisque
908 3269 1016 3324 tamen
1038 3259 1120 3325 locis
1143 3255 1298 3347 τερατεία

181 3364 315 3449 quidem
349 3359 512 3446 significat
542 3357 846 3446 παραδοξολογίαν,
887 3360 1058 3425 mendacia
1098 3369 1299 3447 portentosa,

180 3461 494 3551 magniloquentiam
511 3471 544 3527 et
558 3459 750 3546 jactantiam
765 3481 795 3523 v.
807 3458 943 3528 Jacobs.
961 3462 1003 3525 ad
1018 3463 1094 3527 Ael.
1111 3487 1145 3550 p.
1160 3462 1234 3528 534.
1246 3468 1257 3508 ¹
1267 3464 1298 3549 ⁴)

181 3554 343 3650 τερθρεία
365 3586 442 3628 vero
466 3560 700 3645 λεπτολογίακ,
723 3561 868 3646 argutias
890 3572 923 3627 et
944 3562 1079 3629 subtiles
1102 3565 1299 3652 disputatio·

182 3685 257 3740 nes,
280 3685 361 3747 quas
383 3663 437 3728 ulii
454 3659 717 3750 ακαριφισμούς,
740 3661 964 3746 σκινδαλμοιίς
980 3675 1011 3731 et
1029 3661 1300 3751 σκαλαθιίρματα

252 3932 297 3999 13)
316 3929 533 3986 Macedonicum
553 3935 700 3998 κεβαλῆνος
719 3930 794 3986 Gud.
812 3933 854 3996 ⁹7,
874 3935 915 3986 ld.
940 3933 1060 3988 fortasse
1085 3939 1128 3985 eat
1151 3928 1300 4002 proprium

181 4023 342 4089 Κεραλῖνος.

254 4121 299 4188 ll)
312 4121 345 4174 Iu
357 4118 454 4175 Schol.
468 4118 563 4173 Nuba.
577 4119 637 4171 ³¹7.
653 4123 794 4190 τερατείαν
810 4120 1052 4191 παραδοξολογίαν
1064 4117 1219 4172 Piersonus
1235 4135 1301 4190 rsp-

182 4212 283 4277 θρειαν
302 4205 432 4276 corrigit;
458 4205 563 4261 Coraca
581 4205 618 4257 ad
637 4203 723 4259 Isocr.
741 4222 769 4276 p.
787 4207 844 4259 tto.
869 4204 1018 4260 discrimen
1038 4203 1141 4260 subtile
1161 4204 1299 4260 interesse

182 4293 233 4346 sed
250 4309 266 4346 a
283 4291 350 4346 solis
366 4290 467 4346 Atticis
487 4292 667 4346 observatum
686 4301 793 4347 censet.
