2736 4778
409 359 621 427 PATHOL.
644 361 841 429 PROOEM.
1162 368 1184 439 3

71 548 122 612 eui
148 568 216 612 non
245 542 410 612 dissimilis
442 556 493 610 est
520 544 719 610 schematum
740 544 856 609 divisio
879 541 952 611 κατ’
978 546 1131 615 ἐπίτασιν
1153 558 1186 614 et

71 647 146 714 κατ’
172 646 304 716 ἔκλυσιν
332 646 459 712 Herod.
487 647 527 711 de
555 648 629 732 Fig.
659 672 692 734 p.
714 647 788 712 590.
817 648 858 712 Τ.
881 640 976 714 vul.
1002 651 1053 714 ed.
1074 649 1183 716 Walz.

69 750 268 835 Adjectione
290 760 441 815 constant
460 748 649 836 prosthesis,
668 748 883 835 anadiplosis,
905 749 1031 826 ectasis,
1051 761 1183 836 epecta-

69 851 125 928 sis,
149 851 319 927 diaeresis,
342 846 560 936 parenthesis,
584 851 829 938 diplasiasmus,
855 851 1084 937 paremptosis,
1107 864 1184 938 pro'-

68 952 318 1018 schematismus
331 954 372 1037 ⁴).
413 953 607 1019 Defectione
626 974 703 1018 vero
722 951 920 1039 aphaeresis,
941 953 1033 1030 arsis,
1052 954 1184 1037 systole,

68 1076 230 1140 syncope,
253 1056 440 1139 synaeresis,
462 1055 596 1142 ellipsis,
615 1054 800 1141 paralipom,
823 1052 1001 1140 ecthlipsis,
1022 1077 1184 1143 apocope,

69 1177 159 1239 quae
175 1156 319 1241 singulae
334 1157 470 1243 singulis
486 1157 686 1243 respondent
700 1154 920 1242 pleonasticis.
944 1157 1056 1241 Atque
1070 1157 1184 1223 harum

66 1257 282 1342 ellipticarum
299 1258 506 1324 affectionum
518 1258 770 1324 Choeroboscus
783 1259 891 1346 Epim.
903 1256 938 1323 in
949 1259 1070 1324 Psalm.
1084 1284 1117 1347 p.
1129 1262 1181 1327 31.

66 1350 151 1424 Can.
172 1382 205 1445 p.
218 1359 269 1423 84.
290 1369 322 1423 et
340 1361 551 1425 Herodianus
574 1362 615 1425 de
627 1360 736 1426 Genit.
751 1382 866 1446 parag.
887 1360 1060 1426 inAnecd.
1073 1358 1184 1428 Cram.

66 1459 109 1524 T.
127 1460 191 1525 111.
214 1461 287 1527 230.
311 1471 375 1525 tres
398 1473 554 1548 tanquam
575 1462 745 1548 primarias
768 1462 955 1549 exsignant,
978 1463 1182 1550 aphaeresin,

67 1584 252 1648 syncopen,
278 1584 466 1650 apocopen,
491 1564 688 1649 easdemque
714 1566 881 1631 consociat
908 1565 1046 1652 Trypho
1074 1589 1107 1653 p.
1130 1566 1181 1632 51.

67 1661 220 1749 ἔλλειψίς
239 1661 310 1732 ἔστι
328 1667 416 1745 λέξις
433 1660 472 1732 orl
492 1664 575 1732 nard
595 1666 631 1734 td
651 1669 779 1755 πλῆρες
801 1665 1044 1754 ἕξειηιεγμέιη·
1059 1671 1183 1752 γίνεται

66 1765 105 1831 δὲ
133 1760 205 1830 κατ’
237 1760 355 1855 ἀρχήν,
389 1765 472 1833 κατὰ
498 1768 617 1847 μέσον,
650 1768 734 1834 κατὰ
760 1767 869 1845 τέλος,
904 1759 977 1834 οἷον
1002 1766 1184 1856 ἀφαίρεσις

66 1860 222 1952 (silico),
246 1865 397 1953 συγκσπή
419 1865 616 1952 (μώνυχες),
640 1863 799 1952 daouoaq'
823 1866 919 1952 (aa).
964 1867 1068 1953 Cujus
1091 1892 1180 1935 com·

65 1967 247 2053 parationis
269 1968 351 2033 haec
373 1991 472 2033 causa
493 1969 621 2032 videtur
637 1969 727 2053 quod
746 1967 849 2033 tribus
866 1969 929 2032 illis
946 1969 1069 2034 tollitur
1089 1970 1183 2035 litera

65 2067 233 2150 syllabica,
261 2079 389 2133 ceterae
410 2090 486 2132 vcro
509 2066 698 2132 mutationis
721 2069 861 2131 afferunt
882 2067 1006 2144 minus3
1033 2092 1110 2133 nam
1136 2071 1182 2135 el-

63 2167 160 2254 lipsis
177 2192 262 2255 quaa
284 2169 418 2256 proprie
440 2168 486 2231 ita
504 2166 789 2254 diciturti'sopog)
811 2167 987 2254 paralipsis
1000 2163 1184 2259 (Ἀχιλεύς)

64 2269 188 2354 systole
203 2271 335 2356 (ξερός)
357 2269 523 2356 ecthlipsis
538 2269 780 2357 (σκηπτοῦχος)
799 2267 996 2354 syllabarum
1012 2294 1182 2338 numerum

62 2393 133 2436 non
147 2371 357 2447 imminuunt3
381 2371 564 2455 synaeresis
580 2371 724 2457 (Πηλεῖ)
741 2371 871 2436 vocales
893 2384 999 2437 se'rvat
1016 2374 1180 2461 integras3

61 2473 167 2538 orasis
189 2472 346 2560 (ἔνθους)
368 2496 435 2538 non
462 2472 618 2559 opprimit
645 2472 705 2536 sed
729 2473 844 2537 miscet
872 2484 905 2538 et
932 2473 1073 2539 involvit.
1122 2479 1181 2542 Ad

61 2575 256 2661 qualitatem
280 2585 430 2660 spectant
453 2575 538 2639 duae
564 2569 777 2659 inconjugae,
806 2575 993 2640 metathesis
1015 2576 1180 2644 literarum

62 2688 97 2743 et
120 2687 231 2762 trope,
257 2698 353 2761 quam
378 2676 431 2740 alii
452 2675 645 2762 metalepsin
668 2675 735 2740 sive
757 2675 942 2741 metabolen
963 2690 1098 2757 vocant,
1124 2681 1182 2746 alii-

60 2778 257 2856 antithesin,
285 2778 349 2842 hoc
372 2789 423 2843 est
446 2778 653 2843 commutatio
677 2777 908 2843 elementorum
934 2795 1001 2855 ea,·
1020 2802 1086 2865 qua
1106 2804 1178 2849 mo·

59 2892 175 2945 menta
200 2891 384 2966 temporum
409 2879 477 2945 sivo
502 2881 664 2966 quantitas
691 2902 758 2944 non
780 2891 922 2944 mutatur
947 2880 1036 2945 velut
1055 2883 1180 2964 μσιλιίς

58 2980 206 3069 uvolis,
234 2983 344 3068 νίτρον
370 2981 489 3066 λίτρον.
534 2984 657 3050 Verum
684 2981 712 3046 si
739 2982 840 3068 longa
859 2981 983 3046 vocalis
1005 3005 1065 3069 pro
1088 2982 1178 3049 brevi

60 3083 197 3170 ponitur
214 3092 272 3146 aut
289 3093 412 3161 contra,
427 3082 483 3147 illa
501 3084 634 3169 proprio
654 3083 786 3147 nomine
805 3082 1004 3168 appellanda
1022 3095 1072 3149 est
1089 3096 1177 3149 ecta-

60 3185 126 3262 sis,
148 3183 230 3249 haec
259 3185 390 3269 systole.
443 3185 512 3251 Sed
539 3184 595 3248 illo
620 3204 755 3247 numero
783 3182 946 3248 vicenario
974 3204 1042 3248 non
1070 3186 1179 3250 omnia

60 3285 280 3363 continentur,
300 3308 385 3370 quae
403 3285 695 3353 Grammaticomm
715 3284 815 3369 aliqui
837 3286 1026 3374 passionum
1045 3288 1177 3355 nomine

59 3387 352 3474 comprehendunt.
387 3387 523 3475 Trypho
542 3388 628 3453 enim
646 3386 827 3453 subditivos
845 3400 878 3452 et
887 3387 1047 3473 Polybius
1062 3388 1175 3476 pola.

60 3488 103 3555 T.
116 3490 213 3558 VIII.
236 3490 362 3554 addunt
382 3495 510 3576 τμῆσιν,
532 3514 597 3575 qua
613 3488 774 3558 vocabula
792 3488 891 3575 vulgo
912 3491 1059 3577 copulari
1081 3493 1177 3558 solita

60 3590 258 3658 diradantur
280 3589 379 3668 πόλις
402 3583 486 3677 ἄκρη
508 3614 568 3677 pro
586 3588 779 3682 ἀκρόπολις.
824 3592 865 3657 ld
878 3613 954 3659 vero
974 3613 1040 3660 uon
1053 3595 1174 3680 justius

58 3694 127 3760 huc
151 3694 382 3759 adnumeratur
409 3714 506 3776 quam
531 3696 658 3782 μητρὸς
682 3689 829 3782 ἀδελφός
856 3716 916 3782 pro
939 3697 1176 3786 pqapoidslqmg

57 3806 95 3862 et
121 3795 284 3863 contraria
313 3794 407 3860 tmesi
437 3794 670 3878 disjunctorum
698 3795 934 3882 conglutinatio
963 3794 1176 3885 ἄγριόχσιρος

58 3918 122 3984 pro
145 3892 262 3987 ἄγριος
281 3902 404 3979 χοῖρος.
452 3895 522 3962 Nec
549 3896 628 3962 satis
654 3897 796 3984 cogitata
818 3896 1070 3966 Choerobosous
1091 3897 1173 3964 Can.

127 4143 159 4213 t)
178 4140 243 4197 Hoc
263 4158 316 4213 per
335 4159 459 4197 errorem
481 4141 582 4198 omisso
604 4143 632 4199 iu
653 4143 743 4217 Epim.
763 4142 853 4199 Cram.
869 4141 892 4199 I.
913 4143 969 4196 13¹.
993 4147 1175 4196 numerantur

54 4224 129 4284 dard
148 4230 211 4296 ιῐιλη
230 4229 417 4300 πλεονασμοῦ.
459 4227 632 4285 Sententiam
653 4230 903 4288 Grammaticorum
925 4244 1021 4297 parum
1044 4234 1174 4283 accurata

52 4313 184 4371 reddidit
195 4312 332 4369 Matthiae
345 4315 467 4368 Gramm.
482 4314 505 4380 §.
520 4315 562 4367 33.
948 4395 965 4432 ὼ

924 4398 940 4460 1
