2736 4778
127 389 191 456 330
301 387 513 456 EPILOGUS
535 389 593 455 DE
615 386 991 456 INTERPUNOTIONE
1013 386 1118 457 GUM

126 553 209 631 Quid
230 554 281 619 hic
302 559 336 618 et
357 553 474 635 ubique
499 551 743 634 praeferendum
775 552 831 632 ait,
865 552 1011 634 quaestio
1045 557 1106 618 est
1140 570 1266 619 summe

126 654 270 722 difficilis.
325 654 417 732 Quod
443 655 510 719 viro
545 654 725 720 doctissimo
761 653 895 735 placuit:
935 646 962 719 π’
998 655 1115 740 μῆτέρ
1157 679 1204 737 με
1227 692 1261 703 -

123 763 209 823 certa
240 757 433 823 contrarium
461 761 513 822 est
543 757 670 823 scholae
715 757 863 836 demeto,
902 754 1058 821 vocativis
1105 756 1259 823 absolute

127 861 238 942 positis
266 861 401 941 stigmen
433 859 580 925 comitem
613 859 786 923 asserentis
807 864 841 924 et
873 862 1008 925 naturae
1041 858 1134 940 ipsi,
1169 876 1263 942 quan

127 967 297 1045 sequentes
329 961 422 1026 hodie
454 979 580 1044 quoque
612 978 720 1027 casum
753 961 965 1042 emphaticam
996 960 1142 1027 elatiore
1187 978 1262 1044 quo

127 1066 201 1132 dam
239 1082 316 1130 sono
355 1060 524 1127 efferimus.
600 1061 706 1141 Quare
736 1062 867 1145 dubito,
899 1082 942 1129 an
960 1062 1115 1129 ‘cadmia
1156 1065 1263 1146 potius

125 1165 343 1249 posthabenda
354 1165 406 1241 sit
417 1164 600 1244 pronomine
607 1170 731 1263 erecto:
752 1169 867 1254 μῆτερ,
880 1165 924 1249 μέ
937 1202 974 1213 -
988 1161 1115 1252 πάτερ,
1142 1166 1191 1247 zi,
1212 1182 1263 1232 hc·

128 1288 190 1351 que
212 1286 312 1346 secus,
335 1268 363 1331 si
384 1266 591 1348 imperativus
612 1267 788 1349 praecedit:
811 1272 950 1335 haiom·
969 1266 1013 1351 μὲ
1033 1266 1087 1354 μὴ
1113 1304 1180 1350 -,
1208 1269 1262 1335 scd

126 1371 186 1436 hoc
218 1388 276 1451 per
307 1368 503 1451 hyperbaton
534 1387 593 1452 pro
624 1366 670 1455 μή
692 1394 756 1452 με,
795 1388 858 1452 quo
877 1369 1030 1436 onciitica
1044 1370 1199 1453 primm
1229 1372 1260 1437 iu

128 1472 264 1539 dictione
287 1471 390 1536 iocum
411 1470 568 1554 accipito.
612 1470 702 1537 [dem
724 1490 822 1554 supra
843 1473 908 1539 uiri
928 1478 1003 1554 post
1034 1473 1105 1538 alia
1138 1492 1258 1556 paren·

127 1575 227 1642 thesis
254 1592 371 1657 genera
391 1571 570 1638 iaciendum
595 1591 681 1655 esse,
714 1593 755 1640 ne
787 1592 851 1655 qua
882 1574 1016 1657 obrepat
1048 1575 1262 1660 ambiguitas.

127 1676 191 1743 Sed
212 1676 306 1742 huius
327 1680 434 1751 tamen
456 1676 583 1742 diversa
604 1681 655 1769 cat
675 1694 733 1758 pro
755 1678 908 1759 cuiusque
928 1694 1026 1743 sensu
1046 1678 1259 1746 existimatio

126 1778 164 1843 In
186 1776 282 1859 Soph.
303 1777 352 1843 El.
375 1776 438 1843 648
460 1777 515 1844 καὶ
537 1776 601 1863 μή,
632 1804 676 1860 με
698 1777 844 1846 πλούτου
867 1774 903 1846 εἴ
919 1802 1006 1856 τινες
1024 1777 1259 1861 βουλεύουσιν

128 1879 289 1961 ἐκβαλεῖν,
323 1879 410 1970 ἐφῇς
431 1880 541 1947 Herm.
563 1888 597 1946 et
617 1880 712 1947 Dind
746 1881 929 1948 incisionem
959 1883 1170 1950 sustulerunt
1201 1885 1258 1951 rni-

126 1982 211 2047 nime
233 1983 453 2062 necessariam,
476 2002 580 2066 nequa
602 1983 774 2049 verendum
794 1989 855 2065 est,
876 2002 918 2050 ne
940 1985 1012 2066 quis
1033 1983 1107 2067 Iph
1131 1986 1172 2053 T.
1194 1984 1257 2053 646

127 2079 278 2171 Πυλάδη,
300 2085 476 2162 πέπονθας
498 2080 616 2160 suiad,
641 2084 726 2169 πρὸς
750 2089 854 2166 θεῶν,
877 2085 955 2170 ἐμοί
975 2086 1032 2153 illa
1064 2088 1183 2155 demta
1213 2089 1258 2155 sic

129 2187 265 2268 accipiat
286 2191 323 2263 nt
343 2206 372 2252 v.
386 2185 449 2252 692
471 2182 625 2274 πράσσων
648 2178 671 2253 8
693 2184 835 2274 πράσσω
858 2186 945 2273 πρὸς
967 2189 1068 2255 θεῶν.
1115 2189 1165 2257 Et
1186 2190 1256 2274 quit

126 2307 190 2354 non
226 2290 361 2355 hbenter
398 2290 562 2355 renunciet
598 2290 698 2356 ternis
738 2291 861 2374 atigmis
898 2290 932 2355 in
962 2288 1111 2357 hiachon
1156 2310 1253 2361 veron

126 2390 240 2457 Athen.
263 2390 419 2459 mtto
441 2389 468 2456 G
489 2387 520 2458 al
542 2393 653 2479 φρσὶν,
676 2386 780 2480 ᾔδειν,
806 2387 1026 2480 ipsud-‘iorem
1058 2389 1155 2461 τοῦτ’
1180 2390 1253 2482 ἔρι’,

127 2494 209 2559 Plut.
238 2493 329 2561 Gens.
352 2494 393 2560 ad
415 2495 517 2575 Apoll.
541 2494 621 2558 XIII
645 2494 706 2560 108
727 2494 756 2559 Α
776 2492 899 2580 μυρίας
920 2492 994 2580 γάρ,
1018 2495 1137 2582 oppia,
1164 2493 1250 2580 ἡμῖν,

129 2592 286 2671 Πλάτων,
323 2592 478 2678 ἀσχολίας
500 2597 637 2682 παρέχει
673 2594 710 2660 τὸ
745 2598 864 2678 oripo?
922 2595 971 2662 De
1003 2597 1077 2663 aliis
1110 2599 1252 2667 dubitari

127 2705 240 2780 potest.
285 2698 446 2780 Euripidis
468 2700 565 2763 verba
583 2698 696 2763 Bacch.
720 2697 784 2762 510
806 2697 899 2780 (491)
923 2692 1010 2784 ἡμᾶς
1031 2699 1097 2786 γὰρ
1115 2696 1252 2780 ἀδικῶν,

128 2806 233 2867 κεῖνον
256 2797 303 2878 εἷς
324 2801 466 2881 δεσμοὺς
485 2794 579 2891 άγεις
600 2802 628 2865 si
653 2801 823 2865 indiscrete
847 2802 1011 2866 scribimus
1033 2807 1071 2866 ut
1098 2803 1166 2870 duo
1200 2824 1251 2871 no

127 2905 247 2969 tissimi
269 2905 422 2983 editores
445 2902 574 2968 dubium
597 2904 673 2981 erit,
703 2908 810 2967 utrum
832 2904 1032 2984 participium
1052 2922 1128 2971 cum
1152 2900 1252 2990 ἡμᾶς,

127 3026 167 3071 an
179 3012 215 3071 ut
228 3006 383 3071 Sluiterus
395 3024 466 3071 cum
479 3010 585 3071 κεῖνον
602 3006 773 3070 consociari
789 3005 931 3070 velimus.
953 3005 1069 3072 Etilla
1081 3007 1250 3076 Mathonis

127 3109 224 3173 verba
247 3109 359 3174 Athen
382 3107 462 3172 Xlll
484 3106 549 3171 582
575 3107 604 3171 D
627 3103 816 3191 άπόκριναι,
841 3108 950 3194 φησὶν,
975 3100 1001 3171 ὦ
1024 3108 1169 3197 ποιητά,
1193 3136 1252 3194 μοι

127 3211 154 3274 si
177 3212 222 3275 sic
244 3211 459 3291 disrupimus,
494 3207 671 3290 significant
704 3210 737 3274 id
769 3210 853 3292 quod
884 3211 1043 3292 interpres
1076 3214 1251 3294 expressit:

128 3311 279 3396 responde
300 3311 387 3392 mati,
410 3333 427 3372 o
444 3323 559 3396 poeto;
582 3311 639 3390 sin,
663 3317 699 3375 ut
720 3311 827 3393 nugo:
850 3312 1013 3398 responde,
1035 3326 1176 3398 opocta
1198 3315 1250 3396 mi,

126 3432 188 3495 quo
209 3415 371 3480 intellectu
393 3415 469 3479 alibi
490 3414 606 3495 legitur
627 3413 783 3493 genitivus
795 3416 1001 3497 pronominis:
1025 3408 1053 3481 ὦ
1075 3417 1163 3485 καλέ
1184 3442 1251 3501 μου

173 3572 187 3577 .-
198 3571 385 3579 -—-.—-—-——-

194 3688 223 3751 8)
241 3692 306 3741 Cum
325 3692 376 3742 hoc
393 3691 504 3756 simplici
523 3696 550 3742 ot
567 3692 675 3757 partrito
692 3690 910 3756 transgressionis
927 3705 1037 3756 genere,
1064 3705 1119 3756 quo
1146 3708 1249 3758 prono·

126 3794 185 3828 man
202 3775 398 3840 hypotacticum
416 3777 598 3841 anteponitur,
622 3776 750 3826 Matthiae
767 3780 793 3825 et
810 3775 983 3826 Buttmannns
1000 3776 1015 3837 5
1035 3774 1066 3828 ld
1085 3778 1149 3830 adn.
1170 3778 1188 3830 7
1206 3795 1252 3846 pa·

128 3878 183 3913 rum
202 3863 323 3928 apposito
340 3862 478 3913 conferunt
494 3862 633 3929 hyperbati
650 3863 766 3926 speciem
784 3863 821 3912 ita
839 3861 1003 3928 perplexam,
1029 3867 1059 3913 ut
1091 3863 1168 3915 nullo
1187 3865 1251 3917 loeo

124 3950 277 4014 interpungi
294 3950 387 4014 possit:
411 3943 459 4011 τὴν
477 3944 527 4010 σὴν
546 3942 618 3998 ὅπου
636 3963 680 3997 σοι
689 3941 780 4012 μητέρ’
800 3943 858 3996 ἐστὶ
869 3949 993 3997 νουθέτει
1003 3946 1060 4000 Ion.
1080 3946 1160 4002 roal.
1196 3951 1252 4002 luae

125 4035 260 4086 commode
278 4034 434 4099 dispescitur
456 4034 571 4086 Demetr.
590 4033 622 4084 da
640 4033 715 4083 Eloc.
733 4031 791 4083 Lx]
808 4030 844 4084 30
861 4028 973 4101 Νιρεὺς,
991 4027 1046 4100 γάρ
1064 4034 1146 4101 φησὶ,
1176 4039 1250 4105 τρεῖς

125 4120 191 4184 νῆας
210 4112 278 4183 dyst,
298 4134 358 4184 nam
376 4112 429 4183 γάρ
448 4134 506 4169 cnm
526 4119 597 4184 φησί
611 4117 742 4178 cohaeret,
759 4116 811 4167 hoc
825 4124 912 4169 summ
929 4118 964 4169 ad
973 4117 1139 4172 antecedens
1153 4116 1247 4188 Ὅμη-

125 4223 172 4275 ρος
186 4206 304 4256 rot‘ertur.
341 4206 376 4254 Et
392 4204 460 4255 Plot.
479 4204 590 4254 Phaedr.
608 4196 660 4254 258
679 4204 701 4253 Δ
722 4201 800 4262 ἔδοξέ
816 4220 879 4268 που,
898 4205 978 4270 φησὶ,
998 4204 1029 4275 τῇ
1047 4205 1149 4277 βουλῇ,
1179 4208 1251 4274 quod

124 4307 172 4356 pro
193 4289 277 4350 ἔδοξε,
297 4294 368 4354 φησί
384 4307 438 4339 που
457 4290 553 4339 dictum
571 4293 611 4339 est
628 4288 740 4353 ideoque
750 4305 821 4340 nuno
831 4291 888 4341 aino
896 4295 1026 4342 commate
1038 4290 1173 4343 scribitur.
1211 4293 1250 4345 st-

125 4376 259 4429 miliario
277 4376 353 4427 affert
370 4374 524 4426 Stallbaum.
542 4377 570 4425 iu
588 4374 647 4427 odit.
670 4374 748 4428 Goth.
767 4374 802 4426 11.
