2736 4778
346 334 411 405 Da
436 330 727 403 METATHESI.
770 329 896 403 0111.
928 333 954 418 ξ.
976 329 1007 398 2.
1157 340 1232 415 529

125 526 208 592 enim
233 525 310 612 quia
331 523 477 610 aspirata
500 533 557 587 aut
577 517 740 586 antecedit
761 529 817 585 aut
836 517 982 604 sequitur
1000 531 1142 590 mutatae
1158 539 1236 605 sumt

123 631 183 695 sed
201 628 359 694 arbitratu
380 623 551 712 populi¹).

207 751 232 832 ξ.
252 748 283 812 2.
327 747 423 810 Haec
450 740 589 807 breviter
617 740 856 805 demonstrasse
883 751 1054 806 contentus
1075 764 1236 830 exsequar

123 850 258 914 alterim
273 848 370 933 hujus
388 842 616 932 disputationis
639 852 779 928 partem,
802 863 888 927 quac
910 851 960 907 est
983 842 1025 908 de
1047 845 1237 929 trajectione

123 948 324 1035 quantitatis.
367 949 534 1033 Persaspe
555 943 676 1011 accidit
696 953 733 1007 ut
757 942 822 1008 duo
846 942 888 1008 ab
907 944 1022 1011 eadem
1039 944 1141 1034 stirpe
1157 970 1235 1035 pro.

125 1062 291 1136 pagentur
314 1049 474 1115 vocabula
499 1048 626 1113 diverso
655 1045 739 1110 inter
766 1066 802 1110 se
823 1046 928 1123 flexu,
956 1068 1096 1131 quorum
1113 1049 1149 1113 in
1168 1073 1237 1117 uno

124 1150 250 1235 syllaba
260 1151 446 1217 naturaliter
454 1150 555 1236 longa
568 1147 698 1214 brevem
717 1145 941 1232 subsequitur,
959 1147 994 1212 in
1009 1149 1112 1215 altero
1130 1150 1236 1220 brevis

124 1252 258 1338 longam
279 1253 330 1319 vel
352 1252 453 1319 versis
471 1248 606 1317 vicibus.
649 1250 744 1315 Haec
764 1248 897 1335 proprie
918 1248 1105 1316 metathesis
1126 1254 1236 1319 vocari

124 1377 193 1418 non
220 1364 338 1442 potest.
388 1353 457 1422 Sed
486 1350 542 1417 ubi
571 1350 653 1416 ordo
681 1349 843 1416 vocalium
864 1361 1020 1416 enatura
1044 1351 1129 1418 fixus
1154 1376 1234 1421 con·

124 1455 257 1522 vertitur
279 1467 335 1522 aut
357 1455 452 1522 metri
477 1476 576 1521 causa
593 1461 651 1517 aut
667 1450 800 1518 arbitrio
818 1450 929 1537 aliquo
948 1451 1167 1533 scribentium,
1188 1456 1235 1522 ibi

121 1557 262 1623 maxime
285 1558 349 1624 hoc
370 1557 503 1623 numine
525 1555 574 1621 uti
596 1553 756 1619 convenit.
799 1553 901 1618 Haud
929 1564 1036 1619 tamen
1061 1555 1164 1620 facilis
1186 1570 1237 1624 est

120 1659 292 1745 utriusque
313 1658 449 1727 rationis
471 1658 506 1723 in
531 1655 682 1722 omnibus
710 1655 817 1722 verbis
847 1654 1011 1721 distinctio
1040 1655 1236 1744 minimeque

122 1760 295 1827 observata
316 1783 337 1826 a
358 1757 598 1836 Grammaticis,
621 1780 759 1843 quorum
781 1756 921 1835 decreta,
943 1757 978 1823 in
1000 1770 1156 1844 quantum
1177 1784 1235 1827 ex·

122 1863 232 1949 pedit,
266 1862 382 1928 ordine
413 1860 556 1948 quodam
584 1881 768 1948 proponam
796 1859 957 1943 adjunctis
990 1883 1075 1946 quae
1106 1861 1235 1929 abillis

123 1963 298 2050 praeterita
323 1973 408 2028 sunt.
452 1962 493 2027 ln
513 1983 648 2027 numero
673 1960 950 2028 indeclinabilium
979 1962 1046 2029 duo
1067 1965 1237 2051 reperiun-

124 2077 195 2142 tur,
215 2086 234 2129 e
255 2064 375 2152 quibus
398 2063 571 2129 discrimen
591 2063 691 2129 modo
719 2085 740 2128 a
760 2084 813 2127 me
843 2061 1061 2148 significatum
1088 2065 1237 2134 facillime

124 2176 235 2253 potest
252 2165 405 2253 perspici.
449 2165 595 2232 Primum
618 2177 667 2231 est
690 2161 878 2228 adverbium
900 2160 1087 2245 συνωχαδόν
1109 2175 1143 2230 et
1158 2190 1235 2234 συν·

125 2264 261 2353 οχηόόν,
291 2289 430 2353 quorum
455 2265 561 2332 neutri
587 2265 695 2331 affecti
716 2285 835 2330 nomen
863 2264 1029 2343 convenit3
1054 2288 1131 2333 nam
1154 2268 1236 2335 illud

124 2367 297 2432 formatum
325 2379 376 2434 est
402 2366 446 2433 ad
473 2367 657 2454 exemplum
680 2364 906 2433 adverbiorum
926 2360 1104 2451 ὁμιλαδόν,
1133 2364 1234 2452 ἄμοι-

121 2465 246 2552 sassa,
270 2467 334 2536 hoc
355 2479 392 2535 ut
413 2463 587 2558 ὁμιληδὸν,
609 2464 784 2556 μολπηόόν
806 2478 867 2533 etc.
918 2468 970 2532 Ita
996 2467 1093 2533 etiam
1119 2469 1234 2536 distin-

123 2581 267 2656 guuntur
298 2565 501 2660 Κυθηρόθεν
528 2579 561 2634 et
589 2568 801 2654 Κυθέρηθεν,
831 2568 912 2634 illud
930 2591 951 2634 a
971 2581 1086 2636 neutro
1108 2573 1236 2658 plurali,

122 2671 188 2736 hoc
209 2693 230 2736 a
254 2671 390 2758 Κυθέρη
411 2693 442 2738 v.
463 2668 608 2736 Meinek.
629 2669 738 2735 Anall.
753 2669 806 2736 46.
840 2672 959 2758 Neque
977 2668 1154 2758 βορειόθεν
1172 2674 1236 2742 dici

124 2782 235 2859 potest
257 2792 298 2837 ex
318 2770 485 2858 sonsque
507 2783 619 2838 natum
638 2792 711 2837 esse
732 2770 784 2836 vel
805 2784 935 2852 contra3
965 2796 1042 2840 narn
1062 2786 1236 2863 utrumque

124 2875 167 2938 ad
188 2873 333 2961 regulam
355 2872 475 2960 pariter
499 2885 622 2962 aptum.
667 2872 736 2941 Sed
758 2895 870 2940 omnes
893 2874 1098 2962 hyperthesis
1120 2900 1236 2945 nume·

122 2997 179 3041 ros
202 2974 302 3041 habet
331 2973 393 3052 ἕως
418 2985 451 3040 et
479 2966 565 3053 εἷος,
595 2974 624 3039 si
643 2975 854 3040 Hermannus
881 2976 985 3041 Elem.
1007 2977 1106 3042 Metr.
1127 3000 1161 3064 p.
1183 2979 1236 3045 58.

124 3086 158 3142 et
177 3077 393 3142 Buttmannus
418 3096 494 3140 vere
522 3074 724 3140 contendunt
740 3096 801 3163 pru
824 3073 887 3152 ἕως
908 3085 942 3140 et
966 3076 1061 3155 τέως,
1088 3075 1146 3142 nbi
1169 3088 1238 3144 tro·

124 3176 217 3244 cbasi
233 3179 418 3244 mensuram
434 3174 593 3254 habeant,
616 3174 822 3242 scribendum
838 3197 911 3241 esse
931 3165 1013 3256 εἷος,
1036 3183 1138 3256 τεῖος,
1163 3179 1236 3264 qui·

122 3277 344 3346 bus‘Curtins
369 3278 404 3343 in
424 3278 513 3344 Mus.
535 3274 642 3343 Rhen.
663 3277 748 3342 Nov.
771 3276 813 3341 Τ.
838 3275 900 3345 IV.
922 3277 995 3344 241.
1020 3279 1161 3365 praefert
1178 3270 1238 3368 ἧος

124 3390 159 3446 et
184 3385 264 3468 τῆος
291 3390 444 3464 tanquam
473 3377 669 3465 primitivum
697 3377 738 3443 ol.
760 3378 938 3444 Hoimann.
968 3378 1107 3462 Quaest.
1135 3380 1236 3448 Hom.

123 3483 152 3548 Ι.
183 3482 254 3547 109.
305 3482 382 3548 Hoc
409 3480 443 3545 in
471 3480 658 3566 conjectura
688 3480 832 3568 positum
862 3490 912 3546 est
941 3481 1000 3547 sed
1034 3480 1236 3567 probabilius

123 3594 269 3649 veterum
291 3593 473 3651 commento
497 3582 554 3669 qui
578 3581 641 3661 ἕως
661 3577 679 3648 ὁ
697 3580 782 3646 -in
804 3580 965 3668 principio
983 3604 1096 3650 versus
1114 3583 1236 3651 heroici

124 3683 320 3753 collocatum
347 3683 487 3774 spondei
513 3686 587 3750 loco
616 3702 689 3750 esse
718 3683 912 3749 existimant.
965 3686 1020 3752 De
1050 3686 1236 3754 nominibus

123 3787 249 3876 primae
282 3785 505 3854 declinationis
539 3784 603 3852 huc
635 3785 913 3852 adnumerandum
946 3797 1047 3868 esset,
1088 3789 1115 3854 si
1157 3788 1236 3854 satis

124 3888 323 3955 auctoritatis
342 3888 492 3966 haberet,
515 3886 573 3974 γὲα
596 3896 628 3952 et
651 3891 748 3971 γαῖα,
762 3925 800 3936 -
813 3882 844 3954 εἶ
866 3886 928 3974 γὰρ
947 3892 1060 3976 μακρᾷ
1081 3882 1236 3974 ηαραλή-
1332 3884 1337 3892 ’

124 4015 232 4076 yetus,
255 3984 425 4058 συσρέὶλει
445 3986 506 4076 τὴν
526 3982 704 4076 λήγουσαν,
728 3981 760 4056 εἰ
781 3987 819 4057 δὲ
838 3986 993 4079 βραχείᾳ,
1017 3983 1155 4054 ἐκτείνει
1176 3981 1236 4069 yid

197 4211 223 4276 l)
241 4205 399 4280 Hesychius
412 4210 494 4276 Κῆθα
513 4203 600 4281 κίφος
617 4203 736 4264 fumeae
750 4206 838 4280 κῆδαρ
857 4203 969 4276 scripsit
986 4203 1005 4257 i.
1019 4219 1048 4273 q.
1061 4203 1144 4271 κῆδος
1161 4203 1236 4258 unde

125 4293 263 4365 qusrietr
279 4288 460 4364 insontem.

177 4382 309 4429 ausser,
330 4381 419 4422 rausi.
611 4367 616 4378 '
988 4372 1031 4449 34
