2736 4778
137 324 212 399 rer
488 274 807 388 orssnrrrrro
834 314 896 388 rr.

138 507 269 594 quidem
295 506 357 571 hoe
381 504 623 571 conciliatorem
644 505 806 593 significat
827 505 911 582 sive,
936 515 973 569 ut
993 503 1180 590 germanice
1200 505 1255 571 di-

137 611 228 686 citnr,
251 605 471 694 copulatorem
494 606 687 693 (Kuppler)‚
707 608 796 693 quod
819 629 913 674 secus
934 606 1062 671 videtur
1079 606 1256 674 Meinelrio

135 711 243 779 Anall.
264 709 338 774 267.
383 707 453 774 Sed
471 706 552 772 nihil
570 709 807 774 controversiae
828 707 950 774 habent
970 705 1071 774 haec:
1093 709 1193 795 παρὰ
1213 707 1255 777 τὸ

135 815 241 900 τέρσω
258 806 374 895 reposci
391 809 449 874 καὶ
463 805 584 895 ταρσιά
596 809 693 894 παρὰ
704 806 872 897 Σιμωνίδῃ
885 806 1104 892 (Schneidew.
1117 831 1151 895 p.
1159 808 1253 894 128.)

134 914 191 981 noi
209 907 291 978 καθ’
322 906 505 994 ὑπέρθεσιν
532 907 655 994 τρασιά
679 910 760 975 ΕΜ.
785 909 857 987 764,
875 910 927 976 25.
959 910 1049 996 qnod
1072 909 1114 975 ab
1138 922 1253 996 etymo

135 1015 226 1099 θέρω
249 1023 356 1078 torreo
374 1008 506 1095 longius
528 1009 667 1075 discedit
691 1033 788 1095 quam
810 1008 935 1096 ταρσός
959 1021 994 1076 et
1012 1011 1139 1101 θαρῥία
1164 1013 1251 1079 Hes.

135 1136 241 1200 eoque
263 1112 372 1178 differt
393 1109 434 1174 ab
457 1120 532 1174 ante
555 1110 659 1189 dictis,
683 1135 822 1197 quorum
838 1112 948 1176 nativa
963 1112 1067 1178 forma
1083 1115 1253 1181 communi

133 1216 208 1282 usui
231 1210 475 1279 accommodata
496 1219 560 1287 est,
583 1214 782 1299 transposita
802 1214 896 1300 poesi
918 1215 1027 1280 cessit.
1056 1215 1113 1281 Ab
1129 1217 1252 1282 eodem

134 1327 243 1382 autem
271 1312 370 1380 verbo
396 1312 530 1377 ductum
556 1311 686 1378 videtur
711 1315 902 1380 cremiorum
934 1339 1054 1382 nomen
1087 1314 1250 1402 Γάρσανα

133 1413 285 1506 φρύγανα
309 1418 435 1503 Κρῆτες
456 1415 537 1479 Hes.
567 1414 602 1478 id
632 1425 682 1480 est
702 1413 852 1500 τάροανα
876 1427 908 1481 et
933 1400 1127 1503 Τραάσαναν
1148 1416 1252 1506 ξηρὸν

133 1521 202 1584 πᾶν
223 1513 245 1604 ἢ
265 1510 442 1604 φρύγανον,
466 1516 557 1600 quod
581 1516 670 1603 apud
691 1515 772 1582 alios
798 1515 1122 1603 Glossographorum
1137 1514 1249 1584 minus

132 1629 218 1684 recte
239 1613 422 1701 τραάξανον
445 1617 603 1682 scribitur.
647 1619 765 1702 Aeque
788 1629 911 1683 certum
932 1620 1095 1705 estquod
1118 1619 1159 1686 de
1184 1641 1248 1686 no·

131 1719 217 1784 mine
234 1716 361 1782 insulae
383 1716 535 1780 traditur:
559 1712 751 1800 Κράπαθος
772 1712 845 1786 ἀντὶ
864 1723 922 1786 ταῦ
944 1716 1140 1804 Κάρπαθος
1158 1721 1247 1790 κατά

130 1815 313 1900 μετάθεσιν
333 1814 411 1883 seh.
433 1817 472 1881 Π.
496 1817 542 1881 11.
565 1816 638 1882 676.
661 1818 753 1901 cujus
783 1819 825 1882 ad
853 1819 1039 1906 exemplum
1061 1820 1247 1906 Dionysius

131 1920 166 1984 in
185 1917 366 1985 Bassaricis
387 1915 501 1982 urbem
526 1915 629 2004 Cypri
653 1916 845 2005 Carpasium
866 1921 1133 1987 transnominavit
1147 1927 1246 2006 Κρα-

130 2017 284 2087 πάσειαν.
317 2018 411 2084 ldem
432 2020 614 2096 Homerus,
635 2031 734 2106 prout
751 2030 880 2108 tempus
896 2022 973 2098 fert,
995 2023 1094 2090 modo
1110 2020 1247 2108 θάρσος

131 2120 210 2186 dicit
237 2119 337 2186 modo
359 2115 506 2202 θράσος,
539 2120 598 2184 sed
628 2120 844 2207 posteriorum
875 2123 1069 2210 scriptomm
1095 2123 1246 2190 nonnulli

131 2221 193 2286 hac
214 2219 457 2308 opportunitate
478 2219 525 2284 ita
542 2220 594 2285 usi
615 2232 691 2287 sunt
706 2233 743 2287 ut
761 2222 808 2286 illi
823 2222 961 2289 fiduciae
979 2225 1147 2290 notionem
1164 2223 1245 2291 sub·

124 2321 281 2408 jicerent‚
304 2321 395 2386 alteri
416 2321 634 2389 confidentiae
654 2345 684 2389 v.
708 2323 846 2389 Gesner.
875 2326 917 2391 ad
946 2326 1082 2392 Luciam
1104 2327 1244 2393 Eneom.

130 2423 238 2488 Musc.
269 2425 295 2507 ξ.
322 2420 353 2487 5.
387 2432 420 2487 et
440 2421 579 2508 Interpr.
610 2425 652 2488 ad
674 2423 780 2490 Thuc.
802 2426 867 2491 ΠΙ.
894 2427 997 2504 12,1.
1040 2427 1083 2491 Id
1101 2426 1204 2513 igitur
1225 2449 1246 2492 a

130 2522 353 2610 superioribus
373 2524 459 2589 hano
481 2522 577 2587 habet
595 2523 809 2590 differentiam
825 2527 915 2610 quod
936 2527 970 2591 in
991 2526 1136 2613 pedestri
1158 2549 1245 2613 quo·

131 2646 194 2709 que
216 2646 365 2689 sermone
387 2623 560 2710 dupliciter
579 2623 704 2690 dicitur.
747 2626 854 2712 Origo
872 2638 979 2692 tamen
1001 2627 1130 2711 utrique
1153 2648 1244 2692 com·

127 2725 235 2790 munis
258 2747 277 2789 a
297 2723 395 2789 verbo
416 2726 509 2810 θέρω
531 2747 559 2789 v.
584 2723 709 2790 Techn.
730 2727 803 2792 292.
824 2730 915 2812 cujus
937 2728 1073 2793 formam
1096 2728 1245 2813 sequitur

129 2825 287 2892 aeolicum
312 2826 437 2910 θάρσος
458 2835 491 2890 et
511 2824 587 2891 hinc
614 2828 796 2913 composita
820 2826 1036 2912 Θερσίλοχος,
1071 2826 1244 2914 Θερσαγό-

130 2950 192 3011 ρας
226 2947 286 3015 pro
319 2923 557 3013 Θαρσαγόρας,
590 2949 698 3012 neque
729 2927 849 2993 deserit
878 2927 1072 3013 adjectivum
1101 2926 1242 3013 θερμός,

128 3030 218 3114 quod
247 3050 346 3116 saepe
372 3027 428 3093 τὸν
451 3024 581 3113 θρασύν
607 3029 770 3115 significat
795 3040 831 3094 nt
857 3032 977 3095 calidus
1004 3030 1161 3094 audacem
1190 3041 1243 3094 at·

128 3151 192 3214 que
213 3126 380 3217 θαλπωρή
405 3151 497 3214 spem
519 3129 659 3194 fiduciae
680 3129 879 3215 genitricem.
917 3130 969 3195 Ex
990 3130 1163 3195 rerbomm
1186 3151 1242 3195 or·

128 3230 204 3295 dine
226 3228 289 3293 hue
311 3229 451 3314 pertinet
470 3227 607 3315 μάρψαι
630 3241 663 3296 et
683 3227 834 3317 βράψαι,
866 3251 950 3313 quae
970 3230 1160 3315 Hesychius
1183 3253 1241 3297 eo·

127 3331 202 3396 dem
230 3332 328 3396 modo
355 3330 583 3417 interpretatur
614 3333 798 3414 συλλαβεῖν.
852 3329 940 3395 Illud
972 3331 1071 3397 habet
1096 3333 1243 3417 aliquam

127 3453 200 3497 cum
225 3430 379 3518 ἁρπάσαι
410 3445 443 3495 et
467 3451 579 3514 rapere
607 3429 849 3496 similitudinem
876 3434 935 3497 sed
962 3457 1029 3499 non
1055 3445 1177 3499 tantam
1205 3444 1243 3499 ut

126 3533 214 3598 idem
236 3554 307 3599 esse
328 3532 492 3609 videatur,
515 3554 623 3618 neque
645 3543 731 3596 certa
756 3543 806 3597 est
826 3532 882 3598 illa
907 3533 947 3600 ab
970 3535 1084 3622 ignoto
1106 3535 1242 3602 numine

125 3633 219 3718 μάρη
261 3634 416 3698 derivatio
461 3645 494 3698 et
531 3644 693 3720 repugnat
734 3633 863 3718 utrique
907 3636 1046 3703 aoristus
1084 3639 1240 3718 μαπέειν.

128 3732 350 3816 Quamobrem
379 3734 412 3797 in
441 3733 565 3799 Techn.
597 3734 651 3798 47.
680 3734 723 3798 ad
749 3733 832 3799 hano
858 3735 1011 3803 descendi
1035 3738 1240 3814 sententiam,

126 3836 236 3902 literas
258 3834 385 3899 illorum
407 3834 577 3900 verborum
595 3834 791 3922 principales
810 3857 882 3901 esse
900 3848 964 3903 tres
981 3864 1067 3922 μαπ,
1082 3839 1142 3904 rho
1161 3859 1239 3904 vero
1292 3890 1296 3897 .

126 3936 340 4003 adventicium
363 3934 473 4000 haberi
498 3949 649 4024 oportere
670 3937 812 4023 ideoque
837 3939 1004 4027 transponi
1033 3937 1177 4028 μάρπτω
1207 3952 1240 4005 et

124 4036 274 4125 βράπτω.
296 4038 385 4102 Hinc
402 4036 650 4103 existimandum
667 4050 716 4103 est
733 4038 773 4104 de
790 4041 957 4125 adjectivis
971 4042 1237 4129 deuter-rovcg‘)

193 4207 221 4272 6)
238 4207 322 4261 Pselli
340 4225 437 4262 versus
453 4224 523 4279 quos
540 4204 696 4260 Kuesterus
716 4204 782 4262 citat
802 4209 838 4262 ad
856 4208 936 4264 Suid.
956 4230 977 4265 s.
991 4207 1200 4284 Δυςβράκανος,
1221 4229 1239 4267 a

125 4276 287 4338 Tittmanuo
305 4283 372 4339 editi
391 4292 456 4340 aunt
474 4292 539 4337 ante
558 4283 695 4338 Zonaram
714 4302 742 4355 p.
759 4282 857 4341 CXVI.
874 4306 899 4341 v.
913 4289 954 4342 tt.
