2736 4778
128 346 203 417 510
479 336 799 403 Dissutt'rn'rlo
831 335 890 401 [v.

125 524 216 613 apud
239 523 347 609 ipsum
370 526 550 588 Homerum
570 524 601 587 in
624 522 721 587 codd.
745 522 820 608 plus
836 522 935 585 aeniel
952 521 1000 585 sie
1017 519 1176 604 soiiptum
1197 536 1246 584 est

126 636 239 693 oontm
259 637 395 689 metrum
419 625 458 689 ΙΙ.
482 624 546 689 lX.
567 626 641 689 248.
661 624 707 689 X.
726 624 797 687 185.
816 622 885 689 Od.
905 621 967 685 IX.
982 621 1055 685 2323.
1078 644 1147 703 quo
1170 620 1245 683 loco

124 728 296 795 Pomanus
324 750 391 791 non
421 724 635 791 dubitandum
667 746 740 789 csse
772 724 849 789 dicit
881 724 961 807 quin
992 724 1067 787 bene
1096 742 1245 805 praecum

126 829 169 895 sit
189 824 393 913 ὄριιγμαόός,
417 828 477 891 sed
499 838 615 893 testem
636 825 790 912 producit
809 824 943 891 nullum.
985 821 1246 889 DeCooondn'o

126 931 169 997 de
197 929 302 1015 Trop.
335 951 368 1014 p.
398 927 463 993 389
493 927 602 993 Boias.
635 950 669 1013 p.
698 928 761 993 783
793 927 901 993 Walz.
936 938 970 991 et
1003 924 1118 993 Sobel
1139 924 1245 991 Dion.

127 1032 272 1097 Grumm.
298 1028 429 1115 psit,
452 1029 502 1093 11.
526 1029 583 1113 qui
609 1028 674 1095 boo
701 1051 762 1115 pro
794 1028 945 1116 exemplo
970 1028 1246 1115 onomatopoeiee

126 1132 280 1207 afferunt,
303 1128 439 1195 dubium
460 1152 533 1195 esse
553 1144 662 1217 potent
682 1130 804 1197 siccine
824 1130 1016 1216 scripserint
1035 1152 1079 1195 au
1099 1140 1138 1193 ut
1156 1130 1245 1195 Dio·

126 1231 239 1317 nysius
261 1232 333 1317 ipse
356 1254 389 1317 p.
412 1230 486 1307 637,
508 1234 560 1295 20.
584 1226 784 1317 ὀρυμαγδός.
835 1230 989 1296 Ceterum
1016 1252 1058 1295 ax
1077 1230 1245 1299 Eustachii

128 1332 351 1421 disputatione
372 1342 510 1419 apparet
532 1355 606 1397 eum
634 1331 776 1419 syllabas
808 1331 904 1416 hujus
932 1330 1171 1397 nominis'uon
1199 1332 1247 1396 ita

128 1433 278 1501 divisisse
301 1444 338 1499 ut
361 1456 423 1519 nos
447 1432 589 1499 solemus
611 1434 670 1499 sed
699 1428 921 1520 ιἰρυγ-μαδός
952 1444 984 1497 et
1011 1426 1245 1519 ὀρυμαγ-δός,

127 1558 235 1623 neque
257 1535 321 1603 boc
342 1536 447 1601 solum
466 1546 708 1602 controversum
734 1534 797 1599 iuit
819 1532 878 1599 sed
908 1545 977 1599 tota
1001 1532 1174 1621 merismi.
1188 1534 1247 1619 qui

129 1638 263 1715 dicitur,
295 1637 393 1713 ratio,
420 1635 561 1703 ἐπειδὰν
590 1640 806 1721 όιιιτιορῶμεν
832 1635 911 1717 περὶ
936 1639 996 1723 τῆς
1022 1626 1164 1719 ὄβριμος
1187 1634 1245 1701 λί-

128 1739 225 1819 ξειιις,
253 1734 398 1821 πότερον
424 1734 462 1804 τὸ
491 1724 600 1825 sirpe
628 1738 785 1818 δευτέρας
815 1734 885 1803 icini
917 1736 1084 1822 συλλαβῆς
1107 1730 1192 1823 doz»)
1224 1734 1246 1821 i}

127 1842 187 1925 τῆς
207 1838 458 1927 προηγουμένης
482 1839 588 1923 πέρας
609 1836 700 1905 Sext.
722 1838 820 1925 Emp.
843 1858 872 1903 c.
894 1836 1038 1903 Graium.
1060 1858 1089 1903 c.
1113 1836 1183 1902 169.
1208 1860 1245 1925 p.

126 1938 200 2005 253.
224 1938 302 2023 (638
322 1936 443 2023 Bekk.)
486 1938 539 2004 Ex
570 1936 630 2003 hac
659 1960 736 2004 vero
764 1938 973 2023 quaestione,
1001 1961 1101 2023 quam
1122 1938 1246 2007 Sextus

127 2039 277 2127 impetite
304 2038 433 2119 irridet,
462 2040 585 2126 pendet
613 2040 836 2127 exemplorum
858 2038 1061 2117 distributio,
1094 2060 1181 2125 quae
1203 2062 1246 2107 ex

128 2163 194 2206 una
214 2142 340 2209 ratione
361 2144 405 2207 ed
425 2142 621 2209 metathesin
642 2140 753 2207 reieni
775 2140 911 2219 debent,
934 2164 975 2205 ex
996 2140 1097 2205 altera
1117 2142 1163 2207 ad
1183 2138 1246 2229 hy-

127 2240 305 2329 pertheein.
349 2244 419 2310 Sed
443 2266 506 2331 ego
525 2243 609 2310 sicut
627 2254 722 2309 antea
737 2253 881 2308 nostram
900 2254 1058 2327 sequutus
1075 2264 1151 2307 eum
1164 2262 1245 2309 eon-

126 2342 351 2423 suetudinem,
378 2344 425 2409 ita
453 2344 572 2411 tenebo
602 2344 636 2408 in
667 2344 718 2408 bis
755 2366 839 2431 quae
866 2343 1014 2429 proxime
1042 2342 1246 2411 succedunt:

128 2444 282 2533 llcotilp
304 2443 344 2511 τὸ
367 2440 544 2525 ἇπιῖξειιμα
567 2448 633 2511 τῶν
654 2444 826 2530 δερμάτων
847 2444 970 2511 Arcad.
995 2444 1070 2523 109,
1092 2444 1122 2511 8.
1149 2444 1245 2515 Suid.

127 2544 210 2609 Zon.
231 2544 266 2608 id
293 2557 343 2611 est
364 2547 527 2635 σιιατίλη,
556 2546 589 2610 in
613 2568 680 2631 quo
705 2546 841 2611 duarum
864 2568 1080 2611 consonarum
1109 2546 1246 2635 syllepsi

129 2648 371 2731 conjunctarum
400 2646 490 2731 prior
518 2646 560 2710 ad
588 2646 785 2732 principium
814 2648 939 2734 primae
971 2647 1116 2734 syllabae
1142 2648 1247 2715 relata

129 2758 188 2810 est.
233 2745 301 2813 Sed
323 2746 396 2833 quis
418 2746 480 2811 sibi
497 2746 561 2812 hoc
580 2748 771 2833 permiserit,
795 2748 902 2815 dicere
921 2751 1095 2815 nescimus.
1114 2750 1247 2817 Eodem

129 2846 319 2912 aberrarunt
341 2847 463 2914 librarii
485 2850 519 2913 in
543 2850 665 2935 Eupol.
687 2850 742 2915 Fr.
766 2850 793 2915 Ι.
814 2851 888 2915 426.
914 2851 1044 2939 φάσκης
1066 2850 1246 2917 scribentes

128 2970 189 3035 pro
225 2949 372 3037 ιιφάκος,
407 2973 491 3037 quoe
525 2951 657 3017 nomina
688 2974 740 3015 res
775 2950 919 3017 diversas
953 2953 1130 3030 declarant,
1163 2952 1246 3019 illud

127 3072 275 3115 muscum
294 3050 480 3131 arboreum,
507 3051 569 3119 hoc
592 3053 734 3119 salviam.
778 3052 846 3119 Sed
869 3054 982 3119 eadem
1004 3052 1045 3117 ab
1067 3052 1140 3117 aliis
1160 3074 1245 3139 quo-

128 3174 193 3239 que
222 3152 359 3219 confusa
386 3177 459 3219 esse
487 3154 585 3220 docet
611 3152 770 3239 Hesycbii
799 3153 971 3239 castigatio
1000 3152 1140 3241 Σφακός
1165 3152 1246 3239 (boc

127 3254 278 3339 accentu)
307 3250 424 3340 χόρτος
460 3248 498 3321 tb
531 3254 570 3321 ιὰ
605 3256 704 3343 κτήνη
737 3254 863 3321 ἐσθίει·
894 3252 925 3319 oi
953 3253 990 3320 ot
1019 3254 1054 3317 ui
1084 3248 1149 3319 iuti
1182 3258 1247 3318 τῶν

129 3358 235 3439 δρυῶν
254 3350 366 3439 βρύον,
390 3348 450 3421 οὐκ
475 3346 528 3421 εὖ·
547 3354 673 3433 ἐκεῖνος
690 3356 755 3441 γὰρ
772 3353 882 3441 ptum
899 3354 1039 3439 λέγεται,
1062 3354 1155 3438 quod
1169 3344 1246 3421 Sal·

127 3454 249 3521 masius
283 3454 416 3540 conigit
447 3456 579 3539 ιραιικός
609 3456 764 3521 scribens.
796 3453 923 3520 Plinius
956 3454 1091 3521 XXIV.
1123 3454 1159 3531 6,
1193 3454 1246 3519 l'i.

128 3560 285 3639 episcpous
307 3561 371 3623 sice
393 3562 523 3639 sphacos
546 3560 611 3623 tiae
632 3560 744 3642 bruco,
768 3557 869 3643 idque
885 3556 983 3621 etiam
998 3556 1166 3637 σιιλιὶχνον
1187 3578 1247 3621 vo·

129 3656 195 3722 cari
219 3657 361 3723 ostendit
384 3650 604 3725 Schneiderus
634 3658 676 3723 ad
698 3657 868 3744 Theopbr.
897 3656 1026 3723 1111.
1052 3656 1122 3721 lto.
1167 3656 1246 3723 Sin·

128 3757 233 3843 gulari
249 3758 377 3822 licentia
390 3758 571 3843 Dionysius
586 3760 662 3824 Per.
674 3760 747 3825 382.
767 3782 945 3825 consonam
961 3758 1084 3845 primae
1101 3756 1247 3842 syllabae

129 3857 272 3924 debitam
299 3857 332 3921 in
360 3859 453 3922 tertia
481 3860 652 3926 collocavit
682 3860 771 3925 urbis
799 3861 978 3945 Tergestae
1005 3859 1141 3923 incolam
1181 3866 1246 3925 Te·

125 3966 300 4047 yeotpui‘o
320 3981 451 4025 vocans.

210 4066 236 4148 ᾗ.
258 4064 289 4129 3.
333 4062 373 4127 ln
401 4062 567 4139 omnibus,
598 4084 682 4145 quae
712 4060 895 4125 enumeravi
923 4058 1107 4137 vocabulis,
1137 4072 1246 4123 uana-

126 4163 229 4229 motio
253 4162 286 4227 in
308 4186 374 4229 una
395 4164 545 4230 consistit
565 4184 713 4227 consona
740 4185 825 4247 quae
853 4162 976 4227 vicinos
1001 4162 1244 4248 superscendit.

125 4264 195 4330 Sed
222 4286 288 4329 non
313 4286 385 4330 raro
412 4266 447 4329 fit
475 4278 511 4329 ut
540 4266 625 4328 duae
654 4285 819 4329 consonae
848 4264 881 4327 in
913 4262 1073 4349 pn'ncipio
1105 4262 1247 4326 duarum
