2736 4778
399 376 829 446 aerecavaomnr.
1149 387 1171 459 ιι

58 577 161 634 terum
182 564 316 633 easdem
337 564 408 630 illas
430 564 554 630 formae
573 563 699 630 nativae
719 565 985 652 interpolationes
999 567 1169 636 Gramma·

57 671 113 736 tici
137 693 204 736 non
228 691 360 755 semper
387 666 504 732 iisdem
524 665 709 732 nominibus
732 668 900 755 appellant
923 670 981 733 sed
1004 671 1057 735 alii
1080 671 1173 738 aliter

57 783 92 839 et
112 772 244 860 saepius
266 771 356 837 credi
375 769 451 834 licet
467 767 614 835 librarios
632 769 818 835 discrimina
839 771 1017 856 antiquitus
1034 773 1100 837 lixa
1113 798 1173 861 per
1193 797 1195 802 ·

56 875 277 961 ignorantiam
298 870 492 936 confudisse.
526 871 592 949 Sic,
614 882 652 935 ut
668 872 703 936 in
713 872 924 958 passionibus
943 873 1093 938 defectivi
1114 896 1172 960 ge·

56 976 147 1042 neris
176 973 367 1051 subsistam,
398 971 518 1037 Pollux
539 971 603 1037 IX.
628 972 681 1038 65.
710 997 770 1060 pro
799 973 969 1063 aphaeresi
1000 997 1174 1063 apocopen

57 1076 208 1143 nominat
235 1071 267 1142 ol
295 1073 354 1141 δύο
378 1076 498 1157 χαλκοῖ
521 1073 780 1160 τεταρτημόριον
804 1076 859 1143 καὶ
883 1077 967 1143 κατὰ
992 1072 1174 1167 άτιοκοτιὴν

58 1175 284 1265 ταρτημόριον
300 1172 497 1258 ὠνομάζετο·
510 1173 591 1239 alius
609 1173 672 1240 hoc
690 1198 808 1243 nomen
825 1178 868 1242 ad
881 1199 1050 1265 syncopen
1067 1188 1171 1245 trans·

54 1279 121 1344 fert
148 1276 185 1343 τὸ
214 1276 334 1344 σπέσσι
365 1270 434 1343 eiad
465 1280 524 1342 τοῦ
557 1278 697 1346 σπέεσσι
729 1277 854 1363 γίνεται
883 1281 966 1346 κατὰ
994 1276 1174 1370 άποκοπήν

55 1382 166 1465 Etym.
190 1377 278 1444 Gud.
300 1376 375 1455 537,
397 1376 449 1442 21.
474 1377 556 1442 alius
578 1377 689 1444 literae
716 1379 839 1467 primae
868 1380 1101 1447 detractionem
1130 1383 1192 1447 ad'

58 1478 233 1567 ecthlipsin
260 1489 298 1543 ut
323 1479 404 1546 ΕΜ.
429 1478 506 1559 702,
527 1480 579 1546 39.
604 1479 641 1547 τὸ
665 1477 707 1569 ῥά
734 1479 895 1564 ἔκθλιψιν
918 1479 1029 1550 ἔπαθε
1053 1488 1112 1550 τοῦ
1137 1472 1172 1556 α’.

56 1583 129 1649 Neo
146 1581 253 1646 minus
268 1582 392 1646 fluxum
409 1603 575 1668 syncopae
591 1603 719 1646 nomen.
757 1581 904 1647 Primum
922 1583 1007 1649 enim
1021 1606 1172 1672 apocope

58 1685 106 1749 sic
131 1683 247 1748 dicitur
271 1683 356 1770 κάρη
380 1677 451 1748 rival
474 1688 532 1749 τοῦ
556 1684 682 1769 κάρηνα
702 1705 732 1748 v.
756 1683 880 1749 Techn.
903 1707 936 1770 p.
954 1684 985 1750 5.
1009 1686 1084 1753 adn.
1105 1699 1173 1753 tum

59 1784 247 1873 aphaeresis
278 1781 383 1872 ἔφατο
411 1782 467 1850 καὶ
494 1782 577 1850 κατὰ
606 1783 775 1871 σογκοπὴν
802 1787 891 1874 φάτο
920 1785 1001 1851 EM.
1025 1786 1097 1865 788,
1118 1789 1170 1854 43.

58 1889 206 1974 ἐγείνατο
224 1886 280 1953 καὶ
299 1885 385 1953 κατά
398 1883 569 1972 σογκοττιῇν
586 1884 714 1969 γείνατο
727 1885 801 1963 491,
811 1885 841 1951 5.
854 1897 922 1950 tum
938 1888 1039 1952 erasis
1053 1883 1174 1976 άεργοι·

58 1988 116 2056 καὶ
141 1992 295 2076 σσγκοσῇ
324 1980 427 2072 ἀργός
453 1986 563 2072 Epim.
591 1970 699 2052 Crem.
721 1987 767 2052 II.
789 1987 870 2063 381,
896 1988 926 2051 7.
956 1990 1088 2071 πρωίαν
1118 1987 1174 2055 καὶ

56 2093 172 2178 τροπῇ
194 2087 325 2175 πριοίνγν
348 2086 402 2152 καὶ
426 2088 509 2150 κατὰ
533 2085 840 2173 σογκοπὴντιρῴιγν
863 2085 941 2164 398,
963 2085 1015 2152 25.
1039 2087 1175 2175 τρέερος

57 2190 145 2258 κατὰ
172 2213 262 2275 σογκ.
288 2191 412 2276 τρῆρος
437 2186 517 2251 ΕΜ.
542 2184 619 2263 764,
642 2185 693 2251 56.
718 2184 836 2253 deinde
857 2185 1069 2275 hyphaeresis
1094 2211 1173 2257 con-

56 2312 176 2358 sonae:
200 2290 237 2357 τὸ
260 2285 351 2357 ἕνδοι
372 2288 459 2366 τινὲς
481 2286 518 2355 ἐκ
539 2292 710 2378 σογκοπῆς
730 2294 790 2356 τοῦ
813 2289 928 2358 taddei
949 2292 1062 2380 Apoll.
1084 2291 1172 2359 Adv.

55 2393 132 2459 610.
160 2392 276 2482 γέγονα
304 2388 359 2456 κατ’
388 2389 472 2456 κατά
500 2412 590 2474 σογκ.
614 2389 713 2476 γέγοα
741 2389 851 2458 Schol.
872 2393 952 2460 Eur.
974 2395 1059 2460 Hee.
1088 2416 1118 2462 v.
1140 2397 1171 2462 3.

54 2495 108 2561 vel
132 2492 229 2559 etiam
251 2490 391 2578 plurium
420 2486 584 2579 Εάρὺπων
606 2486 819 2577 Εὗράτιοντος
840 2490 1091 2584 Εὗρνποντίδρς
1118 2498 1174 2565 κατ’

56 2596 143 2664 κατὰ
173 2618 263 2680 συγκ.
286 2590 501 2681 Εὖροαοΐάης
530 2592 585 2658 καὶ
614 2592 698 2658 κατὰ
726 2593 915 2683 σοναίρεσιν
943 2601 1003 2665 τοῦ
1029 2584 1054 2665 ο
1076 2584 1173 2668 aaz]

58 2698 114 2765 καὶ
141 2691 274 2764 ἐκτάσει
298 2688 505 2782 Εάρνπῴδρς
528 2694 608 2760 ΕΜ.
630 2693 708 2772 397,
732 2694 782 2760 12.
806 2696 901 2785 παρὰ
922 2699 979 2765 τὸν
995 2695 1172 2788 Ἀχέροντα

57 2793 230 2886 ἂχεροντάς
252 2797 308 2864 καὶ
330 2795 414 2863 κατὰ
437 2795 605 2886 συγκοπὴν
633 2797 690 2863 καὶ
714 2793 846 2866 ἔκτασιν
869 2793 1022 2884 άχερανῖς,
1050 2801 1175 2870 scilieet

57 2904 137 2988 quia
159 2900 321 2967 Hercules
343 2899 427 2964 hanc
449 2897 597 2964 arborem
619 2921 660 2964 ex
673 2899 762 2966 Orco
785 2901 932 2968 attulisse
952 2902 1115 2970 ferebatur
1128 2906 1171 2992 ⁸).

127 3143 158 3212 b)
167 3141 233 3197 Hoc
244 3145 363 3211 apparet
371 3156 428 3192 non
437 3136 515 3209 priua
527 3135 604 3191 credi
613 3135 739 3207 potuisse
748 3153 832 3206 quam
843 3136 973 3192 ludorum
983 3140 1173 3210 gymnicorum

56 3231 179 3286 victores
194 3225 306 3283 coronis
322 3223 470 3297 populneis
487 3220 659 3278 remunerari
676 3222 770 3292 coepti
787 3231 891 3279 essent.
927 3224 1066 3280 Homerus
1080 3234 1173 3282 autem

58 3316 164 3372 nullam
183 3330 350 3369 coronarum
366 3311 536 3366 mentionem
554 3311 640 3364 habet
656 3326 747 3380 neque
764 3309 948 3365 convivalium
965 3329 1057 3383 neque
1077 3330 1173 3370 earum

58 3419 133 3475 quae
149 3399 302 3456 victoribus
319 3401 401 3453 datae
416 3404 496 3461 aunt,
515 3395 703 3467 Herculisque
721 3394 808 3467 ipsius
827 3415 929 3452 nomeu
948 3398 976 3453 in
994 3398 1083 3467 ludis,
1102 3392 1184 3474 quos'

58 3489 201 3552 celebrat,
219 3503 255 3540 ue
270 3484 358 3540 semel
371 3484 484 3556 quidem
498 3481 659 3554 interponit.
695 3481 759 3537 Hoc
772 3483 865 3538 neseio
878 3502 914 3538 an
928 3483 969 3539 illi
985 3488 1173 3557 spectaverint

56 3573 108 3647 qui
116 3574 233 3643 άχελωίς
244 3571 417 3642 scripserunt
425 3569 470 3624 vel
480 3576 510 3622 ut
520 3568 676 3640 aquaticam
686 3569 815 3623 arborem
824 3569 1014 3640 significarent
1023 3571 1173 3646 (Ἀχελῶον

55 3659 114 3732 γάρ
128 3662 187 3713 πᾶν
201 3654 277 3728 ὕδωρ
292 3658 404 3726 λέγουσι
422 3673 448 3709 v.
463 3655 615 3710 Wellauer.
629 3658 665 3709 ad
677 3656 780 3709 Aeseh.
794 3654 873 3711 Pers.
888 3658 964 3727 850.)
978 3660 1024 3714 vel
1038 3668 1069 3715 ut
1079 3661 1172 3719 Aehe-

56 3744 97 3801 loi
115 3744 250 3800 accolam.
287 3741 411 3812 Vulgato
429 3739 519 3797 simile
540 3750 583 3797 est
599 3738 688 3813 άχτριά
707 3741 817 3796 Cereris
838 3751 966 3800 terraeve
984 3763 1085 3801 nomen
1102 3748 1171 3805 Hes.

55 3832 185 3888 Eaedem
201 3829 268 3884 illae
282 3846 424 3884 consonae
438 3817 472 3884 ἷι
489 3845 505 3882 e
522 3827 615 3883 medic
628 3829 733 3883 abeunt
748 3828 795 3883 ubi
811 3829 1009 3902 adjectivorum
1027 3821 1106 3896 inlr}
1123 3853 1172 3891 ex·

56 3916 185 3974 euntium
202 3915 308 3990 primus
323 3924 494 3988 quartusque
512 3933 590 3970 casus
607 3915 724 3986 pluralis
742 3916 778 3968 ad
795 3913 1005 3973 similitudinem
1023 3917 1172 3989 singularis

55 4002 237 4074 rediguntur,
251 3998 423 4074 φαρμακάεις
437 3999 529 4064 πόσιος
541 4001 601 4056 Nic.
617 4001 662 4056 Al.
674 4003 734 4056 293.
749 4020 801 4074 pro
814 4001 1022 4075 φαρμακάενιεε
1036 4013 1065 4059 et
1077 4023 1103 4058 v.
1112 4006 1170 4059 966.

55 4086 207 4158 ἀμπελόεντ’
220 4087 318 4149 ἕλικας.
335 4084 460 4143 scholi
479 4085 578 4160 κράτος
593 4084 858 4159 μετάληψις-ἄλλοι
876 4093 907 4146 cll
924 4087 1073 4154 ulrruravriv
1084 4108 1172 4159 ιγαοιν

55 4176 212 4250 ὁμόφωνον
232 4170 301 4231 εἶναι
324 4176 481 4250 maritam,
501 4175 666 4248 metalepsin
686 4192 789 4230 vocaus
809 4176 991 4232 mutationem
1010 4176 1121 4245 generis
1142 4185 1172 4234 ut

55 4267 94 4320 ul
108 4282 135 4319 τ.
151 4265 210 4319 129.
225 4260 374 4332 ψολόεντας
390 4260 553 4333 ἐχίδνης-τὸ
570 4264 662 4332 σχῆμα
680 4256 833 4331 μετάληψις
839 4304 847 4331 ,
866 4278 922 4334 quo
941 4262 1080 4318 schemate
1098 4262 1171 4320 idem

53 4359 144 4426 poeta
155 4347 245 4407 utitur
255 4349 420 4424 spathan.
432 4348 497 4404 XV.
507 4352 565 4405 [18³.
578 4348 615 4404 D.
628 4342 739 4423 ἀργήεις
755 4345 870 4410 κύλικες
887 4353 915 4403 et
926 4347 1021 4406 Metro
1034 4347 1170 4407 Nicandri
