2736 4778
229 365 294 432 DE
313 363 584 435 PROSTHESI
602 362 664 430 ET
689 364 952 435 APHAERESI.
987 363 1026 433 C.
1042 366 1121 437 Vn.
1180 369 1230 443 93

123 550 204 616 tium
223 562 275 618 est
303 545 410 634 Γλιχιά
438 545 458 638 ἦ
482 543 649 636 φειδωλός
669 545 749 613 ΕΜ.
781 545 931 634 Αισχράς
958 551 1123 638 φειδωλός
1148 555 1230 623 Hes.

122 653 218 719 Suid.
239 651 340 719 Pbot.
365 671 427 739 pro
450 641 617 734 γιῖίοχρος,
651 649 743 733 quod
770 647 926 713 adnititur
944 651 1129 720 nominibus
1157 657 1233 739 ylio

123 751 236 838 γλοιός
259 754 333 840 glus
358 752 483 838 glutus,
511 748 626 837 bisque
647 748 785 815 finitima
806 759 883 814 sunt
907 752 1044 818 turim
1067 750 1233 840 (ὀλιβράς)

124 854 216 933 λεῖος
238 851 354 931 λιοσάς
378 852 498 930 tiosos
518 851 660 934 λίστρον,
680 872 757 917 nam
774 851 809 916 in
828 851 1002 937 glutinosis
1021 851 1129 920 inesse
1153 857 1235 923 solet

123 955 282 1020 tenacitas
296 952 494 1037 laevitasque
504 955 544 1032 ⁸).
573 951 774 1038 Sophoclem
786 976 847 1040 pro
861 951 1009 1042 λαμιιρός
1022 953 1145 1021 dixisse
1157 959 1236 1041 γλαὲ

126 1054 235 1141 μυρός
246 1063 379 1143 apparet
391 1075 408 1119 e
421 1051 721 1120 SchotRmnbee.
734 1055 868 1142 γλάμων
883 1051 901 1121 ὃ
915 1057 1037 1143 λιμνῶν.
1059 1059 1237 1149 Σοφοκλῆς

129 1153 164 1223 ἒν
186 1153 355 1222 Μάντενιν
375 1153 435 1222 ἐπί
453 1178 553 1221 τινοιν
580 1150 703 1241 ὀρνέων
722 1156 801 1233 τοὺς
828 1156 1019 1241 γλαμνρούς
1041 1157 1126 1225 κατὰ
1150 1184 1237 1248 φορ-

124 1251 197 1339 βάν.
232 1255 299 1321 Hie
319 1256 372 1321 vix
396 1253 534 1342 intelligi
555 1269 695 1343 possunt
715 1257 882 1342 λημῶντες
903 1256 970 1322 sive
992 1254 1237 1346 τιιιμλώιτονιες

124 1356 212 1440 πρὸς
235 1357 295 1447 τὴν
321 1352 491 1443 ἀνεύρεσιν
516 1363 575 1444 τῆς
602 1362 730 1446 τροφῆς
757 1357 816 1422 sed
844 1358 953 1443 potius
980 1358 1016 1422 id
1045 1361 1135 1445 quod
1156 1362 1235 1430 alibi

122 1458 206 1522 dixit
225 1458 344 1543 γλυκὺν
365 1457 544 1546 θησαυρὸν
562 1455 752 1541 algescente
772 1457 859 1543 πρὸς
877 1455 972 1541 χάριν
991 1465 1105 1543 βορᾶς,
1128 1486 1234 1551 neque

122 1560 204 1626 illud
232 1559 376 1626 voluisse
402 1560 530 1624 videtur
552 1559 833 1646 Scholiogrephus
861 1558 921 1624 sed
953 1582 1027 1624 eum
1051 1561 1183 1647 γλάμων
1204 1577 1238 1632 et

121 1664 233 1750 λημᾷν
253 1660 297 1728 ob
321 1662 458 1727 similem
476 1660 662 1748 prosthesin
684 1661 886 1749 eomparavit
908 1660 1068 1728 vocabule
1089 1664 1236 1735 diversae

122 1763 295 1851 potestatis
325 1758 474 1848 λομιιράς
499 1772 533 1828 et
560 1761 735 1848 γλαμνρός.
778 1762 933 1849 Denique
964 1763 1033 1829 fieri
1062 1778 1172 1854 potest
1198 1782 1236 1836 ut

122 1869 157 1932 in
177 1866 332 1932 vitiosum
343 1864 491 1931 eodieem
511 1863 670 1930 insiderit.
701 1864 764 1929 His
783 1864 920 1930 subdam
935 1866 1067 1931 nomina
1083 1871 1234 1957 propria:

127 1969 217 2050 Γάζα
237 2006 280 2020 -
304 1965 433 2055 ἐκλήθη
459 1966 514 2034 καὶ
537 1960 621 2046 ’Ἀζο
643 1964 759 2051 steph.
786 1967 840 2030 Ex
859 1965 1102 2047 Eratosthenis,
1130 1983 1167 2033 ut
1186 1972 1236 2036 vi·

125 2071 228 2150 detur,
250 2068 403 2159 poemate
423 2069 504 2133 EM.
528 2066 600 2142 135,
626 2066 679 2129 51.
708 2066 803 2130 effert
827 2064 1021 2129 versieulum
1042 2067 1239 2155 Νιψόμεναι

123 2170 246 2260 κρήνης
265 2156 412 2257 ἔδραμον
442 2164 628 2253 Ἀργαφίης
649 2164 806 2251 additque
834 2167 872 2232 τὸ
902 2166 1027 2247 ἐντελές
1049 2173 1079 2232 Γ
1076 2176 1236 2262 οργαφίη·

125 2271 145 2362 ἡ
169 2273 321 2360 ἔλλειψις
342 2266 413 2339 άπὸ
438 2267 602 2353 ἱστορίας,
630 2287 696 2352 quo
719 2268 880 2354 significat
901 2270 1020 2333 nomen
1049 2269 1130 2338 illud
1151 2277 1235 2340 anti-

125 2375 236 2460 quitus
267 2373 422 2439 traditum
454 2391 543 2447 esse,
579 2390 623 2434 ne
650 2389 782 2435 causam
811 2370 998 2436 mutationis
1024 2371 1068 2436 ad
1098 2387 1236 2445 metrum

124 2476 356 2542 transieramus
378 2473 418 2540 ci.
439 2468 586 2537 Meinek.
607 2471 717 2537 Anall.
733 2473 807 2537 282.
828 2473 954 2557 Unger.
962 2472 1072 2538 Anall.
1084 2473 1235 2563 Propert.

124 2579 177 2644 92.
231 2571 395 2663 Γραικούς
432 2595 452 2637 a
484 2571 648 2638 nonnullis
678 2569 836 2652 <Ραιίιους
872 2573 978 2638 dictos
1010 2596 1082 2640 esse
1110 2589 1236 2646 veteres

122 2670 371 2764 Lerieographi
393 2685 560 2740 testantur.
594 2670 777 2741 Verborum
799 2695 839 2738 ex
860 2696 995 2741 numero
1016 2677 1141 2743 nullum
1156 2679 1235 2747 sub·

123 2780 214 2846 venit
243 2790 371 2866 praeter
399 2788 585 2864 suspectam
612 2775 759 2841 Zonarae
786 2776 931 2861 glossam
960 2800 993 2864 p.
1014 2779 1089 2844 442.
1118 2782 1235 2867 γλὶχωι

125 2879 201 2948 ἀντὶ
221 2884 281 2947 τοῦ
304 2877 458 2961 λεῖχιονῖ)
481 2887 515 2945 et
533 2897 618 2964 quae
628 2877 816 2962 Hesychius
839 2879 1029 2966 suppeditat
1047 2879 1235 2962 Γλάμιττειν

125 2980 235 3051 πίνειν
254 2980 318 3049 boo
334 2989 384 3044 est
404 2977 550 3051 λάπτειν.
576 2988 609 3044 et
621 2978 794 3062 Λίγξαντα
818 2976 1083 3064 ἐπιθυμήσαντα,
1095 2982 1234 3065 Λιχάζω

124 3081 302 3160 ἐπιθυμῶ,
337 3101 399 3170 pro
429 3101 495 3166 quo
521 3076 736 3144 Ruhnkenius
762 3077 797 3140 in
823 3078 887 3164 Ep.
917 3079 963 3143 11.
988 3079 1059 3144 137.
1093 3080 1237 3164 γλιχάζετ

125 3182 225 3250 scribi
247 3182 362 3260 voluit,
396 3182 454 3248 sed
475 3180 592 3246 eadem
614 3177 706 3242 litera
727 3176 821 3243 deest
842 3177 993 3244 affinibus
1018 3174 1103 3256 λάω,
1128 3181 1237 3270 λελίη-

123 3311 197 3369 μαι,
219 3281 338 3350 λιότοι.
383 3281 486 3365 Quod
514 3278 604 3367 apud
626 3279 764 3344 eundem
792 3278 911 3367 legitur
936 3277 1130 3366 Γὸοάοησιν
1153 3282 1237 3368 tul-

123 3410 213 3475 φησι
237 3384 382 3471 suspicio
405 3395 454 3451 est
482 3405 542 3470 per
573 3381 805 3468 negligentiam
828 3381 1075 3470 tmnsseriptum
1101 3405 1174 3450 esse
1195 3406 1237 3453 ex

125 3486 264 3553 Homeri
286 3485 360 3552 loeo
384 3482 441 3553 tut
459 3481 492 3551 δ’
510 3481 694 3572 ἒγδοάιτησε
716 3484 754 3548 Il.
768 3484 833 3549 XI.
851 3485 904 3549 45.
928 3485 1054 3570 dequo
1075 3498 1162 3552 reete
1178 3488 1234 3572 ju·

125 3590 213 3655 (licat
234 3588 452 3657 scholiastes:
485 3585 541 3654 διὰ
568 3586 606 3652 τι)
636 3586 772 3672 μέτρον·
805 3586 863 3651 τὸν
891 3588 929 3655 δι’
956 3588 1083 3656 δοῦπον
1110 3585 1169 3658 οὐκ
1196 3585 1237 3657 liv

135 3787 148 3827 ’ἕ
194 3796 225 3864 e)
237 3798 363 3851 Λιιῶσαι
375 3791 478 3850 dieitur
490 3811 542 3867 pro
554 3798 680 3868 γανῶοαι
699 3793 729 3849 id
745 3803 788 3850 est
805 3791 960 3851 inornatus
978 3795 1055 3852 velut
1073 3795 1151 3867 figuli
1163 3793 1235 3851 ollae

124 3881 227 3947 solent,
243 3881 301 3936 sive
319 3889 451 3937 stennone
467 3899 494 3935 r.
510 3883 674 3938 Schneider.
693 3881 933 3953 edVeget1.l&
963 3883 1040 3939 Hine
1059 3891 1103 3937 est
1119 3883 1236 3937 verbum

125 3967 234 4023 mediae
248 3966 345 4023 aetatis
362 3967 482 4039 plustre
499 3976 680 4038 nostrumque
693 3968 834 4040 glusuren
852 3968 882 4022 id
899 3976 940 4023 est
956 3968 1076 4022 vitreare
1094 3984 1118 4019 v.
1137 3964 1234 4022 Reislt.

125 4056 161 4107 etl
175 4054 271 4109 const.
286 4054 388 4124 Porph.
402 4052 424 4106 Ι.
443 4053 467 4116 ll,
482 4055 523 4107 72.
538 4059 578 4126 (p.
595 4055 664 4123 173.)
695 4053 884 4110 Ἐκλιιιαίνειν
898 4054 927 4109 τὸ
943 4059 1063 4124 πέλαγος
1080 4069 1132 4123 pro
1150 4056 1236 4107 λιταί·

125 4159 184 4194 νειν
197 4140 283 4192 Anth.
300 4141 373 4210 App·
387 4136 503 4192 LXVII.

194 4227 225 4292 t)
234 4229 346 4294 Γιιχιον
358 4241 459 4279 nomen
472 4223 696 4296 amplificativum
708 4223 821 4280 ridetur
832 4223 877 4278 vel
890 4222 1067 4278 escatorem
1077 4221 1136 4280 sive
1148 4223 1235 4296 ligur·

126 4309 242 4365 nitorem
254 4309 414 4381 significans
427 4309 472 4365 vel
484 4309 602 4368 idemne
616 4328 725 4384 meppea
737 4313 773 4367 ab
789 4309 867 4365 affini
879 4312 1010 4382 γλίχομαι
1024 4309 1132 4367 Teebu.
1145 4311 1188 4370 tt.
