2736 4778
361 352 427 418 nn
448 347 726 417 Pnunorssr.
770 346 809 415 o.
831 349 878 415 11.
910 353 935 435 l·
958 352 989 416 a.
1159 354 1230 425 τοι

120 540 195 606 mali
217 538 322 605 simile
344 535 546 621 significatur
568 532 627 598 sed
651 532 745 618 quod*
767 532 877 596 melini
903 534 1046 620 speeiem
1070 533 1235 618 habetss)

121 652 157 707 ut
183 638 426 724 κυπρινίλαιον-
449 635 568 699 dicitnr
597 657 657 720 pro
687 633 848 718 κύπρινον
877 631 991 700 ἔλαιον
1006 636 1068 719 ¹²).
1118 634 1236 719 Itaque

119 744 189 808 iere
223 758 416 826 persuasum
448 746 499 800 est
525 729 768 818 χαλκεοθώραξ
798 754 865 798 non
896 733 988 798 aliter
1020 735 1236 820 compositum

122 865 195 909 esse
221 861 319 925 quam
339 833 572 918 χαλκοθιόραξ.
617 835 686 902 Sed
707 857 728 898 a
748 832 960 899 substantivis
980 835 1014 899 in
1037 836 1137 900 altera
1160 858 1237 920 syn-

122 943 204 1009 theti
233 951 326 1027 parts
347 935 513 1003 oolloeatis
535 933 620 1000 hunc
642 935 869 1021 pleonasmum
891 934 1131 1020 abjudicemus,
1162 959 1239 1001 nam

124 1041 349 1126 παγχάλκεος,
373 1035 580 1124 παγχρύσεος
602 1058 643 1101 ex
661 1037 829 1121 adjectivis
851 1039 992 1103 conflata
1008 1051 1101 1116 sunt3
1123 1039 1240 1124 πενίης

126 1137 286 1222 ἆχάλκεος
311 1132 448 1215 οὐδός
439 1161 474 1202 1n
500 1137 640 1202 Luoiani
668 1138 784 1225 Epigr.
812 1161 1003 1233 expressum
1028 1140 1161 1224 quidem
1191 1147 1241 1203 est

126 1264 167 1307 ex
186 1239 349 1306 homerico
370 1234 508 1319 χάλκεος
529 1232 629 1316 οὐδός
649 1239 709 1304 sed
733 1240 899 1305 intellectu
918 1229 1025 1306 tacete
1046 1250 1169 1306 mutato
1192 1240 1240 1305 sio

125 1353 161 1406 ut
189 1364 256 1407 non
281 1336 404 1421 χαλκός
428 1337 630 1423 significetur
657 1341 716 1406 εει]
737 1343 887 1422 χαλκοῦς.
931 1341 1118 1424 Είντείχεος,
1148 1342 1240 1428 quod

123 1444 227 1509 multo
250 1439 412 1525 antiquius
434 1449 486 1504 est
511 1461 609 1537 (μειερ)
633 1465 793 1522 ευτειχος,
820 1443 1031 1508 Grammatiei
1054 1467 1072 1509 e
1094 1444 1238 1530 genitivo

124 1556 237 1609 natum
263 1544 385 1618 lerunt,
414 1541 474 1606 sed
495 1541 617 1626 justius
644 1541 945 1627 paraschematismi
974 1566 1094 1609 nornen
1121 1545 1242 1631 accipit

123 1657 160 1710 ut
181 1641 331 1722 ἀνείδεος
352 1655 385 1708 et
402 1642 549 1708 similiter
568 1642 661 1706 finita
683 1664 767 1727 quae
789 1643 823 1708 in
843 1644 962 1709 Parnll.
979 1645 1053 1710 245.
1076 1645 1219 1710 traotavi.

208 1783 234 1865 ξ.
259 1779 290 1844 3.
334 1777 392 1843 Ad
420 1776 643 1863 pleonasmos,
678 1776 734 1862 qui
764 1779 798 1842 in
827 1779 991 1845 deelinatu
1023 1781 1160 1845 existere
1190 1779 1240 1844 di-

124 1894 257 1959 cuntur,
280 1878 415 1944 transire
437 1877 565 1966 paranti
588 1900 694 1965 pauca
709 1881 945 1965 praemittenda
963 1892 1039 1947 sunt
1057 1881 1098 1947 de
1117 1904 1239 1968 prono-

127 1982 286 2047 minibus:
311 1976 330 2069 ἦ
354 1979 423 2046 τείν
447 1975 631 2059 ἀντωνυμία
653 1978 779 2068 δωρικίη
807 1975 891 2047 οὖσα
919 1983 1002 2050 κατὰ
1034 1982 1243 2062 πλεονασμὸν

125 2088 187 2150 τοῦ
205 2072 231 2150 ε
248 2080 423 2169 ἐξηνέχθη,
453 2075 534 2145 ὅθεν
564 2075 772 2166 φυλάσσεται
800 2075 818 2145 ὃ
845 2076 946 2159 αίπίνς
971 2081 1068 2160 τόνος
1094 2080 1172 2148 sch.
1198 2083 1241 2146 A.

127 2184 168 2248 Il.
189 2183 255 2247 XI.
280 2182 354 2247 201.
397 2181 474 2244 Hoc
503 2178 669 2244 tamenin
695 2178 805 2266 Epim.
827 2182 855 2246 Ι.
879 2182 952 2246 409.
976 2205 995 2246 a
1017 2181 1178 2270 pareetasi
1200 2181 1244 2247 ad

129 2283 220 2347 aliud
240 2304 343 2368 genus
365 2279 548 2369 pleonasmi
566 2280 764 2359 transfertur,
788 2281 840 2347 eui
862 2283 1030 2370 proprium
1053 2294 1103 2350 est
1124 2307 1244 2350 nomen

130 2382 350 2470 parenthesis;
378 2376 398 2468 ἡ
426 2379 481 2449 τοί
509 2376 696 2465 ἀντωνυμία
726 2382 850 2467 γίνεται
880 2382 976 2467 παρὰ
998 2388 1165 2469 Δωριεῦσι
1192 2382 1244 2449 τίν

130 2485 188 2550 καί
214 2483 311 2569 παρὰ
340 2486 386 2569 τῷ
416 2485 542 2571 ποιητῇ
572 2482 773 2571 πλεονασμῷ
796 2486 856 2550 τοῦ
877 2473 993 2550 {triv
1016 2484 1072 2550 καί
1095 2482 1244 2551 διαλύσει

128 2584 209 2662 τεΐν,
240 2582 300 2648 sed
328 2581 588 2668 monosyllabum
616 2582 697 2648 illud
724 2606 791 2651 non
812 2584 942 2671 legitur.
984 2584 1143 2670 Ejusdem
1165 2608 1243 2672 pro-

128 2684 270 2750 nominis
290 2706 401 2749 oasum
423 2684 603 2748 secundum
627 2691 718 2752 τεοῖο
744 2696 776 2751 et
797 2685 933 2751 Homeri
961 2686 1154 2775 interpretes
1183 2688 1243 2752 im-

129 2786 270 2873 probant
297 2785 340 2850 ad
361 2784 400 2849 Il.
422 2784 520 2852 VIII.
543 2784 594 2850 28.
626 2795 659 2850 et
685 2787 884 2875 Apollonius
907 2786 1000 2872 Synt
1027 2788 1243 2867 11.21,164.

128 2911 159 2951 v.
191 2889 378 2952 Buttmann.
412 2884 556 2952 Gramm.
583 2887 612 2951 Ι.
643 2886 716 2952 288
750 2889 861 2953 adnot.
926 2889 1087 2970 Quaestio
1122 2900 1171 2955 est
1205 2890 1246 2953 de

132 2989 325 3075 pronomine
347 3008 508 3086 personae
529 2987 659 3052 tertiae:
682 2991 721 3054 τὸ
741 2990 897 3077 σηίαςπ
899 2985 1014 3073 ίτερον
1034 2989 1121 3053 κατὰ
1144 2991 1246 3054 πλεο-

131 3087 257 3173 νασμίν
283 3088 354 3155 ἔστι
375 3092 436 3157 τοῦ
459 3114 475 3155 ε
497 3084 573 3175 ἢ
538 3113 575 3152 το
600 3091 690 3176 σφᾶς
708 3083 793 3153 nard
814 3087 1018 3174 σι·’,·νοιρεσιν
1042 3114 1097 3153 και
1089 3087 1249 3171 λέγομεν

130 3187 296 3257 irritaris
325 3184 549 3271 πλεονασμόν.
602 3183 765 3254 Καθόλου
789 3186 853 3276 γὰρ
892 3185 926 3254 ἒν
959 3180 1249 3310 πληθρντικοίς-ἱ
1227 3215 1241 3252 ν

132 3293 191 3355 τοῦ
222 3289 337 3373 τρίτου
367 3285 553 3374 προςώπου
584 3282 771 3373 ἀντωνυμία
809 3284 970 3375 ἀρχομένη
1007 3282 1076 3355 ἀπὸ
1109 3292 1168 3356 τοῦ
1201 3313 1248 3380 σῳ

132 3389 221 3456 ἐνδεῖ
248 3391 416 3475 συλλαβης
441 3391 498 3456 τοῦ
502 3384 679 3511 (πρώτου
695 3388 750 3454 καί
780 3389 934 3477 δευτέρου
952 3413 1146 3512 προςωπου
1177 3380 1248 3455 οἷον

133 3484 469 3576 perciperemus,
497 3483 589 3576 ημῶν
608 3483 698 3572 ὑμῶν
715 3494 824 3578 σφῶν,
847 3485 927 3578 ημῖν
948 3485 1023 3572 ὑμῖν
1048 3487 1137 3576 σφίν,
1161 3483 1248 3581 ἡμᾶς
1335 3554 1343 3564 ,

204 3743 249 3807 11)
271 3742 304 3796 In
322 3741 419 3798 Dioso.
436 3742 507 3796 Met.
521 3741 555 3796 V
569 3742 612 3796 97
632 3758 685 3813 pro
704 3737 851 3811 μηλοειδὴς
868 3743 905 3839 roi
917 3737 1047 3813 χρώματι
1064 3744 1250 3817 Sprengslius

134 3843 197 3880 eum
216 3825 311 3882 Sarno.
331 3827 443 3900 scripsit
458 3824 647 3900 μηλννοειδης,
668 3843 740 3899 quae
760 3824 921 3882 necessaris
941 3836 1016 3913 osset
1036 3831 1174 3886 eorrectio
1195 3829 1249 3885 nisi

133 3911 260 3966 additum
278 3919 354 3967 esset
371 3932 407 3982 νην
420 3909 556 3987 χρώματι.

206 4015 250 4083 12)
272 4013 320 4069 sic
340 4013 394 4068 ulia
414 4012 540 4069 oleorum
559 4032 664 4083 genera
684 4015 719 4069 ab
739 4014 860 4086 antiquis
880 4015 1059 4089 appellantur
1082 4016 1175 4071 ἔλαιον
1199 4012 1250 4071 ori*

135 4119 239 4171 φνινον
257 4097 286 4154 τίν
306 4098 361 4154 tut
380 4103 434 4154 τῶν
453 4100 609 4171 δορινίδων,
628 4096 705 4154 aliud
723 4107 846 4155 ννίκινον
859 4099 916 4154 sive
932 4096 1069 4169 κνηκινον,
1089 4101 1165 4156 aliud
1177 4096 1250 4175 μύρ-

137 4202 225 4255 σινον,
249 4187 301 4242 sed
319 4203 336 4241 a
352 4185 558 4242 recentioribus
577 4187 757 4258 δαφνέλωον,
777 4189 938 4255 summor,
955 4189 1160 4258 μυρσινίλωον,
1186 4208 1251 4245 οισ-

135 4276 256 4329 σέλινον.
