2736 4778
199 323 264 391 DE
280 323 552 396 PARATHESI
572 320 634 390 ΕΤ
657 319 931 391 SCRIPTURA.
953 317 993 388 Ο.
1011 319 1040 385 Ι.
1062 322 1087 408 ξ.
1105 319 1137 387 4.
1161 324 1234 399 555

124 526 191 579 non
213 522 297 589 sunt,
319 511 480 578 variemus
505 509 582 575 licet
602 529 663 594 pro
689 508 847 593 cujusque
868 507 1033 574 intellectu
1054 501 1135 584 ἁλός
1154 497 1235 595 siim

124 613 303 680 scribentes
329 611 388 677 ubi
417 631 567 696 spumam
587 609 684 676 maris
707 609 885 697 significet,
914 607 1048 696 hyphen
1072 629 1149 674 vero
1177 605 1235 675 ubi

123 714 303 802 zophyton.
346 713 392 776 Et
412 711 459 775 sic
484 709 556 775 alis.

209 819 234 899 ξ.
256 815 288 879 4.
331 811 470 879 Dotivos
495 813 620 879 numeri
647 812 782 900 pluralis
815 812 1008 879 nominibus
1028 810 1235 899 praepositos

123 916 260 1003 integris
279 914 419 981 breviter
439 913 628 1001 perstringit
647 913 846 1000 Apollonius
879 914 973 1000 synt
996 911 1021 979 I.
1042 913 1080 991 2,
1104 913 1154 978 14.
1175 903 1235 998 ὑφ’

124 1014 160 1103 ἓν
181 1017 284 1102 μέρος
304 1013 403 1098 λόγου
425 1009 609 1100 ἀνέγνωμεν
629 1013 666 1081 τὸ
688 1013 924 1098 παοιμέλοοοα
946 1013 1005 1080 καὶ
1033 1006 1234 1103 κηρεσσιφό·

126 1140 234 1204 ρητος.
263 1115 351 1182 Illud
370 1137 436 1183 non
458 1115 563 1182 solum
583 1137 604 1180 o
625 1115 840 1201 Theognostc
862 1114 946 1184 Can.
969 1115 1021 1182 96.
1044 1115 1181 1180 refertur
1200 1113 1236 1179 in
1346 1158 1348 1163 -

124 1238 260 1282 numero
286 1216 511 1300 synthstorum
536 1213 760 1302 σαρξιφόγος,
795 1212 1051 1303 ἁρμαοίόουνιος
1082 1225 1143 1283 eto.
1176 1214 1236 1279 sed

125 1318 166 1382 ab
188 1317 381 1383 Herodiano
402 1317 477 1404 ipso
505 1317 550 1383 ed
570 1316 609 1382 Il.
631 1317 728 1384 VIII.
759 1317 833 1383 527.
862 1330 895 1384 et
926 1317 1117 1405 saepissime
1145 1315 1236 1403 npud

126 1420 285 1485 Nonnum
319 1418 365 1483 ite
399 1418 556 1505 scriptum
590 1419 725 1504 est¹⁵)‚
757 1419 951 1487 dissolutum
979 1441 1056 1487 vero
1083 1417 1238 1506 praetulit

125 1518 311 1598 Bekkerus3
347 1519 410 1586 ulio
438 1529 547 1586 autem
580 1520 817 1603 conjunctionis
845 1521 995 1609 exempla
1027 1543 1095 1586 non
1124 1529 1236 1584 extent
1285 1595 1289 1604 Ι

124 1631 254 1707 praeter
274 1618 463 1708 ττασίόηλος
484 1632 518 1688 et
538 1619 787 1708 παοίγνωστος,
810 1646 948 1708 quorum
969 1633 1118 1689 auctores
1138 1620 1235 1709 igno-

122 1722 271 1788 bilissimi
294 1733 380 1790 sunt.
423 1723 574 1790 Alterum
594 1721 831 1792 homericorum
852 1719 1138 1812 κηροσοιφόρητος
1156 1722 1237 1790 Ari-

123 1824 242 1890 starchi
265 1825 548 1893 commendntione
571 1836 784 1892 sustentatum
806 1823 1153 1914 affligiturHerodieni
1178 1847 1235 1890 ex·

123 1926 276 2014 ceptione
297 1926 319 1991 l.
332 1947 360 1994 c.
382 1923 435 1994 ὅτι
452 1921 616 1994 οὐδέποτε
638 1927 751 2013 δοτικὴ
776 1925 1018 2013 ἐπεκτεταμένη
1037 1920 1111 1994 κατ’
1135 1919 1237 2013 ἀρχὴν

123 2028 334 2095 συντέθειται
357 2020 560 2112 ἀλλὰμόνου
583 2027 667 2095 κατὰ
690 2026 729 2094 τό
756 2030 851 2105 τέλος
873 2017 945 2094 οἷον
966 2020 1236 2110 γυναικόνόρεοοι

123 2120 211 2212 παρ’
232 2120 442 2215 Ἐπιχάρμῳ,
468 2150 506 2194 ec
534 2149 576 2193 ne
608 2125 671 2194 hoc
701 2129 833 2214 quidem
860 2127 1034 2212 syntheton
1065 2126 1195 2192 estred
1217 2148 1237 2191 a

123 2227 323 2293 nominativo
346 2228 480 2314 poetice
513 2229 589 2295 ficto
619 2227 854 2317 γυναίκαυὸρες
883 2228 1080 2295 declinatum
1110 2237 1143 2293 et
1170 2250 1237 2292 non

124 2330 279 2417 epectusi‚
302 2352 368 2415 qun
386 2329 678 2420 κηροοσιφόρητος,
702 2330 761 2395 sed
784 2329 855 2395 solo
876 2329 1085 2418 diplasiosmo
1107 2338 1237 2395 auctum

123 2442 160 2496 ut
186 2427 439 2518 βελεσοιχαρής»
476 2425 708 2518 όρεσσιβότης,
741 2424 968 2516 όροσοίχυτος,
1003 2430 1235 2517 ποσσίκροτος,

123 2536 217 2618 cujus
246 2532 377 2619 generis
403 2533 527 2598 nullum
562 2545 612 2599 est
641 2534 732 2620 apud
763 2535 945 2599 Homerum
973 2533 1155 2620 vestigium.
1200 2531 1238 2601 Si

121 2635 287 2702 Pindarus
317 2635 373 2701 Fr.
402 2633 531 2703 LVIII.
580 2635 720 2714 Delum,
750 2657 849 2721 quam
876 2633 1024 2722 φορητόν
1057 2632 1237 2719 κυμότεσσι

121 2747 229 2813 vocat,
253 2730 585 2823 κυματεσοιφορόταν
607 2736 753 2814 dixisset,
775 2737 811 2803 id
832 2737 945 2822 utique
965 2737 1011 2803 illi
1026 2736 1129 2803 simile
1141 2736 1235 2803 forst.

121 2839 217 2905 Idem
228 2837 439 2904 Herodianus
457 2837 602 2902 defendit
613 2837 804 2926 scripturum
823 2837 875 2906 bis
889 2840 1060 2926 repetitam
1075 2839 1115 2904 Il.
1134 2839 1235 2904 XIII.

122 2941 196 3006 390.
231 2933 263 3005 et
288 2938 386 3006 XVI.
414 2939 489 3004 483.
519 2931 639 3027 ἤριπεν
665 2936 712 3016 ὡς
739 2936 837 3014 πίτυς
863 2938 923 3025 τὴν
952 2933 1064 3023 οὔρεσι
1087 2937 1237 3016 τέκτονες

123 3033 243 3126 ἄνδρες
265 3037 441 3125 ἐξέταμον·
465 3040 506 3105 de
530 3038 586 3102 illo
613 3037 698 3104 enim
724 3038 798 3103 loco
821 3037 868 3102 sic
889 3036 1034 3122 loquitur
1060 3036 1097 3103 τὸ
1121 3030 1234 3123 οόρεοι

121 3139 273 3218 τέκτονες
296 3137 422 3216 Νικίας
443 3135 501 3227 ὑφ’
524 3133 559 3205 ἓν
580 3141 704 3216 κακῶς·
730 3136 800 3204 ἔδει
835 3138 899 3224 γὰρ
926 3137 985 3204 καὶ
1017 3137 1056 3204 τὸ
1091 3129 1236 3223 odoros

122 3235 331 3325 βουκόλοι
353 3239 457 3324 (571.)
480 3235 671 3306 συνάπτειν·
703 3229 812 3316 α’λλως
841 3261 876 3304 τε
898 3234 1031 3307 ἔσονται
1055 3232 1088 3304 ολ
1108 3237 1149 3304 τὰ
1175 3228 1237 3325 όρη

122 3334 440 3422 κατασκευάζοντες·
467 3336 527 3405 δύο
554 3330 609 3406 οὖν
630 3339 714 3424 μέρη
739 3334 840 3426 λόγου
869 3336 943 3406 ἐστὶ
969 3338 1029 3406 καὶ
1057 3335 1167 3406 λείποι
1194 3338 1233 3404 τό

123 3433 226 3508 οὖσαν
256 3433 302 3517 ὡς
333 3436 382 3517 εἷς
409 3437 447 3506 τὸ
478 3434 524 3525 ἥν
552 3434 584 3505 τ’
620 3438 660 3506 ἐν
697 3431 841 3524 desnos
879 3437 1061 3523 χαλκίδα
1096 3435 1238 3531 κικλή-

123 3561 268 3607 σκουσι
290 3537 391 3608 θεοί
408 3540 506 3608 XIV.
533 3541 605 3606 290.
619 3542 670 3623 ¹⁶)
701 3540 757 3605 ubi
780 3539 891 3608 Schol.
914 3538 1083 3609 λείπειτὸ
1107 3538 1237 3627 διατρί-

195 3743 241 3811 15)
255 3742 340 3797 Locis
352 3741 381 3797 in
396 3741 483 3796 Thes.
497 3740 588 3796 citetis
601 3741 675 3795 udde
687 3740 734 3797 IV.
753 3743 795 3796 tn.
809 3741 921 3799 XXXI
934 3746 977 3800 31.
996 3742 1058 3798 XL.
1072 3744 1132 3801 351.

197 3828 242 3896 16)
255 3828 319 3882 Ηοο
333 3827 457 3882 imitatur
468 3826 611 3881 Nicander
625 3825 712 3880 Ther.
726 3826 786 3882 167.
806 3824 876 3882 ὅσσα
889 3848 916 3885 τε
930 3828 999 3902 φῦλ’
1014 3827 1177 3903 ὀνομάζεται
1190 3824 1240 3884 οὔ-

121 3931 183 3986 ρεσι
204 3917 301 3985 θηρῶν
323 3921 352 3967 et
369 3911 416 3967 elii
435 3915 511 3967 hunc
528 3912 652 3965 dativum
672 3912 869 3986 complementi
888 3915 951 3971 loco
973 3916 1184 3989 interponentes
1203 3911 1240 3974 ὥς

121 3996 220 4070 ἄγριος
238 3994 332 4072 οὔρεσι
351 3996 457 4070 κόπρος
471 3997 567 4062 Quint.
581 3997 701 4052 1113116.
721 3995 909 4075 μεσόμβρινος
930 3997 1042 4072 οὔρεσιν
1060 3996 1132 4069 ᾠδός
1150 3999 1237 4052 nuth.

122 4085 175 4140 IX.
191 4086 250 4138 581.
271 4087 346 4139 unde
363 4103 420 4139 uon
441 4085 526 4154 longe
545 4084 629 4139 distet
647 4090 732 4139 ποσσὶ
742 4091 860 4156 χίμειλα
873 4086 934 4139 Νἱο.
950 4086 996 4138 ΑΙ.
1012 4085 1070 4138 683.
1094 4082 1239 4154 Praeposi-

121 4171 213 4225 tiones
225 4170 330 4225 locales
349 4173 458 4224 addunt
472 4170 556 4225 Pind.
570 4171 650 4226 Nem.
663 4172 713 4225 VI.
729 4172 786 4225 169.
807 4169 903 4239 ὁμοῖος
918 4171 1029 4241 δελφῖνι
1042 4166 1082 4222 δι’
1103 4166 1192 4239 ἅλμης
1210 4177 1239 4224 et

121 4255 274 4326 Dionysius
294 4275 319 4310 v.
337 4258 408 4310 1181.
423 4262 534 4327 χαίρετε
554 4255 652 4310 ε1νὰλλ
669 4259 748 4324 νῆσοι
766 4257 854 4311 idest
876 4250 989 4323 ἔνάλιοι,
1009 4255 1179 4323 Λιβυρνίδες
1196 4260 1238 4309 εἰν

124 4340 170 4399 ἀλλ
189 4345 267 4418 νῆσοι
286 4341 381 4422 Apoll.
399 4341 449 4402 IV.
472 4344 531 4403 661,
569 4341 685 4402 votivus
703 4340 864 4423 temporalis
883 4347 926 4402 ent
945 4339 1041 4401 Nouo.
1060 4339 1112 4404 111.
1132 4341 1173 4400 tt.
1192 4340 1240 4402 ubi
1335 4386 1337 4390 ι
