2736 4778
299 356 364 422 DE
389 353 666 422 PARECTASI
711 353 750 422 Ο.
771 355 832 423 lv.
864 358 890 441 t.
910 354 941 421 9.
1100 361 1175 432 465

61 540 182 626 linquit
204 539 399 605 Eustathins
429 541 526 617 1286,
549 534 623 604 9.
608 563 643 604 εν
670 542 717 624 τῷ
745 499 970 657 o'tpysddnuc
950 565 970 657 p
998 536 1176 622 πλεονάζει

61 643 102 710 τὸ
127 669 141 710 ι
166 638 212 720 ὡς
236 642 271 709 ἐν
295 647 344 729 τῷ
372 637 606 724 ἱππιοχάρμης
631 637 652 725 ἢ
675 642 785 727 τροπῇ
810 642 873 706 τοῦ
894 664 913 706 ο
938 634 987 716 εἷς
1009 665 1023 706 ι
998 624 1177 724 γέγονεν

62 742 101 811 ἐκ
123 749 183 811 τοῦ
205 737 318 828 ἀργός.
367 743 421 807 Ex
449 741 500 804 his
528 739 732 806 manifestum
759 739 796 805 fit
821 734 1067 825 adJ'ectivum'‘
1043 760 1176 827 corson,

64 845 155 929 quod
169 842 383 928 Hesychius
375 852 604 928 interpretatur
622 836 753 918 λευκός,
770 837 884 922 ταχύς,
906 840 970 908 illis
986 863 1054 908 non
1070 842 1177 909 minus

63 944 266 1032 incognitum
299 944 401 1009 luisse
434 966 532 1028 quam
567 952 617 1008 est
651 941 757 1007 nobis.
815 943 892 1008 Hoc
924 941 1025 1028 igitur
1055 942 1178 1009 omisso

67 1045 215 1130 quaestio
239 1044 344 1110 omnis
370 1043 520 1109 consistit
543 1043 578 1107 in
600 1043 790 1130 pleonasmo
816 1052 849 1108 et
874 1053 979 1129 trope.
1026 1043 1099 1109 Pro.
1120 1043 1177 1109 illo

66 1147 200 1211 affertur
216 1141 446 1231 ἱππιοχάρμης
466 1144 530 1210 hoc
546 1156 596 1210 est
612 1139 630 1208 6
649 1142 773 1226 χαίρων
790 1144 914 1222 ἵπποις
935 1139 956 1231 ἢ
975 1137 1041 1232 ἀφ’
1059 1142 1178 1212 ἵππιον

64 1242 250 1332 μαχόμενος
265 1246 343 1315 Sch.
356 1246 424 1314 Od
435 1246 500 1311 XI.
512 1245 585 1310 258.
603 1267 656 1310 cur
645 1243 868 1309 simillimum
883 1240 958 1309 est‘
949 1243 1176 1332 ιππιοχᾳίπος.

64 1348 120 1413 Αο
146 1358 223 1412 sunt
222 1347 377 1470 quiderp
404 1347 461 1434 qui
490 1357 662 1431 utrumque
688 1345 780 1411 nliter
805 1345 957 1411 affectum
984 1344 1109 1411 dicant:
1136 1342 1176 1413 τὸ

65 1443 288 1534 ἱππιοχαίτος
308 1446 368 1514 καὶ
386 1444 617 1535 ἱππιοχάρμης
638 1445 744 1514 ἔοικεν
768 1443 853 1528 ἔχειν
873 1445 912 1514 τὸ
934 1471 948 1512 ι
968 1470 1032 1511 και
1035 1438 1175 1513 sttu-

63 1560 129 1629 ψιν
149 1552 264 1615 soris·
285 1543 354 1616 ἇπο
376 1547 440 1634 γὰρ
461 1553 521 1614 τοῦ
545 1545 667 1615 luneio
688 1545 784 1632 χαίτη
807 1547 919 1632 ysyovs
932 1545 1111 1622 Ειιι1656,
1124 1545 1174 1612 19.

64 1649 135 1716 Sed
162 1648 213 1713 his
240 1649 325 1715 duae
349 1649 560 1715 adversantur
586 1649 746 1724 rationes3
776 1669 857 1726 una,
886 1647 977 1733 quod
998 1645 1151 1714 Graeci
1142 1668 1177 1713 ιιι

63 1750 127 1815 hoc
149 1772 270 1835 genere
294 1751 514 1837 componendi
540 1773 607 1817 non
629 1749 794 1835 adjectivis
817 1749 865 1815 uti
890 1749 997 1816 solent
1016 1748 1076 1815 sed
1098 1746 1176 1814 sub·

65 1850 213 1916 stantivis
234 1845 551 1940 ἀνθοιοπόμορφος,
575 1849 821 1939 κοκιιιὶμορφος,
843 1846 1072 1936 λοκόμορφος,
1096 1847 1176 1916 ἕλα-

64 1947 249 2040 φόκρανος,
272 1949 520 2040 κυνοκέφαλος,
546 1947 762 2037 stupidoque,
789 1949 1031 2033 λιοιτοθομος,
1054 1944 1176 2032 trept-

63 2058 175 2129 θοιιος
193 2072 261 2117 non
281 2045 542 2135 ἅνδρειόθοιιος,
561 2051 652 2136 quod
672 2050 772 2116 semel
790 2049 910 2136 legitur
931 2051 1022 2137 apud
1039 2048 1175 2118 Suidsn.

63 2151 180 2217 Altera
198 2151 281 2218 rntio
306 2161 357 2216 est
380 2151 470 2237 quod
491 2152 657 2217 Homerus
681 2151 844 2235 ceterique
871 2149 958 2237 epici
980 2150 1176 2239 possessivis

63 2253 275 2319 animantium
296 2275 363 2318 non
392 2252 519 2340 epsilon
541 2251 730 2319 subtrahere
757 2253 863 2318 solent
891 2253 950 2319 sed
974 2253 1044 2320 iota
1065 2249 1173 2336 (teleos,

65 2350 195 2437 αἴγεος,
211 2352 336 2433 κόνιος,
352 2352 506 2441 βρότεος,
522 2352 676 2436 ταύρεος,
691 2353 809 2439 quibus
826 2366 1080 2422 consentaneum
1092 2355 1177 2422 forst

64 2455 191 2532 ἵππιος
215 2476 282 2521 non
309 2454 448 2535 ἵππιος,
479 2478 546 2541 quo
567 2456 733 2522 Pindarus
761 2456 862 2522 utitur
889 2479 949 2544 pro
975 2456 1118 2536 ἵππιιος
1144 2465 1177 2522 et

64 2555 263 2640 posteriores
282 2555 459 2643 praecipue
480 2558 515 2622 in
534 2556 686 2644 epithetis
705 2558 847 2624 deorum.
856 2558 1035 2625 Ποσειδῶν
1052 2554 1176 2636 ἵππιος

64 2669 125 2720 etc.
168 2655 286 2741 Itaque
308 2656 490 2742 colligimus
514 2658 760 2748 ἱππιοχάρμης,
787 2681 848 2746 pro
871 2679 937 2744 quo
957 2657 1046 2723 idem
1067 2654 1175 2727 inno·

60 2751 193 2841 χάρμος
222 2756 320 2835 dixit,
353 2767 386 2823 et
412 2755 631 2848 ἱππιοχαίτης
660 2783 734 2826 cum
763 2761 963 2827 substantivo
992 2760 1176 2849 composito

63 2879 136 2921 esse
152 2868 190 2920 ut
206 2859 413 2941 ἵππαιχμος,
431 2856 638 2949 iunctoque,
657 2859 865 2947 ἱππόκοιιος,
883 2864 1065 2950 eodemque
1080 2862 1174 2951 pleo-

61 2981 176 3024 nssmo
204 2960 343 3026 crevisse
373 2957 555 3042 ἱππιάναξ,
584 2984 650 3046 quo
672 2963 803 3029 nomine
823 2963 1008 3048 Aeschylus
1038 2963 1173 3051 hippar-

62 3059 161 3126 chum
181 3061 385 3148 significavit.
430 3062 638 3144 Quinetiam
658 3061 803 3141 aluino,
827 3085 892 3147 quo
905 3064 1075 3150 Meleager
1095 3087 1174 3131 usus

63 3175 123 3239 est,
146 3162 211 3228 hue
227 3164 338 3229 referri
354 3165 488 3252 poterit,
512 3163 636 3250 quippe
656 3162 821 3249 gentilicio
843 3164 1062 3231 assimilatum.
1107 3165 1176 3234 Sed

62 3266 255 3354 Μηκιονίκη
287 3289 347 3353 per
376 3288 517 3332 errorem
547 3265 703 3351 scriptum
730 3264 858 3331 videtur
885 3289 945 3353 pro
972 3266 1174 3353 Μητιονίιιη.

61 3366 137 3429 Hac
163 3367 287 3432 ratione
313 3368 360 3432 illi
386 3367 506 3434 adduci
534 3378 710 3454 potuerunt
736 3376 773 3430 ut
799 3379 914 3453 poetes
943 3366 1103 3451 adjectivo
1132 3365 1176 3431 ad

61 3478 199 3530 metrum
217 3467 352 3534 inhabili
373 3464 534 3555 ἆιιγόδοις
550 3468 618 3533 iota
633 3469 869 3555 interposuisse
885 3469 1062 3535 crederent.
1106 3468 1176 3537 Sed

63 3568 140 3654 plus
159 3568 301 3634 veritatis
322 3569 420 3635 habet
440 3571 681 3645 sententiarum,
701 3592 783 3654 quas
798 3564 990 3635 Eustatliius
1008 3570 1174 3659 proponit,

62 3670 163 3733 altera
189 3668 230 3735 de
252 3681 355 3758 trepe.
399 3671 485 3737 Nam
507 3695 606 3758 quum
627 3671 724 3759 plene
747 3670 920 3738 dicendum
942 3685 1029 3740 esset
1049 3666 1173 3760 ιίργοό-

62 3769 412 3856 δοιςιιιΛοκόοργος,
430 3771 704 3860 λεοκοόπιοοοςι
716 3771 1173 3843 Meinek.com.T111121.

60 3869 138 3937 Del.
167 3871 237 3935 121.
268 3867 451 3956 ὀλιγόωοος
482 3874 643 3957 (emises
634 3898 669 3939 ιιι
691 3874 772 3961 Th.)
801 3876 912 3945 Schol
936 3877 1039 3944 Dion.
1068 3898 1099 3940 v.
1119 3875 1173 3972 3⁰:

62 3984 95 4035 ct
124 3971 175 4035 all
206 3971 248 4035 ud
275 3969 354 4036 Phr.
377 3970 449 4038 677
479 3973 590 4052 alluta,
624 3974 727 4041 hiatui
759 3977 909 4044 subvenit
941 3988 1036 4063 trope
1066 3979 1127 4040 τοῦ
1155 3997 1174 4038 ο

61 4068 111 4148 εἷς
135 4099 145 4136 ι
169 4072 232 4137 hoc
253 4073 378 4137 lucilius
399 4074 487 4157 quod
509 4076 595 4141 idem
613 4076 649 4142 fit
669 4091 744 4144 ante
761 4099 922 4144 consonas
941 4089 973 4141 et
990 4085 1174 4142 constanter

61 4172 222 4286 quidem
213 4198 248 4238 ιιι
263 4173 326 4239 hoo
343 4173 486 4291 epitheto
508 4169 750 4261 oioyessostogff
730 4181 911 4263 αογικὲραο
914 4201 981 4255 νος,
1000 4169 1171 4259 ἆργίποος,

59 4274 186 4338 minore
212 4276 395 4340 constantia
422 4275 457 4342 iu
479 4275 550 4344 aliis
579 4300 662 4364 quae
689 4278 732 4344 ud
756 4277 835 4347 Phr.
859 4276 931 4343 665
954 4275 1108 4355 indicavi,
1136 4285 1173 4343 ut

113 4376 153 4417 lat)
161 4377 194 4416 bo
203 4378 247 4424 ch
262 4378 351 4418 Ριι11101
925 4379 968 4445 30
