2736 4778
162 346 238 420 518
515 345 836 416 DISSERTATIO
864 345 926 417 Ν.
1023 336 1024 339 “

162 529 231 596 vari
249 529 356 618 potuit
376 521 476 619 diopoc
498 541 532 599 et
550 532 789 622 metaplastum,
810 544 848 600 ut
868 534 974 619 ajunt,
996 524 1094 618 ἔαρος
1113 532 1182 598 sive
1199 524 1291 621 ὦμος

150 633 265 720 vidque
296 633 504 699 confirmatur
533 654 716 720 synonymo
747 630 1001 721 συνάορος-Η),
1034 633 1068 698 in
1097 656 1163 721 quo
1197 636 1288 704 duae

161 733 311 820 ejusdem
328 734 501 823 potestatis
520 735 702 823 particulae
719 747 941 803 convenerunt
959 745 998 800 ut
1017 735 1053 801 in
1071 731 1281 818 σονόμιιαος.

153 835 232 905 -sed
261 835 340 924 quia
364 824 392 905 o
412 858 546 924 quoque
576 836 642 903 vim
670 837 887 926 copulativam
916 835 1031 915 habet,
1061 834 1142 901 nihil
1171 837 1280 904 obstet

160 937 337 1024 quominus
351 929 454 1026 ι’ίαρες
469 960 511 1004 ex
526 938 591 1031 hoc
609 949 643 1006 et
660 938 835 1007 themetico
856 933 930 1028 δι’ριο
948 947 1096 1006 constare
1114 949 1282 1031 putemus.

162 1039 341 1126 Quumque
363 1030 464 1126 ῦαρος
486 1040 618 1129 saepius
645 1041 791 1128 legatur,
821 1036 921 1127 δορις
943 1040 1061 1118 semel,
1091 1039 1284 1107 credibilius

161 1153 213 1208 est
240 1140 304 1208 hoc
332 1163 373 1206 ex
401 1141 457 1206 illo
487 1140 634 1208 extitisse
661 1163 760 1230 quam
789 1155 912 1209 contra.
960 1142 1028 1210 Pro
1054 1150 1143 1208 certo
1171 1151 1284 1210 tamen

160 1252 312 1342 neumam
332 1240 445 1341 heberi
466 1253 578 1330 potest
600 1244 678 1331 quia
699 1244 947 1324 vocabulorum,
970 1266 1055 1330 quae
1077 1267 1151 1310 cum
1174 1267 1283 1332 copu-

159 1341 258 1409 lative
282 1369 304 1410 α
326 1342 377 1412 vel
399 1369 418 1413 o
437 1347 615 1431 conjuncta
639 1356 731 1425 sunt,
759 1346 883 1412 nullum
909 1344 961 1411 his
990 1345 1094 1411 simile
1118 1347 1287 1434 reperitm·

160 1444 335 1534 ipsumque
357 1437 459 1532 ἄορας
479 1446 579 1535 alpha
600 1448 736 1536 longum
761 1446 862 1514 habet
888 1469 926 1514 ec
953 1447 1091 1513 fortasse
1119 1469 1162 1513 na
1190 1431 1282 1515 idem·

161 1547 294 1634 quidem
319 1547 462 1615 declarat
488 1548 578 1634 quod
602 1541 711 1638 ῦαρες.
755 1549 890 1618 Vocalis
915 1558 949 1616 et
974 1547 1172 1637 diphthongi
1197 1571 1282 1616 con·

157 1648 266 1715 -rersio
289 1649 452 1726 indicatur
474 1648 515 1716 ab
537 1650 618 1716 ΕΜ.
639 1650 718 1728 261,
739 1649 792 1717 26.
815 1649 948 1738 λέγεται
969 1649 1062 1739 δείλη
1085 1648 1144 1716 καὶ
1166 1650 1280 1739 detdic

159 1749 219 1816 καλ
241 1750 368 1838 δετλλη,
395 1771 534 1835 quorum
555 1750 696 1838 primum
720 1750 872 1817 omnibns
896 1760 1028 1839 notum,
1057 1750 1194 1816 alterum
1217 1750 1283 1816 ad·

154 1850 278 1937 jectivc
297 1849 425 1932 διίιλος
444 1853 654 1937 conjunctum
670 1862 737 1930 est;
759 1851 869 1940 δττλλη
889 1851 917 1918 si
935 1851 1009 1937 quis
1027 1850 1120 1930 dixit,
1142 1851 1280 1918 diectasi

159 1975 239 2019 usus
261 1962 311 2019 est
330 1974 396 2038 qua
416 1951 586 2033 ποτττινός
606 1953 716 2021 crevit.
762 1954 795 2020 Ο
814 1952 940 2019 micton
962 1974 1036 2018 cunr
1058 1951 1163 2040 epsilo
1186 1973 1283 2018 com·

159 2055 278 2122 mutari
304 2055 483 2121 affirmatur
505 2065 696 2143 argumento
724 2054 896 2143 ambiguos
922 2052 965 2121 τὰ
986 2051 1089 2121 nodio
1111 2054 1281 2122 λιοτεῦντα

158 2152 246 2226 καθ’
267 2151 526 2246 ῦττερβιβασμὸν
547 2152 616 2226 ἀπὸ
643 2160 703 2224 τοῦ
728 2154 895 2224 tortora
916 2153 1082 2222 λωτέοντα
1108 2152 1168 2221 καὶ
1189 2152 1279 2222 κατὰ

159 2262 277 2345 κρᾶσιν
299 2252 491 2347 δωρικῆνῆ
520 2255 674 2346 αἱολινὴν
699 2260 866 2326 λωτοῦντα
893 2252 1006 2340 ὥςπερ
1027 2248 1193 2341 Ἐρέβευς·
1218 2253 1280 2321 ἐὰν

158 2360 222 2449 γὰρ
246 2356 400 2427 ἀπὸτοῦ
421 2349 586 2426 λώτόεντα
609 2353 758 2442 εἴπωμεν
779 2351 871 2435 αὐτὸ,
894 2357 1062 2422 λωτοῦντα
1085 2346 1171 2435 εἶχεν
1191 2345 1279 2422 εἶναι

158 2458 325 2527 Choerob.
349 2457 431 2526 Can.
452 2457 526 2539 395,
548 2459 600 2525 22.
624 2458 703 2526 ΕΜ
725 2458 805 2536 671,
827 2459 858 2524 2.
886 2457 1040 2543 idemque
1062 2453 1206 2521 sensisse
1227 2455 1280 2520 vi·

160 2560 254 2628 detur
275 2559 473 2627 Plutarchus
502 2559 543 2625 de
568 2560 669 2626 Poes.
693 2560 794 2625 Hom.
817 2560 864 2624 Π.
889 2557 939 2623 12.
966 2555 1023 2622 ubi
1053 2554 1277 2642 synaloephae

159 2664 310 2749 exempla
335 2671 502 2728 enumerat
528 2653 671 2740 τοῦπος,
701 2658 900 2744 θοιμάτιον,
926 2660 1089 2724 λωτοῦντα
1116 2651 1190 2724 ἀντὶ
1216 2661 1277 2724 τοῦ

158 2761 344 2831 λωτεῦοντα
367 2761 462 2829 scrib.
482 2763 658 2840 λιοτὲοντα,
678 2762 767 2827 unde
788 2762 953 2827 λωτοῦντα
977 2756 1125 2823 contrahi
1147 2767 1278 2842 poterat

158 2873 196 2929 ut
222 2865 402 2941 καλεῦντες.
455 2863 525 2931 Sed
554 2874 588 2928 et
614 2865 726 2932 λιοτέω
758 2858 961 2947 incognitum
992 2869 1042 2925 est
1070 2869 1103 2924 et
1129 2856 1172 2923 ab
1203 2858 1278 2923 aliis

157 2965 342 3053 plantarum
359 2963 555 3042 nominibus,
570 2960 709 3050 μύρτος,
727 2959 856 3040 κισσός,
875 2957 974 3049 ῥόδον
991 2971 1051 3025 etc.
1067 2957 1167 3023 verba
1181 2958 1217 3023 in
1231 2948 1278 3027 εῖν

158 3067 310 3134 exeuntia
335 3066 424 3133 nulla
450 3078 541 3143 sunt;
575 3087 613 3130 ac
639 3089 682 3131 ne
708 3076 795 3132 certa
822 3062 956 3150 quidem
985 3060 1165 3146 scriptura3
1200 3083 1276 3125 nam

157 3168 367 3235 Aristarchus
391 3191 408 3235 e
432 3166 569 3233 Massal.
596 3166 721 3253 recepit
744 3169 930 3243 λωτοῦντα,
957 3164 1048 3249 quod
1070 3186 1137 3228 non
1160 3162 1278 3227 dubito

159 3270 238 3356 quin
264 3292 305 3335 ex
328 3265 492 3336 λιοτόεντα
521 3278 723 3333 contractum
750 3287 824 3332 csse
849 3265 998 3331 statuerit
1026 3265 1087 3330 etsi
1109 3266 1278 3329 Homerus

158 3371 319 3457 adjectiva
344 3371 379 3435 in
401 3354 474 3446 δἐἶξ
497 3369 689 3434 contrahere
711 3392 778 3434 non
805 3368 889 3433 solet
917 3367 977 3432 sed
1001 3365 1100 3431 modo
1129 3388 1279 3450 eaquae

157 3472 191 3538 in
212 3460 427 3558 {eiffexeunt
447 3478 484 3534 ut
505 3473 662 3557 τιμῆντα,
684 3471 737 3536 oui
759 3479 1014 3535 consentaneum
1034 3479 1105 3533 erat
1126 3469 1280 3553 λωτοῦντα

158 3575 285 3651 dicere3
312 3573 482 3640 Hesiodus
505 3594 606 3637 unum
630 3574 796 3654 Σιμοῦντα
818 3572 948 3658 Theog.
967 3571 1041 3637 342.
1069 3569 1159 3654 quod
1186 3569 1280 3632 Her·

156 3698 295 3742 mannus
315 3675 472 3741 dissolvit.
510 3674 578 3739 Pro
596 3670 730 3758 κύματα
748 3669 935 3762 τροφόεντα
953 3672 993 3736 Il.
1004 3671 1084 3738 XV.
1097 3670 1170 3734 621.
1189 3691 1280 3735 non·

156 3778 237 3846 nulli
260 3787 441 3865 posuerunt
463 3775 670 3862 participium
691 3773 781 3840 verbi
802 3773 948 3862 τρομέω.
971 3811 1012 3821 -—
1040 3770 1155 3835 Trium
1175 3791 1281 3835 voca·

228 4033 273 4102 12)
294 4032 328 4086 In
346 4029 526 4085 Ροτο11.216.
548 4027 632 4081 allata
651 4035 717 4082 sunt
735 4025 849 4082 nomina
873 4026 1025 4098 conjugum
1044 4033 1073 4079 et
1092 4030 1279 4094 cognatarum

158 4112 269 4189 αυνᾶωρ
290 4124 319 4171 et
341 4116 425 4189 δορις.
459 4113 536 4170 Huic
559 4110 648 4167 simile
671 4111 829 4184 perfectum
847 4111 1006 4183 Hesychius
1029 4109 1147 4165 exhibet
1162 4103 1276 4181 Ἐορται

157 4201 234 4264 ἔδοξε
249 4206 394 4275 κρέμαται,
407 4200 486 4272 cujus
498 4200 588 4254 altera
599 4196 793 4269 interpretatio
807 4197 938 4269 congruit
950 4215 1013 4254 oum
1025 4192 1116 4271 ἄωρτο
1129 4195 1279 4270 ἔκρέμιιιο,

156 4286 247 4342 alters
264 4305 327 4343 oum
343 4283 439 4362 ιῖρηρτ.
