2736 4778
126 324 204 397 432
474 316 795 387 DISSRR'I'ATIO
822 316 889 385 111.

131 512 247 581 eodem
263 510 338 578 loco
356 519 515 577 oensetm.
557 505 812 594 Diphthongum
823 492 879 586 Ϊιῖ,
899 526 985 592 quoe
1000 526 1021 570 n
1036 502 1254 575 similitudine

130 612 286 702 simplicis
306 610 430 678 voculis
452 609 552 695 longe
573 608 680 695 magis
702 607 802 672 distat
821 628 920 693 quom
932 595 982 687 ᾗ,
1006 628 1047 673 ex
1067 605 1254 675 abundanti

129 715 274 781 odditsm
295 734 368 779 esse
388 732 498 797 neque
517 709 673 776 credibile
694 718 888 795 estusque,
917 717 1075 794 quantum
1095 708 1255 796 equidem

128 816 269 904 reperio,
286 823 432 881 veterum
454 810 627 898 quisquam
647 810 683 875 in
704 809 847 876 animum
868 810 999 877 induxit
1019 810 1168 879 credere.

586 1105 700 1174 CAP.
723 1106 789 1174 111.

473 1248 540 1321 Ile
584 1260 671 1322 eto
710 1250 914 1325 cocali.

213 1430 406 1499 Eustnthius
437 1431 516 1511 729,
546 1431 599 1498 28.
633 1426 652 1498 ὃ
686 1426 782 1518 προλν
816 1430 873 1497 καὶ
905 1424 1024 1516 ποιμήν
1054 1426 1190 1515 λέγεται
1219 1430 1255 1499 ds

129 1535 330 1621 πλεονασμῷ
347 1527 430 1612 ἴσως
451 1536 512 1600 τοῦ
530 1521 572 1621 ἦ
596 1552 680 1618 quoe
701 1531 796 1596 litero
820 1540 960 1618 opponet
984 1529 1083 1597 etium
1100 1529 1139 1595 in
1163 1554 1255 1618 πρή·

129 1630 187 1723 νής
200 1652 325 1718 pronos
342 1642 374 1698 et
387 1630 518 1720 Πρήιοι
535 1632 699 1719 πρότερον
716 1634 799 1699 Hes.
818 1632 972 1718 vicesque
991 1653 1068 1698 suos
1087 1640 1256 1720 permutnt

130 1758 198 1801 non
219 1733 325 1799 solum
347 1754 421 1798 cum
441 1731 546 1818 epsilo
570 1727 682 1817 πρειόν
704 1734 763 1798 sed
786 1733 883 1800 etism
901 1755 975 1799 cum
992 1732 1063 1799 aliis
1080 1730 1253 1800 voem‘bus

130 1832 228 1919 πρίν,
258 1833 364 1922 prior,
393 1830 530 1920 πρόμος
555 1832 577 1897 i.
610 1854 643 1916 q.
672 1831 806 1916 πρόμος
818 1837 861 1920 ¹).
910 1836 1006 1900 Haec
1028 1833 1115 1900 enim
1141 1834 1254 1902 omnis

130 1958 204 2004 oum
223 1933 468 2024 praepositione
493 1929 561 2021 πρό
589 1931 766 1998 cohaerent
791 1958 875 2022 quoe
898 1934 1061 2000 interdum
1083 1934 1184 2001 etium
1203 1934 1252 2001 sl·

128 2036 248 2104 finibus
270 2036 423 2121 adjuncto
440 2044 491 2100 est
512 2029 701 2122 προπρεών,
725 2031 936 2125 προποήνής,
956 2036 1140 2123 eodemque
1156 2036 1251 2125 origo

128 2139 297 2205 nominum
323 2132 419 2223 πρών
447 2145 479 2201 et
507 2132 625 2222 πρηών
656 2157 795 2220 quorum
821 2148 972 2203 neutrum
1004 2148 1060 2203 out
1089 2148 1253 2205 curtntrrm

129 2250 186 2306 out
207 2239 380 2304 adauctum
402 2235 467 2301 dici
494 2244 613 2323 potest,
658 2234 727 2305 Sed
756 2234 927 2324 σκηνίπτω
955 2261 995 2305 ex
1021 2238 1171 2307 σκνίπτω
1190 2262 1251 2307 ιιι·

129 2350 197 2407 tum
222 2360 295 2406 esso
315 2357 411 2403 nemo
433 2335 616 2423 negaverit3
649 2335 746 2422 hujus
774 2349 882 2403 autem
903 2340 1101 2427 primitivum
1121 2340 1253 2409 videtin

130 2438 235 2529 σκνιίμ
256 2433 441 2522 οἰνο“κνίψ,
470 2436 589 2521 quibus
616 2436 713 2503 affine
736 2437 873 2504 verbum
892 2445 1036 2506 Κνιπεῖν
1059 2440 1137 2524 (sio)
1161 2441 1252 2521 ξύειν

127 2541 211 2604 Hes.
247 2541 312 2605 Ets
336 2535 495 2623 syllabam
520 2537 697 2602 secundom
719 2538 839 2603 invasit
860 2539 888 2606 si
911 2563 1023 2605 verum
1045 2540 1126 2607 dicit
1136 2540 1251 2610 Schol.

129 2640 200 2708 Od.
225 2640 286 2707 IV.
308 2639 382 2704 231.
406 2648 439 2703 et
457 2638 537 2703 ΕΜ.
561 2637 634 2716 657,
656 2638 708 2704 43.
731 2636 844 2706 παιών
865 2634 883 2706 ὃ
904 2637 1021 2707 παύων
1048 2641 1110 2719 τὰς
1129 2638 1252 2723 νόσους

128 2739 186 2806 καὶ
215 2741 418 2826 πλεονασμῷ
448 2725 558 2825 wip
587 2737 737 2826 παιήων,
772 2739 831 2804 sed
850 2738 914 2806 hoc
937 2751 1040 2806 totum
1062 2742 1188 2829 pendet
1210 2764 1252 2809 ex

128 2850 252 2925 etymo,
286 2838 377 2925 quod
409 2838 574 2904 nescimus
606 2837 686 2924 quid
718 2839 889 2926 significet.
949 2841 1138 2909 Clarissimo
1170 2865 1251 2910 vero

127 2938 310 3029 pleonasmi
328 2939 468 3026 vestigio
485 2950 597 3005 extant
612 2940 647 3005 in
668 2938 837 3007 derivatis:
859 2937 1073 3027 πλεονασμός
1094 2940 1166 3010 ἔστι
1188 2948 1250 3012 τοῦ

126 3031 202 3132 {pir
219 3038 304 3130 μέσῃ
326 3038 413 3120 λέξει
430 3040 469 3106 τὸ
487 3039 671 3130 πολεμήια,
695 3036 870 3128 πολιήτης,
894 3040 1066 3131 μινθιήσης
1087 3043 1249 3130 Apollon.

127 3141 223 3227 Conj.
235 3141 309 3206 524.
343 3139 429 3206 Cum
447 3141 552 3228 primo
570 3142 680 3229 Epim.
696 3142 724 3207 Ι.
745 3141 819 3207 298.
841 3163 957 3228 porum
980 3153 1056 3229 apte
1078 3146 1251 3231 componit

125 3242 258 3329 γαιήιος
285 3236 355 3308 ἀπὸ
386 3243 447 3307 τοῦ
470 3248 549 3326 γαῖα
572 3242 681 3327 γαλιος
703 3241 738 3309 ἐν
759 3243 963 3330 πλεονασμῷ
984 3243 1030 3321 ὡς
1050 3240 1248 3331 πολεμήιος,

124 3343 211 3409 Nom
231 3352 269 3406 ut
287 3339 328 3405 ab
352 3332 428 3407 Alo
450 3342 667 3427 proficiscitur
682 3339 825 3421 Αἶαῖος,
846 3341 894 3406 sic
912 3350 1026 3426 αμαῖα
1045 3342 1248 3430 probabilius

124 3444 258 3529 fingitur
279 3440 504 3528 possessivum
522 3447 656 3528 γαιαῖος
676 3442 729 3507 vel
751 3442 842 3526 quod
865 3442 984 3509 Suidns
1012 3443 1151 3531 praebet
1171 3444 1249 3531 yol-

126 3566 210 3621 ειος,
232 3554 406 3626 utrumque
429 3553 537 3608 sutem
558 3542 592 3606 in
615 3539 746 3631 γαιήιος
768 3543 901 3610 dissolvi
924 3545 1049 3631 potuit,
1071 3568 1135 3611 nec
1152 3546 1250 3629 lncile

125 3642 280 3708 decernas
302 3643 394 3708 unde
416 3643 557 3731 μαιήιος
579 3653 612 3708 et
635 3638 787 3730 Μαιήιος
810 3644 943 3709 diducto
964 3646 1029 3711 sint
1046 3669 1086 3711 ex
1106 3654 1251 3732 μαιαῖος

124 3767 165 3810 cn
185 3740 340 3828 μαίειος,
363 3765 501 3829 quorum
521 3754 673 3810 neutrum
694 3742 729 3808 in
749 3766 811 3809 usu
834 3757 893 3811 est.
938 3746 995 3814 Sic
1017 3748 1113 3812 etium
1136 3744 1251 3835 οἰήιον

122 3842 315 3913 credibilius
346 3852 396 3909 est
421 3842 463 3908 ob
495 3839 598 3911 ολειον
630 3844 791 3932 originem
811 3843 932 3912 habers
954 3870 1052 3936 quam
1076 3847 1118 3914 ob
1140 3870 1250 3935 seque

195 4082 224 4150 l)
243 4077 328 4156 llpoir
346 4099 382 4136 ex
401 4073 499 4155 πρηιλν
518 4087 693 4136 contractum
714 4098 777 4136 esse
794 4081 982 4138 Buttmannns
1000 4083 1125 4138 Grsmm.
1138 4081 1161 4138 1.
1182 4084 1247 4139 2³³.

127 4165 264 4237 colligite
276 4165 437 4238 borytonesi
450 4165 568 4236 genitivi
580 4171 702 4240 πρῶνας,
716 4167 768 4221 sed
785 4167 859 4221 hunc
877 4173 957 4222 recte
975 4168 1052 4224 uouit
1064 4167 1194 4225 Siebelis.
1207 4170 1246 4223 nd

124 4246 207 4303 Pauo.
221 4251 258 4304 11.
270 4253 312 4316 35,
325 4251 350 4306 3.
370 4253 532 4307 auctoribus
550 4248 755 4305 Grammaticis.
