2736 4778
139 326 203 393 DE
223 325 490 395 PROSTHESI
511 324 573 394 ET
596 320 858 394 APHAERESI.
881 324 921 394 C.
938 321 984 393 11.
1006 327 1074 414 §.2
1123 331 1171 404 53

60 510 163 577 babet
183 512 381 600 proprieque
401 513 511 577 lusum
531 511 729 577 calculorum
749 513 910 599 significat
930 512 997 580 sive
1015 511 1173 600 puerilem

61 613 131 679 sive
165 615 373 693 aleatorium,
407 635 467 701 pro
500 612 672 701 aphaeresi
704 614 850 680 succedit
879 612 1073 700 prosthesis,
1108 635 1174 699 qna

61 713 175 797 ἐχθές,
199 715 324 793 ἐκεῖνος
347 725 443 780 aucta
466 714 624 782 videntur.
667 715 877 791 Ademtionis
899 736 975 782 vero
998 715 1173 782 documen·

61 826 130 882 tum
147 817 367 883 firmissimum
384 815 517 904 praebet
534 818 696 906 γρήγορος
718 830 750 884 et
771 822 954 905 γρηγορεῖν,
970 834 1054 902 quae
1067 815 1172 901 Apol-

60 915 171 983 lonius
184 940 252 983 non
266 910 437 1003 ignoravit,
450 918 576 1005 opinor,
591 919 651 985 sed
666 930 802 1007 propter
815 917 993 984 novitatem
1008 907 1176 983 auctorum

59 1019 219 1105 neglexit,
244 1031 276 1085 et
296 1019 475 1106 composita
496 1014 687 1106 ὀξυρεγμία,
710 1018 1032 1107 ιιρομμιιοξορεγμία,
1056 1015 1175 1104 quibus

61 1121 261 1186 conveniunt
276 1121 376 1186 latina
392 1133 482 1189 ructo
500 1130 533 1186 et
549 1142 653 1197 ructo,
672 1133 769 1207 atque
787 1121 987 1187 neotericum
1002 1116 1175 1209 ρεὗγομαι,

59 1222 155 1307 quod
173 1245 234 1309 per
250 1245 285 1288 se
303 1220 384 1287 nihil
403 1222 559 1288 momenti
580 1222 716 1300 laceret3
738 1246 813 1289 nam
825 1222 944 1290 Graeci
965 1218 1175 1288 semibarbari

59 1344 136 1388 cnm
165 1323 244 1388 alias
273 1326 404 1390 vocales
433 1324 613 1410 compendi
644 1324 788 1390 lecerunt
819 1335 889 1390 tum
919 1323 1016 1391 etiam
1047 1321 1175 1410 epsilon

58 1421 197 1509 λάμνειν
218 1424 363 1491 dicentes
386 1448 448 1512 pro
471 1422 627 1504 ἐλαύνειν,
650 1425 822 1515 ῥημάζειν,
846 1426 965 1516 ρωτᾷν,
990 1423 1090 1514 ῥίφος
1112 1446 1172 1511 pro

60 1522 196 1613 ἔριφος,
225 1523 371 1609 οπερνός
396 1548 458 1612 pro
487 1521 677 1612 ἑοπερινός,
707 1526 814 1614 σχαρά
836 1547 897 1612 pro
921 1522 1044 1613 ἐσχάρα
1058 1525 1090 1609 ο)
1115 1525 1175 1590 sed

59 1623 244 1714 ῥεύγιοθαι
271 1637 304 1692 et
332 1640 458 1695 ructare
488 1627 516 1692 si
545 1628 589 1693 ad
616 1638 751 1693 naturae
779 1628 946 1693 veritatem
973 1648 1174 1706 revocamus,

59 1749 252 1813 germanam
281 1727 432 1794 vocabuli
462 1729 605 1816 speciem
633 1728 752 1795 relerre
781 1729 944 1807 videntur,
975 1726 1175 1814 ἔρεύγεοθαι

58 1828 304 1915 pleonastioam.
348 1830 515 1895 Novitium
536 1827 672 1919 ρούοιος
692 1852 804 1899 rursm
833 1830 1016 1898 indubitate
1040 1852 1082 1896 ex
1100 1828 1174 1916 ἔρο·

58 1927 147 2018 epos
168 1952 359 1996 conversum
376 1942 425 1997 est
443 1931 551 1997 demto
572 1932 693 2019 epsilo;
712 1932 771 1998 sed
789 1932 817 1997 si
836 1932 912 1998 huie
927 1931 1063 1997 latinum
1080 1933 1176 1996 nster

60 2043 95 2097 et
114 2031 350 2097 substantivum
372 2030 473 2121 ῥόδον
494 2031 702 2110 adhibemus,
730 2055 841 2097 rursus
863 2032 972 2117 gliscit
993 2030 1175 2118 pleonasmi

60 2133 217 2220 suspicio.
259 2134 290 2198 E
313 2132 474 2198 contrario
490 2132 669 2199 Salmasius
687 2132 844 2199 Exercitt.
858 2131 945 2197 Plin.
959 2132 1033 2197 201.
1055 2144 1175 2196 nomen

59 2237 148 2302 lutra
169 2257 211 2301 ex
233 2256 352 2320 graeco
374 2230 504 2317 ἔνυδρος
524 2244 636 2300 natum
655 2242 765 2322 putat;
788 2232 842 2297 alii
864 2231 1014 2323 ἐλαφρός
1034 2247 1067 2298 et
1088 2233 1173 2308 leole,

59 2331 179 2405 ἑκατόν
201 2348 233 2401 et
253 2347 375 2403 eentum
396 2345 606 2422 componunt.
649 2336 739 2402 Hinc
763 2335 807 2400 ad
827 2333 882 2399 illa
906 2343 1066 2402 transeam
1089 2354 1174 2419 quae

59 2436 190 2524 epsilon
217 2436 251 2502 in
274 2436 436 2502 deelinatu
461 2435 512 2502 vel
539 2438 732 2504 assumsisse
753 2436 804 2503 vel
827 2435 986 2521 abjecisse
1011 2434 1173 2500 dicuntur.

60 2536 164 2622 Quod
180 2535 371 2604 Eustathius
393 2550 503 2604 narrat
518 2538 592 2617 648,
609 2539 640 2605 5.
662 2538 750 2629 φασί
769 2561 856 2616 τινες
876 2536 915 2604 τὸ
940 2532 1058 2622 ἑκνρός
1079 2537 1175 2618 παρὰ

58 2639 97 2706 τὸ
119 2644 221 2728 κῦρος
241 2637 397 2724 γενέσθαι
417 2639 501 2707 κατὰ
519 2640 740 2722 πλεονασμὸν,
758 2639 811 2707 διὸ
830 2637 886 2705 καὶ
904 2639 1097 2724 ψιλοῦσθαι
1109 2636 1173 2722 ¹⁰),

57 2763 185 2807 merum
206 2739 368 2805 somnium
390 2750 449 2805 est.
492 2740 673 2827 Aliquanto
696 2739 896 2808 tolerabilius
918 2738 999 2805 illud
1021 2732 1090 2807 ἀπὸ
1112 2741 1175 2805 τοῦ

57 2840 138 2928 brito
161 2836 230 2929 ῥωή
255 2839 310 2907 καὶ
335 2842 536 2930 πλεονασμῷ
560 2841 664 2930 ἐρωή,
694 2838 757 2930 ἀφ’
782 2832 821 2911 οὗ
847 2839 975 2927 ἐριοὲω·
998 2839 1085 2909 οὕτω
1111 2843 1173 2907 Φι-

58 2938 195 3023 λόξενος
217 2941 251 3010 ἐν
272 2946 320 3027 τῷ
343 2940 421 3024 περὶ
440 2939 697 3026 μονοσυλλάβιον
716 2943 834 3010 Orion.
847 2943 899 3021 59,
915 2943 967 3008 20.
983 2951 1016 3008 et
1036 2940 1174 3006 eandem

57 3044 188 3110 literam
219 3043 378 3129 adjectam
411 3053 564 3129 putarunt
597 3043 653 3128 qni
685 3042 883 3110 homericum
915 3034 1001 3123 αἷμα
1032 3036 1174 3126 ἐρωήσει

56 3144 260 3231 interpretati
282 3154 358 3209 sunt
378 3139 538 3231 ῥυήσιται
557 3146 637 3210 ΕΜ.
655 3144 728 3222 381,
748 3147 778 3210 1.
820 3144 868 3209 Hi
887 3142 973 3209 enim
992 3163 1012 3205 a
1032 3139 1097 3225 (δέω
1119 3154 1172 3203 re³

59 3256 180 3334 petunt
198 3256 235 3310 ut
250 3246 468 3311 Buttmannns
487 3255 520 3309 et
539 3245 593 3311 alii
613 3268 643 3311 v.
655 3246 819 3333 Spitzner.
836 3245 880 3311 ad
896 3244 937 3310 11.
948 3239 1087 3308 XXIII.
1098 3239 1172 3316 433.

58 3348 149 3415 unde
173 3345 288 3438 fluuius
312 3344 536 3412 denominatus
556 3347 684 3416 videtur
705 3344 864 3436 Εὐρώτας
883 3347 920 3413 id
941 3355 992 3413 est
1013 3339 1172 3429 εὐρείτης.

129 3589 159 3658 9)
179 3588 225 3644 Sic
244 3586 328 3643 etiam
346 3585 448 3643 medici
466 3592 567 3643 vocant
585 3590 705 3640 enisum
723 3581 860 3648 ulcerum,
882 3574 966 3655 quam
985 3600 1036 3639 noe
1055 3580 1172 3639 dicimm

59 3673 184 3746 Selors,
202 3673 246 3729 cui
263 3670 353 3730 simile
365 3671 446 3745 fingit
458 3671 585 3743 Scaliger
600 3687 702 3742 equora
715 3668 773 3723 sire
787 3685 873 3733 scara,
891 3667 977 3740 idque
989 3668 1080 3742 ipsum
1091 3682 1172 3740 grae·

60 3779 125 3818 cum
144 3777 204 3816 esse
224 3756 336 3833 ἐσχάρα.
371 3760 436 3815 Ηοο
456 3758 582 3829 sequitur
600 3755 787 3813 Schneider-us
804 3757 843 3809 ad
858 3754 975 3810 Aristot.
994 3754 1030 3808 Τ.
1045 3753 1093 3809 IV.
1110 3756 1171 3810 284.

59 3851 113 3904 sed
130 3865 233 3902 nomen
251 3845 407 3900 inauditnm
423 3851 475 3900 est.
507 3840 691 3915 Squarosum
706 3841 805 3896 Festus
822 3846 899 3896 recte
917 3858 935 3895 a
949 3856 1068 3912 sqnsma
1084 3841 1172 3894 (leno-

59 3933 194 3989 minetum
212 3939 294 4004 punt
311 3934 385 3987 unde
404 3930 535 4002 squalor,
552 3927 707 4000 squalidae
724 3934 754 3982 et
768 3925 852 3998 piscis
868 3933 1003 3999 ιριιιιιιιι,
1021 3927 1173 3996 efficatiae,

58 4038 144 4093 quem
156 4017 259 4076 Graeci
274 4019 311 4074 ob
325 4017 505 4090 asperitatem
520 4015 591 4072 cutis
603 4016 684 4090 ῥίνην
695 4012 847 4086 appellant.
880 4013 1009 4068 Eundem
1026 4028 1043 4065 ι
1055 4006 1173 4065 Graecia

58 4101 182 4177 ἐσχάραν
199 4103 246 4158 vel
262 4104 381 4175 ἔσχαρον
399 4110 527 4159 vocatum
546 4119 606 4157 essa
623 4118 681 4156 non
697 4106 816 4154 constat.

130 4200 174 4265 10)
186 4197 250 4252 Hoc
262 4214 298 4252 ex
311 4214 418 4253 canone
431 4196 480 4253 illo
499 4195 527 4253 rb
540 4184 564 4253 ἶ
576 4189 797 4268 προςιρχόμινον
813 4194 861 4246 καὶ
875 4187 1034 4247 inculator
1045 4190 1174 4261 ψιλοῦιιιι

58 4283 151 4359 Epim.
164 4284 188 4342 Ι.
202 4285 262 4351 250,
274 4286 298 4340 2.
