2736 4778
156 358 207 436 72
522 350 841 422 DISSERTATIO
870 351 899 420 1.

87 540 89 544 '
155 567 212 610 ται
243 536 275 608 si
301 537 362 625 μὲν
384 535 536 626 σημαίνει
558 536 596 605 τὸ
616 536 802 624 μερίζεται,
831 538 956 625 γίνεται
975 532 1045 606 ἄντί)
1069 542 1131 606 τοῦ
1149 538 1269 627 μέρος·

156 640 189 713 si
210 642 249 710 δὲ
270 637 423 728 σημαίνει
444 639 482 708 τό
506 639 685 724 ἐπιθυμεῖ,
707 634 776 707 ἀπὸ
799 643 859 706 τοῦ
879 637 997 727 ἰ’μερος
1024 636 1187 725 ἱμείρεται
1215 640 1272 708 καί

155 738 230 839 κατ’
260 739 440 832 ἀφαίρεσιν
466 739 628 830 μείρεται.
675 740 785 826 Hujus
811 750 974 806 auctorem
999 763 1100 806 unum
1120 741 1270 807 novimus

155 844 356 912 Nicandrum
377 842 443 908 Th.
466 843 541 909 400.
559 842 758 927 βασιλίσκου
775 839 869 930 ίυγὴν
887 838 926 909 cir
943 841 1102 926 μίμνουσι
1118 839 1272 908 κνώδαλα

156 940 208 1015 δι’
234 939 455 1032 detonderis*
477 943 535 1012 καί
560 938 752 1030 ότρόρθμοῖο
773 942 954 1027 μείρονται,
977 943 1068 1027 quod
1090 965 1157 1008 non
1178 943 1272 1008 aliter

150 1044 263 1135 'accipi
284 1055 395 1132 potest
417 1067 516 1130 quam
536 1054 573 1109 ut
594 1042 778 1111 Scholiasta
800 1043 895 1121 dicit,
916 1040 1156 1131 incipoawss).
1199 1045 1271 1113 Vo-

157 1146 244 1215 esles
267 1156 376 1211 autem
393 1147 510 1232 longas
528 1145 630 1212 deteri
652 1155 717 1210 tam
733 1154 847 1211 contra
861 1154 1010 1209 naturam
1027 1156 1086 1224 est,
1108 1154 1146 1210 ut
1165 1169 1271 1235 paene

156 1248 288 1316 credam
314 1247 512 1335 primitivum
543 1247 644 1312 fuisse
673 1242 800 1334 ἇμείρω
830 1267 902 1313 cmo
929 1247 980 1311 vel
1010 1245 1148 1337 όμείριο,
1181 1249 1271 1333 quod

157 1347 254 1417 codd.
285 1348 400 1437 optimi
429 1348 472 1414 N.
502 1347 542 1414 T.
572 1345 740 1436 praebent.
794 1347 944 1414 Alterum
971 1347 1064 1413 affert
1092 1348 1202 1416 Schol.
1230 1349 1270 1416 Il.

156 1450 204 1519 X.
227 1449 300 1518 335.
324 1449 436 1537 arsita
460 1445 532 1516 κατ’
557 1445 753 1538 ἀφαίρεσιν·
783 1446 867 1526 istic
898 1445 961 1536 γάρ
984 1448 1113 1515 ἔστιτὸ
1137 1447 1272 1537 πρωτό-

157 1576 273 1630 τνττον,
295 1550 386 1638 quod
407 1560 519 1616 eontra
537 1551 601 1616 diei
619 1561 729 1638 potest
746 1550 945 1636 cogitatione
967 1549 1181 1615 antecessisse
1202 1549 1272 1629 κτίς

158 1653 228 1732 sed,
260 1652 338 1739 quia
368 1651 595 1737 monosyllaba
625 1651 812 1736 hujusmodi
842 1652 1074 1739 repudiantur,
1116 1652 1271 1718 continuo

158 1765 289 1823 auctum
318 1776 391 1820 esse
417 1754 511 1819 litera
544 1775 627 1839 quae
656 1753 786 1840 longius
808 1754 978 1842 productis
997 1776 1108 1818 rursus
1132 1754 1274 1821 decessit

158 1879 189 1924 v.
215 1855 336 1922 Pcrall.
365 1855 416 1921 84.
468 1855 525 1923 sio
554 1853 651 1920 etism
676 1851 747 1934 ίξός
769 1854 833 1920 dici
855 1878 915 1942 pro
937 1845 992 1934 ξῢς
1015 1853 1092 1923 iusi
1114 1855 1202 1922 ἔστιν
1218 1852 1273 1924 ἆν-

157 1957 318 2045 sponoe
343 1953 442 2036 ξόσαι
468 1951 570 2043 αὐτήν
594 1956 688 2023 Eust
720 1956 816 2035 1531,
846 1957 878 2022 4.
904 1957 1041 2022 fortasse
1061 1956 1272 2022 Herodianus

157 2057 231 2148 ipse
256 2058 395 2126 credidit
414 2081 445 2124 v.
466 2056 585 2123 Lehrs.
604 2082 638 2145 p.
662 2058 733 2123 104.
757 2057 809 2124 eui
827 2058 928 2124 multo
947 2057 1096 2123 stolidior
1113 2059 1273 2123 sententia

159 2160 310 2227 tribuitur
330 2160 366 2225 in
387 2157 476 2226 Gud.
498 2158 572 2236 350,
597 2160 649 2226 34.
679 2159 774 2246 παρὰ
800 2161 837 2227 τὸ
860 2159 923 2227 ἵκω
947 2156 1073 2238 ίκτίλος
1095 2158 1152 2226 καί
1170 2155 1273 2246 ότφαι-

159 2260 251 2347 ρέσει
275 2259 394 2338 κτίλος.
420 2255 630 2345 Ἡρωδιανὸς
652 2261 730 2345 περὶ
751 2266 885 2328 παθῶν.
921 2261 1096 2326 Minimum
1117 2261 1272 2347 ponderis

159 2359 260 2428 habet
283 2360 364 2428 ΕΜ.
391 2357 466 2436 464,
492 2359 546 2424 43.
583 2355 660 2444 ίβυξ
682 2354 771 2439 είόος
799 2355 916 2449 ὀρνέου
943 2367 1136 2450 κρακτικοῦ,
1170 2361 1208 2442 ἐξ
1233 2353 1272 2430 οὗ

151 2455 282 2547 Ἴβυκος
303 2461 418 2549 κόριον
442 2458 498 2526 καί
522 2456 721 2547 ίβυκηνίσαι,
745 2460 834 2548 ὅπερ
860 2462 945 2530 κατὰ
965 2463 1161 2550 μεταφορὰν
1184 2464 1272 2548 λέγε·

159 2588 216 2631 ται
243 2559 454 2649 βουκηνίσαι,
484 2584 544 2648 pro
574 2583 639 2647 quo
660 2560 835 2646 βυκινίσαι
864 2575 897 2628 et
918 2565 1151 2652 παραφθορὰν
1174 2587 1273 2652 repo·

159 2665 304 2732 nendum
325 2673 376 2731 est
399 2686 441 2730 ex
460 2664 555 2731 Eust.
577 2663 670 2741 1321,
692 2664 745 2730 34.
773 2663 810 2731 ἐκ
830 2670 892 2732 τοῦ
910 2659 1040 2747 Ἴβυκος
1067 2666 1274 2754 παραφθείρ-

160 2772 226 2834 θαι
248 2766 341 2831 δοκεῖ
362 2768 433 2843 τοῖς
454 2769 613 2847 τεχνικοῖς
637 2762 675 2830 τὸ
696 2765 881 2848 βυκινίζειν.
925 2767 982 2835 Sic
1007 2766 1092 2831 enim
1122 2776 1155 2832 et
1171 2772 1273 2850 βυκα-

160 2866 260 2949 νίζτιν
289 2864 408 2932 Graeci
436 2864 626 2953 posterioris
657 2866 772 2931 aetatis
802 2867 914 2933 dicunt
941 2868 1076 2932 latinum
1108 2871 1273 2935 buccinare

160 2967 336 3035 reddentes
358 2976 391 3031 et
409 2964 535 3053 βυκόνρ
556 2990 617 3054 pro
639 2965 778 3034 buccina
801 2968 891 3054 quod
915 2991 935 3033 a
952 2968 1055 3034 bucca
1072 2968 1204 3034 ductum
1224 2981 1275 3035 est

162 3081 195 3138 et
226 3079 399 3156 utrumque
425 3092 445 3134 a
469 3064 540 3152 βίω
565 3068 653 3134 unde
680 3067 803 3158 βόκτρς
824 3065 843 3135 d
868 3067 1018 3156 pcoprp'g
1039 3071 1149 3157 Epim.
1170 3070 1197 3136 Ι.
1220 3071 1272 3136 38.

39 3192 42 3197 ’
162 3181 195 3240 et
214 3174 498 3239 instrumentorum
518 3171 731 3249 musicorum,
761 3193 846 3257 quae
867 3168 1020 3234 inflantur
1040 3194 1161 3237 nomen
1183 3194 1273 3237 eom-

161 3296 258 3341 mune
287 3269 480 3362 properiore
509 3280 542 3335 et
561 3269 737 3353 βόμβυκες.
787 3272 855 3338 Sed
873 3271 967 3357 Ibyci
989 3295 1125 3352 nomen,
1151 3273 1178 3338 si
1198 3296 1274 3339 vere

162 3396 316 3462 graecum
337 3381 396 3450 est,
417 3371 737 3457 onomatopoeticum
756 3370 923 3439 videtura
946 3372 1045 3441 verbo
1069 3371 1159 3457 ίΰζιο,
1181 3378 1274 3462 cujus

232 3624 263 3693 3)
276 3623 362 3689 Quod
374 3625 411 3679 ad
423 3625 479 3680 Od.
492 3621 583 3678 XVII.
597 3624 655 3677 518.
676 3618 852 3686 ἀοιδός-ὅττι
871 3628 946 3681 θεῶν
957 3624 986 3688 ἓξ
1000 3623 1078 3702 ίιείόρ
1090 3623 1195 3689 deducit
1212 3627 1271 3682 ἔντε’

163 3705 310 3782 ἱμερόεντα
322 3709 351 3763 in
363 3709 440 3764 Harl
459 3707 628 3780 adscriptum
643 3717 687 3764 cst
699 3704 786 3782 γρόφ.
806 3708 995 3784 ἐπιμερόεντα,
1014 3712 1163 3785 dupliciter
1183 3712 1274 3785 accipi

162 3801 257 3869 potest
273 3793 320 3848 vel
332 3794 399 3850 ἔπεα
410 3791 545 3867 μερόενεα
556 3811 573 3848 ιι
586 3800 665 3849 recto
673 3790 809 3865 μερόειςί.
821 3815 848 3867 q.
865 3794 984 3869 ἱμερόεις
994 3798 1040 3852 vel
1049 3796 1106 3853 ἔπε’
1122 3795 1276 3870 ἠμορόεντα

163 3881 221 3938 sive
239 3877 394 3954 ἀμορόεντα
414 3878 445 3933 id
463 3887 506 3934 est
523 3874 612 3953 μόρου
631 3877 670 3949 μὴ
693 3884 845 3950 μετέχοντα
863 3882 999 3952 Apollon.
1020 3884 1089 3939 Lex.
1110 3903 1166 3939 ano
1185 3886 1274 3940 verbo

163 3963 290 4043 ἄμβροτα
309 3976 339 4022 ut
357 3965 512 4038 Sophocles
530 3965 597 4020 Aut.
617 3967 692 4019 titt.
713 3965 765 4034 ἔντη
784 3959 918 4038 ἄμβροτα.
949 3966 1004 4029 Qui
1022 3968 1050 4022 iu
1068 3970 1102 4023 11.
1120 3969 1197 4024 XIV.
1216 3971 1274 4025 183.

163 4068 216 4124 pro
235 4057 366 4124 τρίγληνα
382 4048 520 4126 μορόεντα
542 4049 714 4123 scripserunt
734 4049 868 4120 τρίγλην’,
889 4046 1059 4124 όμορόεντα,
1078 4053 1144 4108 huic
1157 4058 1275 4111 eandem

164 4135 395 4207 significationem
415 4136 570 4210 incorrupti
589 4134 722 4191 tribuisse
746 4135 877 4191 videntur
899 4136 1070 4194 homericum
1094 4144 1192 4214 εἵματα
1218 4136 1276 4214 rip-

163 4229 249 4297 βροτα
266 4232 431 4294 spectantes.
452 4219 593 4300 Ἀμορόεις
612 4219 655 4276 illi
671 4221 706 4275 ab
724 4213 831 4294 ἅμαρτε
848 4219 1002 4279 derivatum
1019 4242 1081 4280 esse
1094 4225 1275 4283 crediderunt

164 4315 195 4364 ut
206 4304 331 4378 ἁκυρόεις
344 4310 379 4366 ab
392 4304 494 4387 ἄκυρος
506 4317 561 4366 ete.
574 4326 600 4362 r.
614 4306 646 4363 C.
662 4304 714 4361 III.
728 4306 753 4376 5.
766 4306 791 4361 3.
803 4306 851 4365 dn·

819 4432 861 4529 ‚⁵:³¹
