<?xml version="1.0" encoding="UTF-8"?>
<!DOCTYPE html PUBLIC "-//W3C//DTD XHTML 1.0 Transitional//EN"
    "http://www.w3.org/TR/xhtml1/DTD/xhtml1-transitional.dtd">
<html xmlns="http://www.w3.org/1999/xhtml" xml:lang="en" lang="en">
 <head>
  <title>
</title>
<meta http-equiv="Content-Type" content="text/html;charset=utf-8" />
  <meta name='ocr-system' content='tesseract 3.04.00' />
  <meta name='ocr-capabilities' content='ocr_page ocr_carea ocr_par ocr_line ocrx_word'/>
</head>
<body>
  <div class='ocr_page' id='page_1' title='image "./pathologiaegrae00lobegoog_0840.png"; bbox 0 0 2736 4778; ppageno 0'>
   <div class='ocr_carea' id='block_1_1' title="bbox 138 315 985 388">
    <p class='ocr_par' dir='ltr' id='par_1_1' title="bbox 138 315 985 388">
     <span class='ocr_line' id='line_1_1' title="bbox 138 315 985 388; baseline 0.002 -2"><span class='ocrx_word' id='word_1_1' title='bbox 138 319 199 386; x_wconf 83' lang='grc'>108</span> <span class='ocrx_word' id='word_1_2' title='bbox 515 315 793 385; x_wconf 82' lang='lat' dir='ltr'>DISSERTATIO</span> <span class='ocrx_word' id='word_1_3' title='bbox 814 317 886 386; x_wconf 84' lang='lat' dir='ltr'><strong>VII.</strong></span> <span class='ocrx_word' id='word_1_4' title='bbox 980 378 985 388; x_wconf 89' lang='grc'>,</span> 
     </span>
    </p>
   </div>
   <div class='ocr_carea' id='block_1_2' title="bbox 133 474 1271 1393">
    <p class='ocr_par' dir='ltr' id='par_1_2' title="bbox 135 474 1271 671">
     <span class='ocr_line' id='line_1_2' title="bbox 135 474 1271 572; baseline 0.002 -23"><span class='ocrx_word' id='word_1_5' title='bbox 135 481 257 572; x_wconf 82' lang='grc' dir='ltr'><strong><em>ια’μῃπ</em></strong></span> <span class='ocrx_word' id='word_1_6' title='bbox 279 488 338 549; x_wconf 87' lang='lat' dir='ltr'>ete.</span> <span class='ocrx_word' id='word_1_7' title='bbox 360 482 406 548; x_wconf 95' lang='lat' dir='ltr'>illi</span> <span class='ocrx_word' id='word_1_8' title='bbox 421 481 605 565; x_wconf 84' lang='lat' dir='ltr'>praeferunt</span> <span class='ocrx_word' id='word_1_9' title='bbox 620 483 828 550; x_wconf 86' lang='lat' dir='ltr'>masculinum</span> <span class='ocrx_word' id='word_1_10' title='bbox 851 474 877 550; x_wconf 82' lang='grc' dir='ltr'><strong><em>ὦ</em></strong></span> <span class='ocrx_word' id='word_1_11' title='bbox 900 484 1079 572; x_wconf 78' lang='grc' dir='ltr'><strong><em>δολομῆια,</em></strong></span> <span class='ocrx_word' id='word_1_12' title='bbox 1103 503 1137 550; x_wconf 88' lang='lat' dir='ltr'>v.</span> <span class='ocrx_word' id='word_1_13' title='bbox 1151 482 1271 551; x_wconf 80' lang='lat' dir='ltr'>Perali</span> 
     </span>
     <span class='ocr_line' id='line_1_3' title="bbox 137 580 1009 671; baseline 0.001 -19"><span class='ocrx_word' id='word_1_14' title='bbox 137 580 209 668; x_wconf 88' lang='grc'>240,</span> <span class='ocrx_word' id='word_1_15' title='bbox 232 592 327 669; x_wconf 84' lang='lat' dir='ltr'>atque</span> <span class='ocrx_word' id='word_1_16' title='bbox 348 586 428 652; x_wconf 86' lang='lat' dir='ltr'>hoec</span> <span class='ocrx_word' id='word_1_17' title='bbox 449 587 629 654; x_wconf 88' lang='lat' dir='ltr'>terminatio</span> <span class='ocrx_word' id='word_1_18' title='bbox 651 588 855 671; x_wconf 80' lang='lat' dir='ltr'>principalior</span> <span class='ocrx_word' id='word_1_19' title='bbox 875 587 1009 653; x_wconf 87' lang='lat' dir='ltr'>videtur.</span> 
     </span>
    </p>

    <p class='ocr_par' dir='ltr' id='par_1_3' title="bbox 133 688 1270 1393">
     <span class='ocr_line' id='line_1_4' title="bbox 223 688 1270 775; baseline 0.001 -20"><span class='ocrx_word' id='word_1_20' title='bbox 223 691 250 775; x_wconf 63' lang='grc'>8.</span> <span class='ocrx_word' id='word_1_21' title='bbox 274 690 302 755; x_wconf 91' lang='grc'>3.</span> <span class='ocrx_word' id='word_1_22' title='bbox 345 689 569 756; x_wconf 80' lang='lat' dir='ltr'><strong>Verborum</strong></span> <span class='ocrx_word' id='word_1_23' title='bbox 603 691 715 756; x_wconf 90' lang='lat' dir='ltr'>modus</span> <span class='ocrx_word' id='word_1_24' title='bbox 748 691 888 757; x_wconf 88' lang='lat' dir='ltr'>directus</span> <span class='ocrx_word' id='word_1_25' title='bbox 920 689 998 756; x_wconf 89' lang='lat' dir='ltr'>nihil</span> <span class='ocrx_word' id='word_1_26' title='bbox 1030 688 1146 770; x_wconf 80' lang='lat' dir='ltr'>hebet,</span> <span class='ocrx_word' id='word_1_27' title='bbox 1183 689 1270 772; x_wconf 86' lang='lat' dir='ltr'>quod</span> 
     </span>
     <span class='ocr_line' id='line_1_5' title="bbox 136 786 1269 880; baseline -0.002 -20"><span class='ocrx_word' id='word_1_28' title='bbox 136 794 345 876; x_wconf 82' lang='lat' dir='ltr'>suspicionem</span> <span class='ocrx_word' id='word_1_29' title='bbox 356 791 714 863; x_wconf 87' lang='lat' dir='ltr'>Hermauniconfirmet.</span> <span class='ocrx_word' id='word_1_30' title='bbox 750 795 833 863; x_wconf 88' lang='lat' dir='ltr'>Nam</span> <span class='ocrx_word' id='word_1_31' title='bbox 844 811 997 876; x_wconf 88' lang='lat' dir='ltr'>personae</span> <span class='ocrx_word' id='word_1_32' title='bbox 1008 794 1127 858; x_wconf 88' lang='lat' dir='ltr'>tertiae</span> <span class='ocrx_word' id='word_1_33' title='bbox 1141 786 1269 880; x_wconf 78' lang='grc' dir='ltr'><strong><em>ἤσκειν,</em></strong></span> 
     </span>
     <span class='ocr_line' id='line_1_6' title="bbox 136 893 1267 984; baseline -0.003 -20"><span class='ocrx_word' id='word_1_34' title='bbox 136 893 284 984; x_wconf 79' lang='grc' dir='ltr'><strong><em>ἑσιήκειν</em></strong></span> <span class='ocrx_word' id='word_1_35' title='bbox 306 901 364 963; x_wconf 90' lang='lat' dir='ltr'>etc.</span> <span class='ocrx_word' id='word_1_36' title='bbox 387 915 450 962; x_wconf 91' lang='lat' dir='ltr'>non</span> <span class='ocrx_word' id='word_1_37' title='bbox 471 896 620 980; x_wconf 81' lang='lat' dir='ltr'>legumtur</span> <span class='ocrx_word' id='word_1_38' title='bbox 641 898 702 962; x_wconf 91' lang='lat' dir='ltr'>nisi</span> <span class='ocrx_word' id='word_1_39' title='bbox 723 898 755 963; x_wconf 93' lang='lat' dir='ltr'>in</span> <span class='ocrx_word' id='word_1_40' title='bbox 777 903 990 982; x_wconf 87' lang='lat' dir='ltr'>parteversus</span> <span class='ocrx_word' id='word_1_41' title='bbox 1011 896 1129 978; x_wconf 85' lang='lat' dir='ltr'>priore,</span> <span class='ocrx_word' id='word_1_42' title='bbox 1154 907 1192 962; x_wconf 80' lang='lat' dir='ltr'>in</span> <span class='ocrx_word' id='word_1_43' title='bbox 1214 915 1267 962; x_wconf 84' lang='lat' dir='ltr'>ex-</span> 
     </span>
     <span class='ocr_line' id='line_1_7' title="bbox 133 990 1265 1089; baseline -0.001 -23"><span class='ocrx_word' id='word_1_44' title='bbox 133 1001 181 1067; x_wconf 86' lang='lat' dir='ltr'>itu</span> <span class='ocrx_word' id='word_1_45' title='bbox 202 1018 276 1065; x_wconf 85' lang='lat' dir='ltr'>vero</span> <span class='ocrx_word' id='word_1_46' title='bbox 296 990 368 1089; x_wconf 83' lang='grc' dir='ltr'><strong><em>ᾔει,</em></strong></span> <span class='ocrx_word' id='word_1_47' title='bbox 389 992 479 1088; x_wconf 82' lang='grc' dir='ltr'><strong><em>ᾔδει,</em></strong></span> <span class='ocrx_word' id='word_1_48' title='bbox 504 996 667 1082; x_wconf 77' lang='grc' dir='ltr'><strong><em>κεχάνδει,</em></strong></span> <span class='ocrx_word' id='word_1_49' title='bbox 690 997 840 1088; x_wconf 70' lang='grc' dir='ltr'><strong><em>βεβήκει,</em></strong></span> <span class='ocrx_word' id='word_1_50' title='bbox 876 996 1027 1087; x_wconf 75' lang='grc' dir='ltr'><strong><em>γεγήθει,</em></strong></span> <span class='ocrx_word' id='word_1_51' title='bbox 1062 995 1265 1086; x_wconf 74' lang='grc' dir='ltr'><strong><em>εἰληλούθει</em></strong></span> 
     </span>
     <span class='ocr_line' id='line_1_8' title="bbox 135 1090 1267 1186; baseline -0.001 -17"><span class='ocrx_word' id='word_1_52' title='bbox 135 1107 286 1186; x_wconf 89' lang='lat' dir='ltr'>sequente</span> <span class='ocrx_word' id='word_1_53' title='bbox 298 1090 484 1185; x_wconf 87' lang='lat' dir='ltr'>plerumque</span> <span class='ocrx_word' id='word_1_54' title='bbox 507 1102 615 1168; x_wconf 77' lang='lat' dir='ltr'>vocali.</span> <span class='ocrx_word' id='word_1_55' title='bbox 642 1140 677 1150; x_wconf 92' lang='lat'><em>-</em></span> <span class='ocrx_word' id='word_1_56' title='bbox 713 1095 838 1183; x_wconf 71' lang='grc' dir='ltr'><strong><em>Οἶδας</em></strong></span> <span class='ocrx_word' id='word_1_57' title='bbox 864 1122 991 1169; x_wconf 86' lang='lat' dir='ltr'>versum</span> <span class='ocrx_word' id='word_1_58' title='bbox 1014 1101 1138 1169; x_wconf 87' lang='lat' dir='ltr'>claudit</span> <span class='ocrx_word' id='word_1_59' title='bbox 1160 1101 1204 1168; x_wconf 89' lang='lat' dir='ltr'>H.</span> <span class='ocrx_word' id='word_1_60' title='bbox 1226 1101 1267 1168; x_wconf 75' lang='lat' dir='ltr'>n</span> 
     </span>
     <span class='ocr_line' id='line_1_9' title="bbox 134 1202 1267 1288; baseline 0.002 -17"><span class='ocrx_word' id='word_1_61' title='bbox 134 1205 275 1272; x_wconf 85' lang='lat' dir='ltr'>inMerc.</span> <span class='ocrx_word' id='word_1_62' title='bbox 297 1203 370 1286; x_wconf 89' lang='grc'>456,</span> <span class='ocrx_word' id='word_1_63' title='bbox 394 1205 531 1288; x_wconf 80' lang='lat' dir='ltr'>Theogn.</span> <span class='ocrx_word' id='word_1_64' title='bbox 544 1202 617 1286; x_wconf 85' lang='grc'>957,</span> <span class='ocrx_word' id='word_1_65' title='bbox 640 1202 745 1283; x_wconf 83' lang='lat' dir='ltr'>Quint</span> <span class='ocrx_word' id='word_1_66' title='bbox 767 1206 801 1272; x_wconf 91' lang='grc' dir='ltr'>Π</span> <span class='ocrx_word' id='word_1_67' title='bbox 822 1206 872 1288; x_wconf 85' lang='grc'>71,</span> <span class='ocrx_word' id='word_1_68' title='bbox 895 1206 1024 1288; x_wconf 75' lang='grc'>10121,</span> <span class='ocrx_word' id='word_1_69' title='bbox 1048 1204 1106 1271; x_wconf 87' lang='lat' dir='ltr'>sed</span> <span class='ocrx_word' id='word_1_70' title='bbox 1128 1204 1186 1271; x_wconf 88' lang='lat' dir='ltr'>hie</span> <span class='ocrx_word' id='word_1_71' title='bbox 1203 1225 1267 1273; x_wconf 90' lang='lat' dir='ltr'>uon</span> 
     </span>
     <span class='ocr_line' id='line_1_10' title="bbox 134 1298 1267 1393; baseline 0.003 -20"><span class='ocrx_word' id='word_1_72' title='bbox 134 1307 215 1391; x_wconf 85' lang='lat' dir='ltr'>fugit</span> <span class='ocrx_word' id='word_1_73' title='bbox 237 1308 343 1374; x_wconf 88' lang='lat' dir='ltr'>dicere</span> <span class='ocrx_word' id='word_1_74' title='bbox 365 1298 470 1374; x_wconf 78' lang='grc' dir='ltr'><strong><em>οἶσθα</em></strong></span> <span class='ocrx_word' id='word_1_75' title='bbox 487 1306 506 1393; x_wconf 86' lang='grc' dir='ltr'>ΙΙ</span> <span class='ocrx_word' id='word_1_76' title='bbox 528 1298 599 1374; x_wconf 84' lang='grc' dir='ltr'><strong><em>οἷον</em></strong></span> <span class='ocrx_word' id='word_1_77' title='bbox 623 1302 699 1390; x_wconf 72' lang='grc' dir='ltr'><strong><em>ὄχος</em></strong></span> <span class='ocrx_word' id='word_1_78' title='bbox 722 1308 739 1374; x_wconf 96' lang='lat' dir='ltr'>I</span> <span class='ocrx_word' id='word_1_79' title='bbox 761 1307 833 1390; x_wconf 83' lang='grc'>734,</span> <span class='ocrx_word' id='word_1_80' title='bbox 856 1315 889 1377; x_wconf 89' lang='lat' dir='ltr'>et</span> <span class='ocrx_word' id='word_1_81' title='bbox 909 1309 968 1375; x_wconf 93' lang='lat' dir='ltr'>hoc</span> <span class='ocrx_word' id='word_1_82' title='bbox 990 1308 1082 1375; x_wconf 91' lang='lat' dir='ltr'>modo</span> <span class='ocrx_word' id='word_1_83' title='bbox 1098 1309 1267 1376; x_wconf 80' lang='lat' dir='ltr'>Homerus</span> 
     </span>
    </p>
   </div>
   <div class='ocr_carea' id='block_1_3' title="bbox 133 1402 1267 1708">
    <p class='ocr_par' dir='ltr' id='par_1_4' title="bbox 133 1402 1267 1708">
     <span class='ocr_line' id='line_1_11' title="bbox 133 1402 1267 1499; baseline 0.002 -22"><span class='ocrx_word' id='word_1_84' title='bbox 133 1413 201 1494; x_wconf 85' lang='lat' dir='ltr'>ipse</span> <span class='ocrx_word' id='word_1_85' title='bbox 225 1402 339 1478; x_wconf 77' lang='grc' dir='ltr'><strong><em>οἶσθα.</em></strong></span> <span class='ocrx_word' id='word_1_86' title='bbox 365 1409 384 1497; x_wconf 92' lang='grc' dir='ltr'>ΙΙ</span> <span class='ocrx_word' id='word_1_87' title='bbox 421 1411 469 1477; x_wconf 80' lang='grc' dir='ltr'>Οὐ</span> <span class='ocrx_word' id='word_1_88' title='bbox 490 1412 538 1495; x_wconf 82' lang='grc' dir='ltr'>μὰ</span> <span class='ocrx_word' id='word_1_89' title='bbox 561 1408 624 1499; x_wconf 78' lang='grc' dir='ltr'>γὰρ</span> <span class='ocrx_word' id='word_1_90' title='bbox 649 1449 685 1460; x_wconf 91' lang='grc'>-</span> <span class='ocrx_word' id='word_1_91' title='bbox 710 1411 747 1478; x_wconf 91' lang='lat' dir='ltr'>Il.</span> <span class='ocrx_word' id='word_1_92' title='bbox 769 1411 794 1478; x_wconf 87' lang='lat' dir='ltr'>L</span> <span class='ocrx_word' id='word_1_93' title='bbox 816 1412 873 1493; x_wconf 93' lang='grc'>85,</span> <span class='ocrx_word' id='word_1_94' title='bbox 907 1413 958 1479; x_wconf 93' lang='lat' dir='ltr'>cui</span> <span class='ocrx_word' id='word_1_95' title='bbox 984 1411 1156 1478; x_wconf 85' lang='lat' dir='ltr'>nonnullos</span> <span class='ocrx_word' id='word_1_96' title='bbox 1190 1431 1267 1491; x_wconf 59' lang='lat' dir='ltr'>conf</span> 
     </span>
     <span class='ocr_line' id='line_1_12' title="bbox 133 1507 1265 1584; baseline 0.003 -4"><span class='ocrx_word' id='word_1_97' title='bbox 133 1533 243 1581; x_wconf 87' lang='lat' dir='ltr'>sonam</span> <span class='ocrx_word' id='word_1_98' title='bbox 265 1513 403 1580; x_wconf 70' lang='lat' dir='ltr'>affixisse</span> <span class='ocrx_word' id='word_1_99' title='bbox 425 1515 564 1582; x_wconf 84' lang='lat' dir='ltr'>ostendit</span> <span class='ocrx_word' id='word_1_100' title='bbox 585 1515 770 1582; x_wconf 85' lang='lat' dir='ltr'>intercessio</span> <span class='ocrx_word' id='word_1_101' title='bbox 787 1516 883 1582; x_wconf 89' lang='lat' dir='ltr'>schol.</span> <span class='ocrx_word' id='word_1_102' title='bbox 901 1516 938 1581; x_wconf 83' lang='grc' dir='ltr'>Α.</span> <span class='ocrx_word' id='word_1_103' title='bbox 961 1507 1067 1583; x_wconf 77' lang='grc' dir='ltr'><strong><em>οἶσθα</em></strong></span> <span class='ocrx_word' id='word_1_104' title='bbox 1091 1515 1151 1584; x_wconf 78' lang='grc' dir='ltr'><strong><em>διὰ</em></strong></span> <span class='ocrx_word' id='word_1_105' title='bbox 1176 1542 1265 1583; x_wconf 84' lang='grc' dir='ltr'><strong><em>παν-</em></strong></span> 
     </span>
     <span class='ocr_line' id='line_1_13' title="bbox 133 1606 1266 1708; baseline 0.002 -25"><span class='ocrx_word' id='word_1_106' title='bbox 133 1617 190 1697; x_wconf 82' lang='grc' dir='ltr'>τὸς</span> <span class='ocrx_word' id='word_1_107' title='bbox 211 1617 311 1703; x_wconf 76' lang='grc' dir='ltr'><strong><em>χωρὶς</em></strong></span> <span class='ocrx_word' id='word_1_108' title='bbox 333 1623 393 1684; x_wconf 76' lang='grc' dir='ltr'>τοῦ</span> <span class='ocrx_word' id='word_1_109' title='bbox 412 1606 466 1688; x_wconf 49' lang='grc' dir='ltr'>’σε</span> <span class='ocrx_word' id='word_1_110' title='bbox 490 1616 562 1685; x_wconf 78' lang='lat' dir='ltr'>Nec</span> <span class='ocrx_word' id='word_1_111' title='bbox 584 1619 727 1683; x_wconf 76' lang='lat' dir='ltr'>onerum</span> <span class='ocrx_word' id='word_1_112' title='bbox 747 1619 848 1685; x_wconf 67' lang='lat' dir='ltr'>critici</span> <span class='ocrx_word' id='word_1_113' title='bbox 870 1610 966 1698; x_wconf 78' lang='grc' dir='ltr'><strong><em>οἶδας</em></strong></span> <span class='ocrx_word' id='word_1_114' title='bbox 989 1617 1008 1706; x_wconf 83' lang='grc' dir='ltr'>[Ι</span> <span class='ocrx_word' id='word_1_115' title='bbox 1036 1612 1101 1708; x_wconf 78' lang='grc' dir='ltr'>ἔργ’</span> <span class='ocrx_word' id='word_1_116' title='bbox 1129 1612 1266 1706; x_wconf 69' lang='grc' dir='ltr'><strong><em>ἀνδρῶν</em></strong></span> 
     </span>
    </p>
   </div>
   <div class='ocr_carea' id='block_1_4' title="bbox 44 1717 1265 3868">
    <p class='ocr_par' dir='ltr' id='par_1_5' title="bbox 132 1717 1265 2003">
     <span class='ocr_line' id='line_1_14' title="bbox 135 1717 1265 1809; baseline 0.002 -23"><span class='ocrx_word' id='word_1_117' title='bbox 135 1719 193 1786; x_wconf 92' lang='lat' dir='ltr'>Od.</span> <span class='ocrx_word' id='word_1_118' title='bbox 217 1719 316 1800; x_wconf 83' lang='lat'><strong>1337,</strong></span> <span class='ocrx_word' id='word_1_119' title='bbox 339 1738 413 1786; x_wconf 91' lang='lat' dir='ltr'>nam</span> <span class='ocrx_word' id='word_1_120' title='bbox 436 1720 515 1786; x_wconf 84' lang='lat' dir='ltr'>haec</span> <span class='ocrx_word' id='word_1_121' title='bbox 536 1739 660 1803; x_wconf 89' lang='lat' dir='ltr'>quoque</span> <span class='ocrx_word' id='word_1_122' title='bbox 674 1719 776 1809; x_wconf 83' lang='lat' dir='ltr'>forma</span> <span class='ocrx_word' id='word_1_123' title='bbox 797 1726 911 1805; x_wconf 87' lang='lat' dir='ltr'>poetae</span> <span class='ocrx_word' id='word_1_124' title='bbox 927 1722 1062 1801; x_wconf 85' lang='lat' dir='ltr'>insueta,</span> <span class='ocrx_word' id='word_1_125' title='bbox 1086 1721 1147 1787; x_wconf 87' lang='lat' dir='ltr'>sed</span> <span class='ocrx_word' id='word_1_126' title='bbox 1157 1717 1265 1802; x_wconf 76' lang='grc' dir='ltr'><strong><em>εἴδοις</em></strong></span> 
     </span>
     <span class='ocr_line' id='line_1_15' title="bbox 132 1814 1265 1913; baseline 0.002 -24"><span class='ocrx_word' id='word_1_127' title='bbox 132 1823 288 1905; x_wconf 88' lang='lat' dir='ltr'>scripsere</span> <span class='ocrx_word' id='word_1_128' title='bbox 310 1823 374 1903; x_wconf 85' lang='lat' dir='ltr'>vel,</span> <span class='ocrx_word' id='word_1_129' title='bbox 396 1823 482 1906; x_wconf 89' lang='lat' dir='ltr'>quod</span> <span class='ocrx_word' id='word_1_130' title='bbox 502 1841 585 1889; x_wconf 89' lang='lat' dir='ltr'>nunc</span> <span class='ocrx_word' id='word_1_131' title='bbox 606 1814 770 1906; x_wconf 86' lang='lat' dir='ltr'>receptum</span> <span class='ocrx_word' id='word_1_132' title='bbox 792 1831 851 1906; x_wconf 61' lang='lat' dir='ltr'>est,-</span> <span class='ocrx_word' id='word_1_133' title='bbox 872 1820 967 1913; x_wconf 70' lang='grc' dir='ltr'><strong><em>ᾔδης,</em></strong></span> <span class='ocrx_word' id='word_1_134' title='bbox 990 1820 1028 1889; x_wconf 71' lang='grc' dir='ltr'>οἱ</span> <span class='ocrx_word' id='word_1_135' title='bbox 1051 1822 1197 1891; x_wconf 83' lang='lat' dir='ltr'>Nitnscin</span> <span class='ocrx_word' id='word_1_136' title='bbox 1221 1825 1265 1890; x_wconf 84' lang='lat' dir='ltr'>ad</span> 
     </span>
     <span class='ocr_line' id='line_1_16' title="bbox 134 1925 635 2003; baseline 0.002 -12"><span class='ocrx_word' id='word_1_137' title='bbox 134 1925 164 1991; x_wconf 92' lang='lat' dir='ltr'>h.</span> <span class='ocrx_word' id='word_1_138' title='bbox 186 1926 207 1991; x_wconf 90' lang='grc'>1.</span> <span class='ocrx_word' id='word_1_139' title='bbox 230 1930 263 1991; x_wconf 89' lang='lat' dir='ltr'>et</span> <span class='ocrx_word' id='word_1_140' title='bbox 284 1925 394 1991; x_wconf 90' lang='lat' dir='ltr'>Lehrs.</span> <span class='ocrx_word' id='word_1_141' title='bbox 412 1925 540 2003; x_wconf 79' lang='lat' dir='ltr'>Quaest</span> <span class='ocrx_word' id='word_1_142' title='bbox 562 1926 635 1992; x_wconf 85' lang='grc'>275.</span> 
     </span>
    </p>

    <p class='ocr_par' dir='ltr' id='par_1_6' title="bbox 44 2027 1263 3868">
     <span class='ocr_line' id='line_1_17' title="bbox 217 2027 1263 2112; baseline 0.001 -17"><span class='ocrx_word' id='word_1_143' title='bbox 217 2029 385 2095; x_wconf 87' lang='lat' dir='ltr'>Modorum</span> <span class='ocrx_word' id='word_1_144' title='bbox 396 2029 593 2112; x_wconf 91' lang='lat' dir='ltr'>obliquorum</span> <span class='ocrx_word' id='word_1_145' title='bbox 615 2034 681 2095; x_wconf 88' lang='lat' dir='ltr'>tres</span> <span class='ocrx_word' id='word_1_146' title='bbox 703 2029 735 2093; x_wconf 91' lang='lat' dir='ltr'>in</span> <span class='ocrx_word' id='word_1_147' title='bbox 759 2027 929 2097; x_wconf 87' lang='lat' dir='ltr'>discrimen</span> <span class='ocrx_word' id='word_1_148' title='bbox 941 2029 1080 2096; x_wconf 82' lang='lat' dir='ltr'>veniunt</span> <span class='ocrx_word' id='word_1_149' title='bbox 1113 2028 1263 2096; x_wconf 87' lang='lat' dir='ltr'>Primum</span> 
     </span>
     <span class='ocr_line' id='line_1_18' title="bbox 132 2129 1261 2216; baseline 0.001 -16"><span class='ocrx_word' id='word_1_150' title='bbox 132 2134 336 2216; x_wconf 81' lang='lat' dir='ltr'>imperativus</span> <span class='ocrx_word' id='word_1_151' title='bbox 357 2134 536 2216; x_wconf 89' lang='lat' dir='ltr'>praesentis</span> <span class='ocrx_word' id='word_1_152' title='bbox 560 2132 709 2214; x_wconf 90' lang='lat' dir='ltr'>temporis</span> <span class='ocrx_word' id='word_1_153' title='bbox 732 2129 864 2211; x_wconf 85' lang='grc' dir='ltr'><strong><em>ἔνισπε,</em></strong></span> <span class='ocrx_word' id='word_1_154' title='bbox 890 2151 952 2215; x_wconf 88' lang='lat' dir='ltr'>quo</span> <span class='ocrx_word' id='word_1_155' title='bbox 974 2133 1133 2200; x_wconf 86' lang='lat' dir='ltr'>Homerus</span> <span class='ocrx_word' id='word_1_156' title='bbox 1158 2134 1261 2201; x_wconf 88' lang='lat' dir='ltr'>semel</span> 
     </span>
     <span class='ocr_line' id='line_1_19' title="bbox 133 2231 1261 2320; baseline 0 -17"><span class='ocrx_word' id='word_1_157' title='bbox 133 2255 210 2304; x_wconf 92' lang='lat' dir='ltr'>usus</span> <span class='ocrx_word' id='word_1_158' title='bbox 232 2241 283 2303; x_wconf 91' lang='lat' dir='ltr'>est</span> <span class='ocrx_word' id='word_1_159' title='bbox 304 2237 336 2302; x_wconf 94' lang='lat' dir='ltr'>in</span> <span class='ocrx_word' id='word_1_160' title='bbox 348 2236 451 2302; x_wconf 89' lang='lat' dir='ltr'>medio</span> <span class='ocrx_word' id='word_1_161' title='bbox 464 2254 559 2302; x_wconf 86' lang='lat' dir='ltr'>versu</span> <span class='ocrx_word' id='word_1_162' title='bbox 571 2234 629 2301; x_wconf 93' lang='lat' dir='ltr'>0d.</span> <span class='ocrx_word' id='word_1_163' title='bbox 641 2234 695 2300; x_wconf 86' lang='lat' dir='ltr'>IV.</span> <span class='ocrx_word' id='word_1_164' title='bbox 719 2231 791 2315; x_wconf 89' lang='grc'>642,</span> <span class='ocrx_word' id='word_1_165' title='bbox 814 2235 860 2302; x_wconf 92' lang='lat' dir='ltr'>sic</span> <span class='ocrx_word' id='word_1_166' title='bbox 880 2241 917 2301; x_wconf 92' lang='lat' dir='ltr'>ut</span> <span class='ocrx_word' id='word_1_167' title='bbox 928 2236 1045 2303; x_wconf 87' lang='lat' dir='ltr'>mutari</span> <span class='ocrx_word' id='word_1_168' title='bbox 1065 2255 1128 2302; x_wconf 92' lang='lat' dir='ltr'>non</span> <span class='ocrx_word' id='word_1_169' title='bbox 1144 2237 1261 2320; x_wconf 77' lang='lat' dir='ltr'>possit,</span> 
     </span>
     <span class='ocr_line' id='line_1_20' title="bbox 129 2337 1259 2426; baseline 0.001 -19"><span class='ocrx_word' id='word_1_170' title='bbox 129 2341 276 2426; x_wconf 85' lang='lat' dir='ltr'>idemque</span> <span class='ocrx_word' id='word_1_171' title='bbox 298 2340 373 2406; x_wconf 92' lang='lat' dir='ltr'>olim</span> <span class='ocrx_word' id='word_1_172' title='bbox 384 2339 572 2423; x_wconf 83' lang='lat' dir='ltr'>plusdecies</span> <span class='ocrx_word' id='word_1_173' title='bbox 583 2337 750 2422; x_wconf 82' lang='lat' dir='ltr'>legebatur</span> <span class='ocrx_word' id='word_1_174' title='bbox 770 2339 803 2404; x_wconf 90' lang='lat' dir='ltr'>in</span> <span class='ocrx_word' id='word_1_175' title='bbox 825 2339 925 2405; x_wconf 83' lang='lat' dir='ltr'>exitu:</span> <span class='ocrx_word' id='word_1_176' title='bbox 949 2338 1105 2426; x_wconf 75' lang='grc' dir='ltr'><strong><em>νημερτὲς</em></strong></span> <span class='ocrx_word' id='word_1_177' title='bbox 1127 2337 1259 2422; x_wconf 86' lang='grc' dir='ltr'><strong><em>ἔνισπε,</em></strong></span> 
     </span>
     <span class='ocr_line' id='line_1_21' title="bbox 44 2437 1261 2533; baseline -0.001 -22"><span class='ocrx_word' id='word_1_178' title='bbox 44 2516 46 2520; x_wconf 68' lang='lat'>,</span> <span class='ocrx_word' id='word_1_179' title='bbox 131 2439 258 2533; x_wconf 69' lang='grc' dir='ltr'><strong><em>ὀληθὲς</em></strong></span> <span class='ocrx_word' id='word_1_180' title='bbox 279 2439 405 2525; x_wconf 75' lang='grc' dir='ltr'><strong><em>ἔνισπε,</em></strong></span> <span class='ocrx_word' id='word_1_181' title='bbox 429 2437 520 2531; x_wconf 78' lang='grc' dir='ltr'><strong><em>κήδε’</em></strong></span> <span class='ocrx_word' id='word_1_182' title='bbox 545 2440 655 2509; x_wconf 78' lang='grc' dir='ltr'><strong><em>ἔνισπε</em></strong></span> <span class='ocrx_word' id='word_1_183' title='bbox 677 2446 736 2507; x_wconf 81' lang='lat' dir='ltr'>etc.</span> <span class='ocrx_word' id='word_1_184' title='bbox 782 2440 845 2507; x_wconf 88' lang='lat' dir='ltr'>Sed</span> <span class='ocrx_word' id='word_1_185' title='bbox 855 2442 1021 2509; x_wconf 85' lang='lat' dir='ltr'>Bekkerus</span> <span class='ocrx_word' id='word_1_186' title='bbox 1037 2443 1156 2525; x_wconf 85' lang='lat' dir='ltr'>ubique</span> <span class='ocrx_word' id='word_1_187' title='bbox 1175 2443 1261 2510; x_wconf 78' lang='lat' dir='ltr'>aori·</span> 
     </span>
     <span class='ocr_line' id='line_1_22' title="bbox 130 2544 1259 2628; baseline 0 -16"><span class='ocrx_word' id='word_1_188' title='bbox 130 2552 214 2612; x_wconf 89' lang='lat' dir='ltr'>stum</span> <span class='ocrx_word' id='word_1_189' title='bbox 227 2546 359 2624; x_wconf 78' lang='grc' dir='ltr'><strong><em>ἐνίσπες</em></strong></span> <span class='ocrx_word' id='word_1_190' title='bbox 380 2546 524 2628; x_wconf 80' lang='lat' dir='ltr'>reposuit</span> <span class='ocrx_word' id='word_1_191' title='bbox 534 2545 722 2611; x_wconf 85' lang='lat' dir='ltr'>anctoritate</span> <span class='ocrx_word' id='word_1_192' title='bbox 735 2544 887 2624; x_wconf 84' lang='lat' dir='ltr'>codicum,</span> <span class='ocrx_word' id='word_1_193' title='bbox 911 2563 989 2626; x_wconf 90' lang='lat' dir='ltr'>quos</span> <span class='ocrx_word' id='word_1_194' title='bbox 1002 2545 1191 2628; x_wconf 87' lang='lat' dir='ltr'>Spitznerus</span> <span class='ocrx_word' id='word_1_195' title='bbox 1210 2547 1259 2612; x_wconf 91' lang='lat' dir='ltr'>in-</span> 
     </span>
     <span class='ocr_line' id='line_1_23' title="bbox 132 2645 1259 2728; baseline 0 -13"><span class='ocrx_word' id='word_1_196' title='bbox 132 2651 217 2715; x_wconf 91' lang='lat' dir='ltr'>dicat</span> <span class='ocrx_word' id='word_1_197' title='bbox 238 2650 279 2714; x_wconf 90' lang='lat' dir='ltr'>od</span> <span class='ocrx_word' id='word_1_198' title='bbox 301 2649 347 2713; x_wconf 85' lang='lat' dir='ltr'>XI</span> <span class='ocrx_word' id='word_1_199' title='bbox 372 2647 442 2728; x_wconf 90' lang='grc'>186,</span> <span class='ocrx_word' id='word_1_200' title='bbox 465 2653 499 2713; x_wconf 89' lang='lat' dir='ltr'>et</span> <span class='ocrx_word' id='word_1_201' title='bbox 520 2648 643 2713; x_wconf 87' lang='lat' dir='ltr'>indiciis</span> <span class='ocrx_word' id='word_1_202' title='bbox 666 2645 906 2713; x_wconf 87' lang='lat' dir='ltr'>scholiastarum</span> <span class='ocrx_word' id='word_1_203' title='bbox 924 2647 982 2713; x_wconf 89' lang='lat' dir='ltr'>Od.</span> <span class='ocrx_word' id='word_1_204' title='bbox 1004 2648 1049 2713; x_wconf 90' lang='lat' dir='ltr'>IV</span> <span class='ocrx_word' id='word_1_205' title='bbox 1071 2647 1133 2714; x_wconf 88' lang='grc'>314</span> <span class='ocrx_word' id='word_1_206' title='bbox 1159 2654 1195 2714; x_wconf 87' lang='lat' dir='ltr'>et</span> <span class='ocrx_word' id='word_1_207' title='bbox 1208 2649 1259 2715; x_wconf 87' lang='lat'>111</span> 
     </span>
     <span class='ocr_line' id='line_1_24' title="bbox 134 2747 1260 2837; baseline 0.002 -20"><span class='ocrx_word' id='word_1_208' title='bbox 134 2752 203 2831; x_wconf 88' lang='grc'>101,</span> <span class='ocrx_word' id='word_1_209' title='bbox 227 2769 361 2832; x_wconf 90' lang='lat' dir='ltr'>quorum</span> <span class='ocrx_word' id='word_1_210' title='bbox 382 2750 435 2815; x_wconf 88' lang='lat' dir='ltr'>ille</span> <span class='ocrx_word' id='word_1_211' title='bbox 458 2750 589 2815; x_wconf 85' lang='lat' dir='ltr'>adnotat</span> <span class='ocrx_word' id='word_1_212' title='bbox 611 2749 726 2816; x_wconf 80' lang='grc' dir='ltr'><strong><em>ἔνισπε</em></strong></span> <span class='ocrx_word' id='word_1_213' title='bbox 748 2747 854 2837; x_wconf 77' lang='grc' dir='ltr'><strong><em>γράφε</em></strong></span> <span class='ocrx_word' id='word_1_214' title='bbox 877 2747 1020 2830; x_wconf 80' lang='grc' dir='ltr'><strong><em>ἐνίσπες,</em></strong></span> <span class='ocrx_word' id='word_1_215' title='bbox 1045 2751 1126 2825; x_wconf 84' lang='lat' dir='ltr'>alter</span> <span class='ocrx_word' id='word_1_216' title='bbox 1148 2752 1202 2819; x_wconf 91' lang='lat' dir='ltr'>hic</span> <span class='ocrx_word' id='word_1_217' title='bbox 1224 2759 1260 2819; x_wconf 88' lang='lat' dir='ltr'>et</span> 
     </span>
     <span class='ocr_line' id='line_1_25' title="bbox 128 2853 1257 2937; baseline -0.001 -15"><span class='ocrx_word' id='word_1_218' title='bbox 128 2853 1081 2937; x_wconf 70' lang='lat' dir='ltr'>X1V185idemdeclaratcomparatioueimperatividnioxec.</span> <span class='ocrx_word' id='word_1_219' title='bbox 1114 2854 1180 2921; x_wconf 89' lang='lat' dir='ltr'>Par</span> <span class='ocrx_word' id='word_1_220' title='bbox 1192 2857 1257 2921; x_wconf 85' lang='lat' dir='ltr'>dis-</span> 
     </span>
     <span class='ocr_line' id='line_1_26' title="bbox 130 2956 1257 3043; baseline -0.001 -16"><span class='ocrx_word' id='word_1_221' title='bbox 130 2960 292 3043; x_wconf 84' lang='lat' dir='ltr'>crepantia</span> <span class='ocrx_word' id='word_1_222' title='bbox 313 2957 464 3023; x_wconf 89' lang='lat' dir='ltr'>librorum</span> <span class='ocrx_word' id='word_1_223' title='bbox 487 2956 629 3039; x_wconf 83' lang='lat' dir='ltr'>Apollon.</span> <span class='ocrx_word' id='word_1_224' title='bbox 651 2956 668 3021; x_wconf 95' lang='grc' dir='ltr'>Ι</span> <span class='ocrx_word' id='word_1_225' title='bbox 690 2956 752 3023; x_wconf 82' lang='grc'>487</span> <span class='ocrx_word' id='word_1_226' title='bbox 777 2963 810 3022; x_wconf 89' lang='lat' dir='ltr'>et</span> <span class='ocrx_word' id='word_1_227' title='bbox 831 2956 909 3039; x_wconf 85' lang='grc'>837,</span> <span class='ocrx_word' id='word_1_228' title='bbox 944 2977 1005 3040; x_wconf 90' lang='lat' dir='ltr'>quo</span> <span class='ocrx_word' id='word_1_229' title='bbox 1027 2965 1163 3041; x_wconf 85' lang='lat' dir='ltr'>utroque</span> <span class='ocrx_word' id='word_1_230' title='bbox 1187 2960 1257 3027; x_wconf 89' lang='lat' dir='ltr'>loco</span> 
     </span>
     <span class='ocr_line' id='line_1_27' title="bbox 130 3059 1257 3144; baseline -0.002 -14"><span class='ocrx_word' id='word_1_231' title='bbox 130 3064 304 3131; x_wconf 88' lang='lat' dir='ltr'>Merkelius</span> <span class='ocrx_word' id='word_1_232' title='bbox 327 3059 459 3139; x_wconf 74' lang='grc' dir='ltr'><strong><em>ἐνίοπές</em></strong></span> <span class='ocrx_word' id='word_1_233' title='bbox 481 3079 499 3126; x_wconf 87' lang='grc' dir='ltr'><strong><em>ε</em></strong></span> <span class='ocrx_word' id='word_1_234' title='bbox 521 3059 695 3141; x_wconf 86' lang='lat' dir='ltr'>potioribus</span> <span class='ocrx_word' id='word_1_235' title='bbox 718 3059 829 3140; x_wconf 76' lang='lat' dir='ltr'>edidit,</span> <span class='ocrx_word' id='word_1_236' title='bbox 863 3060 947 3142; x_wconf 92' lang='lat' dir='ltr'>quod</span> <span class='ocrx_word' id='word_1_237' title='bbox 980 3079 1071 3126; x_wconf 90' lang='lat' dir='ltr'>nemo</span> <span class='ocrx_word' id='word_1_238' title='bbox 1093 3062 1257 3144; x_wconf 86' lang='lat' dir='ltr'>improba·</span> 
     </span>
     <span class='ocr_line' id='line_1_28' title="bbox 128 3162 1256 3249; baseline 0 -17"><span class='ocrx_word' id='word_1_239' title='bbox 128 3168 218 3246; x_wconf 80' lang='lat' dir='ltr'>verit,</span> <span class='ocrx_word' id='word_1_240' title='bbox 243 3166 300 3231; x_wconf 90' lang='lat' dir='ltr'>sed</span> <span class='ocrx_word' id='word_1_241' title='bbox 320 3183 361 3230; x_wconf 90' lang='lat' dir='ltr'>ne</span> <span class='ocrx_word' id='word_1_242' title='bbox 384 3163 495 3229; x_wconf 86' lang='lat' dir='ltr'>exilius</span> <span class='ocrx_word' id='word_1_243' title='bbox 518 3162 633 3229; x_wconf 83' lang='grc' dir='ltr'><strong><em>ἔνισπε</em></strong></span> <span class='ocrx_word' id='word_1_244' title='bbox 656 3162 761 3228; x_wconf 88' lang='lat' dir='ltr'>versui</span> <span class='ocrx_word' id='word_1_245' title='bbox 780 3163 954 3229; x_wconf 83' lang='lat' dir='ltr'>claudendo</span> <span class='ocrx_word' id='word_1_246' title='bbox 976 3164 1077 3246; x_wconf 91' lang='lat' dir='ltr'>impar</span> <span class='ocrx_word' id='word_1_247' title='bbox 1093 3171 1256 3249; x_wconf 70' lang='lat' dir='ltr'>putemus,</span> 
     </span>
     <span class='ocr_line' id='line_1_29' title="bbox 128 3263 1257 3352; baseline 0.002 -17"><span class='ocrx_word' id='word_1_248' title='bbox 128 3269 274 3352; x_wconf 89' lang='lat' dir='ltr'>prohibet</span> <span class='ocrx_word' id='word_1_249' title='bbox 301 3267 431 3333; x_wconf 88' lang='lat' dir='ltr'>Theocr.</span> <span class='ocrx_word' id='word_1_250' title='bbox 453 3265 543 3330; x_wconf 87' lang='lat' dir='ltr'>XXV</span> <span class='ocrx_word' id='word_1_251' title='bbox 565 3263 606 3333; x_wconf 87' lang='grc'>34</span> <span class='ocrx_word' id='word_1_252' title='bbox 629 3270 663 3331; x_wconf 87' lang='lat' dir='ltr'>et</span> <span class='ocrx_word' id='word_1_253' title='bbox 685 3264 789 3343; x_wconf 82' lang='lat' dir='ltr'>Quint.</span> <span class='ocrx_word' id='word_1_254' title='bbox 811 3266 887 3332; x_wconf 84' lang='lat' dir='ltr'>XIV</span> <span class='ocrx_word' id='word_1_255' title='bbox 909 3265 982 3347; x_wconf 92' lang='grc'>209,</span> <span class='ocrx_word' id='word_1_256' title='bbox 1004 3267 1037 3332; x_wconf 92' lang='lat' dir='ltr'>in</span> <span class='ocrx_word' id='word_1_257' title='bbox 1059 3286 1120 3350; x_wconf 91' lang='lat' dir='ltr'>quo</span> <span class='ocrx_word' id='word_1_258' title='bbox 1142 3288 1257 3336; x_wconf 88' lang='lat' dir='ltr'>omnes</span> 
     </span>
     <span class='ocr_line' id='line_1_30' title="bbox 53 3363 1257 3455; baseline 0.002 -17"><span class='ocrx_word' id='word_1_259' title='bbox 53 3402 56 3406; x_wconf 44' lang='lat'><em>⁴</em></span> <span class='ocrx_word' id='word_1_260' title='bbox 129 3363 336 3438; x_wconf 88' lang='lat' dir='ltr'>consentiunt.</span> <span class='ocrx_word' id='word_1_261' title='bbox 351 3408 387 3418; x_wconf 95' lang='lat'><em>-</em></span> <span class='ocrx_word' id='word_1_262' title='bbox 405 3369 487 3437; x_wconf 91' lang='lat' dir='ltr'>Hinc</span> <span class='ocrx_word' id='word_1_263' title='bbox 496 3368 716 3451; x_wconf 83' lang='lat' dir='ltr'>progredimur</span> <span class='ocrx_word' id='word_1_264' title='bbox 727 3370 768 3436; x_wconf 92' lang='lat' dir='ltr'>ad</span> <span class='ocrx_word' id='word_1_265' title='bbox 781 3370 1012 3436; x_wconf 85' lang='lat' dir='ltr'>subiunctivunr</span> <span class='ocrx_word' id='word_1_266' title='bbox 1024 3371 1112 3438; x_wconf 87' lang='lat' dir='ltr'>verbi</span> <span class='ocrx_word' id='word_1_267' title='bbox 1129 3371 1257 3455; x_wconf 81' lang='grc' dir='ltr'><strong><em>ἐθέλω,</em></strong></span> 
     </span>
     <span class='ocr_line' id='line_1_31' title="bbox 128 3470 1255 3562; baseline 0.001 -21"><span class='ocrx_word' id='word_1_268' title='bbox 128 3475 216 3541; x_wconf 91' lang='lat' dir='ltr'>cuius</span> <span class='ocrx_word' id='word_1_269' title='bbox 239 3472 524 3556; x_wconf 87' lang='lat' dir='ltr'>personasecunda</span> <span class='ocrx_word' id='word_1_270' title='bbox 545 3470 637 3537; x_wconf 93' lang='lat' dir='ltr'>modo</span> <span class='ocrx_word' id='word_1_271' title='bbox 659 3473 849 3553; x_wconf 83' lang='lat' dir='ltr'>apraescnti</span> <span class='ocrx_word' id='word_1_272' title='bbox 862 3473 997 3538; x_wconf 88' lang='lat' dir='ltr'>sumitur</span> <span class='ocrx_word' id='word_1_273' title='bbox 1020 3472 1255 3562; x_wconf 77' lang='grc' dir='ltr'><strong><em>ἐθέλῃσθα,</em></strong></span> 
     </span>
     <span class='ocr_line' id='line_1_32' title="bbox 128 3570 1257 3663; baseline 0.002 -20"><span class='ocrx_word' id='word_1_274' title='bbox 128 3577 220 3643; x_wconf 90' lang='lat' dir='ltr'>modo</span> <span class='ocrx_word' id='word_1_275' title='bbox 244 3577 283 3642; x_wconf 84' lang='lat' dir='ltr'>ab</span> <span class='ocrx_word' id='word_1_276' title='bbox 307 3576 424 3643; x_wconf 90' lang='lat' dir='ltr'>aoristo</span> <span class='ocrx_word' id='word_1_277' title='bbox 447 3570 622 3663; x_wconf 73' lang='grc' dir='ltr'><strong><em>ἐθελήσῃς.</em></strong></span> <span class='ocrx_word' id='word_1_278' title='bbox 666 3574 758 3641; x_wconf 91' lang='lat' dir='ltr'>Hanc</span> <span class='ocrx_word' id='word_1_279' title='bbox 780 3574 912 3642; x_wconf 89' lang='lat' dir='ltr'>Nonnus</span> <span class='ocrx_word' id='word_1_280' title='bbox 934 3577 966 3642; x_wconf 91' lang='lat' dir='ltr'>in</span> <span class='ocrx_word' id='word_1_281' title='bbox 989 3577 1074 3642; x_wconf 85' lang='lat' dir='ltr'>exitu</span> <span class='ocrx_word' id='word_1_282' title='bbox 1102 3596 1257 3646; x_wconf 91' lang='lat' dir='ltr'>versuum</span> 
     </span>
     <span class='ocr_line' id='line_1_33' title="bbox 127 3679 1255 3769; baseline 0.002 -22"><span class='ocrx_word' id='word_1_283' title='bbox 127 3679 321 3762; x_wconf 78' lang='lat' dir='ltr'>frequentat,</span> <span class='ocrx_word' id='word_1_284' title='bbox 350 3679 507 3745; x_wconf 89' lang='lat' dir='ltr'>Homerus</span> <span class='ocrx_word' id='word_1_285' title='bbox 530 3697 605 3744; x_wconf 84' lang='lat' dir='ltr'>uero</span> <span class='ocrx_word' id='word_1_286' title='bbox 627 3697 783 3761; x_wconf 84' lang='lat' dir='ltr'>nusquam</span> <span class='ocrx_word' id='word_1_287' title='bbox 806 3679 959 3759; x_wconf 79' lang='lat' dir='ltr'>admittit,</span> <span class='ocrx_word' id='word_1_288' title='bbox 994 3681 1050 3746; x_wconf 88' lang='lat' dir='ltr'>sed</span> <span class='ocrx_word' id='word_1_289' title='bbox 1073 3679 1255 3769; x_wconf 74' lang='grc' dir='ltr'><strong><em>ἐθέλῃσθα</em></strong></span> 
     </span>
     <span class='ocr_line' id='line_1_34' title="bbox 127 3771 1252 3868; baseline 0.003 -20"><span class='ocrx_word' id='word_1_290' title='bbox 127 3774 229 3849; x_wconf 90' lang='lat' dir='ltr'>solum</span> <span class='ocrx_word' id='word_1_291' title='bbox 250 3783 286 3847; x_wconf 85' lang='lat'>11.</span> <span class='ocrx_word' id='word_1_292' title='bbox 309 3780 419 3862; x_wconf 88' lang='grc'>1554,</span> <span class='ocrx_word' id='word_1_293' title='bbox 443 3780 500 3847; x_wconf 84' lang='grc'>00.</span> <span class='ocrx_word' id='word_1_294' title='bbox 523 3780 586 3845; x_wconf 89' lang='lat' dir='ltr'>XII</span> <span class='ocrx_word' id='word_1_295' title='bbox 607 3780 648 3848; x_wconf 90' lang='grc'>49</span> <span class='ocrx_word' id='word_1_296' title='bbox 672 3787 746 3862; x_wconf 81' lang='lat' dir='ltr'>etc,</span> <span class='ocrx_word' id='word_1_297' title='bbox 780 3771 815 3847; x_wconf 73' lang='lat' dir='ltr'>u&#39;t</span> <span class='ocrx_word' id='word_1_298' title='bbox 838 3782 995 3859; x_wconf 86' lang='lat' dir='ltr'>Hesiodus</span> <span class='ocrx_word' id='word_1_299' title='bbox 1018 3802 1142 3865; x_wconf 83' lang='lat' dir='ltr'>quoque</span> <span class='ocrx_word' id='word_1_300' title='bbox 1167 3783 1252 3868; x_wconf 91' lang='lat' dir='ltr'>Opp.</span> 
     </span>
    </p>
   </div>
   <div class='ocr_carea' id='block_1_5' title="bbox 24 3882 1252 3967">
    <p class='ocr_par' dir='ltr' id='par_1_7' title="bbox 24 3882 1252 3967">
     <span class='ocr_line' id='line_1_35' title="bbox 24 3882 1252 3967; baseline 0.002 -18"><span class='ocrx_word' id='word_1_301' title='bbox 24 3920 26 3924; x_wconf 16' lang='grc' dir='ltr'><em>Α</em></span> <span class='ocrx_word' id='word_1_302' title='bbox 127 3884 199 3964; x_wconf 91' lang='grc'>392,</span> <span class='ocrx_word' id='word_1_303' title='bbox 223 3885 262 3949; x_wconf 91' lang='lat' dir='ltr'>H.</span> <span class='ocrx_word' id='word_1_304' title='bbox 286 3883 325 3947; x_wconf 93' lang='lat' dir='ltr'>H.</span> <span class='ocrx_word' id='word_1_305' title='bbox 348 3885 381 3948; x_wconf 91' lang='lat' dir='ltr'>in</span> <span class='ocrx_word' id='word_1_306' title='bbox 403 3884 499 3949; x_wconf 89' lang='lat' dir='ltr'>Merc.</span> <span class='ocrx_word' id='word_1_307' title='bbox 525 3882 598 3964; x_wconf 91' lang='grc'>181,</span> <span class='ocrx_word' id='word_1_308' title='bbox 633 3886 775 3967; x_wconf 84' lang='lat' dir='ltr'>Apollou.</span> <span class='ocrx_word' id='word_1_309' title='bbox 798 3883 946 3965; x_wconf 81' lang='grc'>111404,</span> <span class='ocrx_word' id='word_1_310' title='bbox 981 3884 1113 3967; x_wconf 86' lang='lat' dir='ltr'>Oppiau.</span> <span class='ocrx_word' id='word_1_311' title='bbox 1136 3885 1252 3953; x_wconf 80' lang='lat' dir='ltr'>HaLI</span> 
     </span>
    </p>
   </div>
   <div class='ocr_carea' id='block_1_6' title="bbox 124 3986 1253 4382">
    <p class='ocr_par' dir='ltr' id='par_1_8' title="bbox 124 3986 496 4070">
     <span class='ocr_line' id='line_1_36' title="bbox 124 3986 496 4070; baseline 0 -19"><span class='ocrx_word' id='word_1_312' title='bbox 124 3986 175 4067; x_wconf 87' lang='grc'>50,</span> <span class='ocrx_word' id='word_1_313' title='bbox 200 3987 296 4070; x_wconf 86' lang='lat' dir='ltr'>Orph.</span> <span class='ocrx_word' id='word_1_314' title='bbox 319 3987 401 4052; x_wconf 88' lang='lat' dir='ltr'>Lith.</span> <span class='ocrx_word' id='word_1_315' title='bbox 424 3986 496 4051; x_wconf 91' lang='grc'>202.</span> 
     </span>
    </p>

    <p class='ocr_par' dir='ltr' id='par_1_9' title="bbox 125 4089 1253 4382">
     <span class='ocr_line' id='line_1_37' title="bbox 210 4089 1253 4173; baseline 0.001 -17"><span class='ocrx_word' id='word_1_316' title='bbox 210 4091 355 4157; x_wconf 82' lang='lat' dir='ltr'>Proxime</span> <span class='ocrx_word' id='word_1_317' title='bbox 378 4090 596 4156; x_wconf 87' lang='lat' dir='ltr'>disserendum</span> <span class='ocrx_word' id='word_1_318' title='bbox 619 4095 669 4155; x_wconf 89' lang='lat' dir='ltr'>est</span> <span class='ocrx_word' id='word_1_319' title='bbox 690 4089 733 4155; x_wconf 90' lang='lat' dir='ltr'>de</span> <span class='ocrx_word' id='word_1_320' title='bbox 755 4091 905 4155; x_wconf 87' lang='lat' dir='ltr'>numeri</span> <span class='ocrx_word' id='word_1_321' title='bbox 929 4090 1063 4156; x_wconf 86' lang='lat' dir='ltr'>dualis</span> <span class='ocrx_word' id='word_1_322' title='bbox 1096 4096 1130 4156; x_wconf 87' lang='lat' dir='ltr'>et</span> <span class='ocrx_word' id='word_1_323' title='bbox 1160 4090 1253 4173; x_wconf 90' lang='lat' dir='ltr'>plu·</span> 
     </span>
     <span class='ocr_line' id='line_1_38' title="bbox 125 4192 1253 4278; baseline 0.002 -18"><span class='ocrx_word' id='word_1_324' title='bbox 125 4195 223 4262; x_wconf 90' lang='lat' dir='ltr'>ralis</span> <span class='ocrx_word' id='word_1_325' title='bbox 246 4193 591 4262; x_wconf 87' lang='lat' dir='ltr'>terminationibus</span> <span class='ocrx_word' id='word_1_326' title='bbox 613 4192 761 4259; x_wconf 86' lang='lat' dir='ltr'>brevibus</span> <span class='ocrx_word' id='word_1_327' title='bbox 776 4193 948 4278; x_wconf 71' lang='lat' dir='ltr'>longisque,</span> <span class='ocrx_word' id='word_1_328' title='bbox 973 4195 1000 4260; x_wconf 88' lang='lat' dir='ltr'>si</span> <span class='ocrx_word' id='word_1_329' title='bbox 1021 4193 1102 4260; x_wconf 88' lang='lat' dir='ltr'>forte</span> <span class='ocrx_word' id='word_1_330' title='bbox 1119 4193 1253 4262; x_wconf 89' lang='lat' dir='ltr'>demon·</span> 
     </span>
     <span class='ocr_line' id='line_1_39' title="bbox 128 4295 1251 4382; baseline 0.002 -17"><span class='ocrx_word' id='word_1_331' title='bbox 128 4300 223 4365; x_wconf 89' lang='lat' dir='ltr'>strari</span> <span class='ocrx_word' id='word_1_332' title='bbox 244 4301 359 4382; x_wconf 80' lang='lat' dir='ltr'>possit,</span> <span class='ocrx_word' id='word_1_333' title='bbox 392 4302 503 4381; x_wconf 86' lang='lat' dir='ltr'>poetas</span> <span class='ocrx_word' id='word_1_334' title='bbox 525 4297 559 4364; x_wconf 94' lang='lat' dir='ltr'>in</span> <span class='ocrx_word' id='word_1_335' title='bbox 586 4295 697 4363; x_wconf 87' lang='lat' dir='ltr'>ultimo</span> <span class='ocrx_word' id='word_1_336' title='bbox 728 4297 810 4380; x_wconf 89' lang='lat' dir='ltr'>pede</span> <span class='ocrx_word' id='word_1_337' title='bbox 841 4299 1032 4381; x_wconf 85' lang='lat' dir='ltr'>praetulisse</span> <span class='ocrx_word' id='word_1_338' title='bbox 1064 4297 1251 4381; x_wconf 81' lang='lat' dir='ltr'>longiorem.</span> 
     </span>
    </p>
   </div>
   <div class='ocr_carea' id='block_1_7' title="bbox 0 0 1372 4778">
    <p class='ocr_par' dir='ltr' id='par_1_10' title="bbox 0 0 1372 4778">
     <span class='ocr_line' id='line_1_40' title="bbox 0 0 1372 4778; baseline 0 3"><span class='ocrx_word' id='word_1_339' title='bbox 0 0 1372 4778; x_wconf 95' lang='lat' dir='ltr'> </span> 
     </span>
    </p>
   </div>
  </div>
 </body>
</html>
