2736 4778
205 359 270 426 DE
292 345 559 426 PROSTHESI
580 354 642 420 ET
664 354 926 423 APHAERESI.
959 353 1088 424 Qvfl.
1154 356 1204 431 89

91 547 155 613 nisi
179 545 263 611 forte
289 539 479 627 hujusmodi
515 537 596 624 quid
625 535 784 621 significat
812 538 922 606 Schol.
951 541 1057 606 Thuc.
1085 542 1128 609 V.
1152 539 1202 605 16.

94 643 238 715 εὐλάκαν
266 641 348 711 ἔνιοι
382 642 444 729 τὴν
472 640 626 706 δι’κιλλαν
661 633 730 705 ἀπὸ
763 644 822 706 τοῦ
849 641 1014 706 λακαίνειν
1049 641 1127 726 (hoc
1154 652 1205 707 est

93 745 279 831 λαχαίντιν)
301 741 321 806 ὅ
348 742 417 808 ἐστι
440 737 615 817 σκάπτειν,
642 739 699 825 qui
725 740 863 805 fortasse
885 740 933 805 sie
955 740 1017 804 sibi
1043 742 1204 828 persuasit

93 847 214 935 λάκηυ,
242 844 335 931 qnod
363 840 547 927 Hesychius
576 842 725 907 fissuram
749 839 937 929 (φάραγγα)
966 842 1203 928 interpretatio,

93 959 127 1016 et
155 944 274 1034 λάχην,
301 945 390 1030 quod
418 942 526 1012 Schol.
555 943 648 1029 Sept
675 943 747 1008 896.
778 939 926 1026 διόρυξιν
951 943 1106 1029 exponit,
1139 964 1205 1008 non

93 1050 202 1114 solum
224 1047 381 1112 actionem
401 1045 545 1110 findendi
566 1045 618 1110 vel
639 1044 785 1110 fodiendi
807 1043 867 1110 scd
893 1042 989 1110 etiam
1011 1045 1205 1111 instrumen-

94 1161 165 1214 tum
196 1148 373 1225 declarare,
405 1147 559 1232 idemque
588 1167 661 1212 esse
689 1140 812 1233 ετίλάκη
844 1145 969 1231 syllaba
1003 1146 1205 1235 prosthetioe

96 1261 224 1317 auctum
251 1272 281 1314 τ.
307 1248 407 1315 Proll.
435 1248 509 1314 335.
519 1250 551 1335 ²)
595 1248 636 1313 In
669 1247 834 1313 homerico
866 1270 962 1313 versu
992 1249 1032 1314 Il.
1054 1249 1101 1314 11.
1129 1246 1202 1314 585.

93 1350 131 1418 ol*
143 1376 179 1418 τε
195 1346 299 1417 Λάαν
316 1342 404 1433 εἶχον
422 1343 479 1436 ἠδ’
505 1346 646 1416 Οἴτυλον
657 1343 883 1436 ἀμφενέμοντο
895 1350 1062 1435 Tyrannio
1074 1350 1205 1438 scripsit

91 1444 149 1540 ἠδ’
174 1447 212 1519 οἳ
235 1448 357 1530 Τύλου,
384 1462 418 1517 et
445 1449 532 1516 hano
563 1449 816 1537 appellationem
845 1450 933 1518 urbis
961 1450 1204 1519 celebratiorem
1262 1516 1267 1524 ,

88 1553 191 1618 fuisse
213 1548 333 1620 Strabo
358 1551 500 1619 declarat
519 1551 572 1617 his
593 1550 699 1617 verbis
721 1546 740 1617 ὃ
767 1549 874 1632 Τύλος
896 1555 1043 1620 καλεῖται
1064 1549 1133 1619 ὑπό
1156 1577 1203 1618 τι·

91 1680 155 1720 νιον
174 1650 324 1731 Οἴτυλος,
348 1674 533 1738 quanquam
555 1653 603 1720 sie
623 1665 764 1745 vocatur
778 1652 1042 1741 ascriptoribus,
1065 1654 1121 1739 qui
1141 1676 1202 1720 no·

89 1754 140 1820 bis
164 1753 289 1840 cogniti
311 1770 396 1832 sunt,
420 1753 570 1821 omnibus
593 1765 625 1820 et
654 1755 695 1821 sb
725 1756 841 1821 incolis
862 1755 944 1843 ipsis
967 1751 1068 1835 πόλις
1086 1760 1202 1822 Betw-

92 1857 177 1924 lton
197 1855 231 1920 in
252 1855 419 1941 Inscriptt.
458 1856 513 1923 De
536 1855 740 1944 diphthongo
762 1846 806 1926 ὂυ
829 1879 913 1942 quae
936 1857 1107 1923 commenti
1129 1869 1205 1922 sunt

90 1958 234 2042 quidam,
265 1957 346 2023 dicis
375 1980 473 2024 cause
501 1980 687 2045 apponam:
720 1959 815 2044 παρὰ
843 1959 881 2024 τὸ
912 1962 965 2023 θῶ
994 1956 1032 2021 τὸ
1063 1956 1203 2042 θηλάζω

90 2058 215 2143 γίνεται
234 2052 308 2142 τῖιὶρΙ
336 2059 392 2127 καὶ
418 2061 619 2143 πλεονασμῷ
641 2062 702 2143 τῆς
719 2047 771 2125 ἰι-υ
796 2058 965 2142 συλλαβῆς
992 2049 1102 2137 οὖθαρ
1123 2054 1203 2120 ΕΜ.

88 2158 164 2236 640,
185 2158 239 2226 20.
261 2153 327 2239 τώς
346 2156 473 2246 γίνεται
494 2151 673 2246 ἀφαιρέσει
693 2156 731 2226 ἐκ
751 2160 811 2224 τοῦ
838 2155 943 2237 οὕτως
965 2156 1076 2245 Epim.
1087 2156 1116 2221 1.
1128 2155 1202 2222 405.

533 2477 645 2547 CAP.
674 2479 753 2548 VII.

240 2616 292 2690 De
313 2617 553 2713 prosthesis!
577 2619 764 2716 oplocresz'
786 2620 1053 2693 consonantium.

174 2804 204 2869 Ι.
237 2804 317 2871 Beta
339 2803 603 2892 praepositivum,
627 2827 692 2892 quo
715 2802 882 2870 abundant
903 2802 1061 2871 vocabula
1078 2801 1202 2868 aeolico

90 2917 124 2970 et
146 2904 259 2970 dorica
279 2904 393 2989 (λάταξ,
414 2904 512 2991 βρίζα
528 2916 588 2971 etc.
615 2928 634 2970 a
655 2906 817 2972 communi
832 2905 969 2972 dialecto
984 2905 1085 2971 abest
1115 2906 1202 2970 Nam

87 3029 155 3071 vox
184 3029 301 3072 canum
328 3004 539 3072 baubsntium
567 3007 689 3095 duplici
719 3031 801 3074 sono
832 3008 1035 3094 exprimitur,
1063 3028 1129 3070 uno
1152 3019 1200 3071 te-

89 3109 206 3173 nuiore
236 3101 279 3173 αὖ
308 3101 351 3175 αὖ
377 3109 479 3174 Arist.
510 3110 613 3194 Vesp.
643 3108 716 3173 938.
748 3109 840 3192 (898)
871 3106 928 3170 ubi
954 3105 1064 3174 Schol.
1091 3113 1202 3184 μιμεῖ-

88 3235 144 3274 ται
167 3209 227 3296 τὴν
254 3206 368 3297 φωνὴν
394 3212 454 3274 τοῦ
482 3209 578 3286 κυνὸς
605 3209 660 3275 διὰ
681 3213 740 3274 τοῦ
768 3202 809 3275 αὖ
831 3201 890 3287 αὖ,
923 3210 1023 3276 alt-ero
1046 3208 1201 3296 pleniore,

90 3310 132 3375 de
165 3332 231 3395 quo
258 3311 406 3377 Jonnnes
437 3308 478 3375 dc
501 3309 586 3374 Ton.
615 3310 674 3389 32,
703 3310 755 3376 23.
787 3311 824 3378 τὸ
853 3309 919 3395 sat
954 3310 1038 3378 κατὰ
1056 3310 1202 3396 ’μίμησιν

88 3409 188 3491 κυνὸς
210 3404 411 3496 effossam)
431 3410 468 3493 ἐξ
482 3402 520 3480 οὗ
539 3410 593 3479 καὶ
616 3412 651 3479 τὸ
673 3410 797 3496 βαΰζω,
824 3412 883 3481 sed
899 3424 1035 3501 uterque
1045 3411 1199 3479 naturalis

157 3698 188 3766 ν)
201 3696 348 3770 Oppianus
365 3698 430 3753 Hsl.
451 3696 485 3754 V.
505 3701 566 3754 964.
583 3701 619 3754 de
639 3699 759 3755 bslscns
779 3704 868 3757 undas
889 3705 1015 3759 sulcante
1035 3699 1135 3773 ,stom
1152 3706 1198 3760 διὰ

89 3787 166 3857 κῦμα
180 3787 320 3853 λαχαίνων
331 3783 361 3838 id
375 3793 419 3839 cst
431 3783 565 3850 ιλλοκίζων
582 3786 640 3842 sive
659 3787 820 3858 αὐλακίζων,
834 3791 922 3845 undas
941 3790 1060 3847 sulcens.

160 3887 186 3951 1)
205 3886 346 3940 docentus
359 3885 389 3940 in
406 3889 461 3942 hoc
473 3905 578 3959 genere
591 3889 732 3945 nominum
744 3908 841 3963 perum
855 3901 981 3961 constst3
1001 3895 1031 3949 τὸ
1045 3892 1086 3966 φῦ
1099 3889 1140 3965 οὑ
1153 3893 1199 3946 ἐπὶ

89 3974 143 4026 τῶν
155 3967 312 4043 φυσώντων
323 3975 389 4043 πῦρ,
407 3971 435 4027 τὸ
449 3978 484 4041 eo
495 3979 530 4042 ,so
542 3977 588 4030 ent
600 3980 713 4045 σιωπῆς,
733 3977 762 4032 τὸ
776 3969 810 4032 αὖ
827 3969 862 4032 αὖ
880 3982 993 4035 ἐπὶτῶν
1010 3972 1199 4034 ὑλακτούντων

87 4061 188 4119 κυνῶν,
202 4058 231 4113 τὸ
241 4059 282 4129 ,uir
294 4057 333 4126 μυ
350 4061 396 4114 dnl
412 4062 467 4114 τῶν
479 4056 618 4130 ἠχούντων
628 4059 673 4115 διὰ
684 4061 830 4137 μυκτήρων
842 4067 951 4120 Anecd.
959 4066 1078 4119 Beroen.
1089 4062 1118 4116 in
1124 4063 1197 4119 Μαι.

88 4144 221 4198 Cantabr.
242 4144 278 4198 ΙΙ.
298 4146 355 4198 115.
385 4145 530 4200 Theodec.
551 4148 673 4202 Grsmm.
689 4167 717 4219 p.
739 4151 780 4203 79.
805 4150 914 4204 Horum
928 4149 1049 4220 primum
1067 4148 1094 4203 in
1111 4149 1196 4206 Arist.

87 4229 152 4299 llys.
167 4232 224 4284 405.
245 4233 286 4300 φῦ
301 4232 342 4301 φῦ
356 4231 500 4298 scribitnr;
514 4235 665 4287 secundum
679 4253 736 4288 non
748 4233 866 4304 legimus
880 4237 930 4288 sed
942 4230 957 4302 ἢ
971 4230 987 4303 ἦ
999 4229 1091 4290 σιώπα
1102 4237 1195 4293 Nubb.

89 4316 148 4368 too.
161 4308 257 4385 Κιιὺηξ
268 4313 325 4371 ἀπὸ
337 4317 385 4372 τοῦ
397 4319 490 4388 λέγειν
502 4320 554 4372 κτιῦ
566 4317 690 4374 καῦΕΜ.
710 4318 832 4377 vocales
844 4317 1014 4394 bitemporss
1027 4324 1196 4396 monosylla-
