2736 4778
291 365 349 432 DE
370 362 768 432 Paoscnnusnsuo
812 365 846 433 P.
858 367 882 432 1.
905 366 939 434 0.
951 368 975 433 I.
998 367 1026 450 ἓ.
1039 364 1067 434 6.
1170 366 1231 433 157
1325 459 1336 470 ἡ

121 526 233 592 robob
256 522 334 595 adut
355 528 438 594 Fals
451 529 525 613 Leg.
538 526 609 594 327.
622 528 662 593 75
675 526 776 612 (364),
800 524 926 596 oirocb
948 528 1076 619 ἔγραψε
1088 530 1159 597 348.
1174 531 1235 599 144

121 627 221 713 (385).
277 628 358 706 Quin
381 632 476 698 etiarn
498 634 530 698 in
552 632 742 699 editionibus
765 632 930 700 τουτοισὶν
953 627 1236 720 ἐπισκεψομένους

120 730 199 796 Phil.
222 731 271 796 III
295 731 365 797 103.
391 732 430 797 12
452 733 538 817 (113.
550 733 616 819 24),
640 736 697 801 sed
718 734 945 802 hicBekkerus
967 737 1063 802 tacite
1087 736 1235 804 τουτοισὶ

120 835 228 914 edidit,
251 841 403 916 sequutus
425 835 560 904 fortasse
582 839 735 920 optimum
756 843 797 920 Σ,
820 839 852 903 in
875 857 937 921 quo
959 857 1127 904 consonam
1148 839 1235 904 illam

121 942 303 1004 constanter
324 939 425 1005 omitti
447 939 628 1007 Voemelius
649 945 787 1007 testatur
818 942 851 1005 in
873 958 976 1023 progr.
998 940 1142 1008 Francos.
1165 961 1235 1007 ann.

125 1039 206 1105 1353
228 1059 258 1122 p.
281 1037 316 1119 93
350 1041 406 1106 sed
439 1041 471 1106 in
494 1041 641 1110 Dinarcb.
669 1040 966 1110 ο.1)1111.171.89
1000 1044 1132 1110 retinuit
1161 1069 1235 1112 τοο-

121 1137 413 1210 casaubonum
437 1151 544 1227 spreto
566 1145 689 1226 ood.L.,
711 1147 765 1228 qui
788 1141 955 1212 τούτοισιν
978 1145 1158 1212 exhibet—
1171 1146 1235 1211 nd-

121 1244 264 1312 verbium
287 1239 411 1313 οιῗτωσί
442 1246 627 1330 saepissime
649 1249 807 1315 antecedit
828 1250 953 1316 vocales
975 1249 1044 1314 sine
1065 1249 1129 1315 ulla
1152 1249 1235 1314 cadi-

121 1368 192 1414 cum
215 1346 353 1428 dissidio,
377 1349 434 1414 sed
455 1367 610 1432 nusquam
633 1347 814 1434 ebrocis,
838 1353 913 1434 quin
935 1351 1032 1434 aliqui
1047 1351 1241 1433 discrepent

121 1451 202 1516 Plat
236 1448 330 1531 Gorg.
358 1449 421 1516 503
448 1451 478 1515 D
507 1452 733 1520 Stallbaumius
767 1472 805 1519 ex
837 1453 958 1536 aliquot
988 1453 1079 1519 libris
1111 1454 1238 1536 scripsit

123 1548 263 1621 οὑτωσὶν
285 1549 411 1640 ἀτρέμα
434 1560 467 1619 et
488 1556 551 1622 509
571 1557 601 1621 A
624 1552 764 1624 οὖτσοσίν
786 1550 845 1633 οὕς
871 1556 1023 1622 reiectum
1045 1575 1065 1621 a
1087 1556 1237 1623 'lim‘cen-
1284 1586 1294 1599 ²

122 1656 218 1735 sibus,
241 1673 300 1720 nec
321 1657 472 1723 assumsit
493 1658 659 1725 Bekkerus
681 1660 776 1747 Arist
799 1657 917 1723 Nicom.
940 1656 973 1722 Π
999 1661 1024 1723 1.
1050 1657 1236 1724 iraeneo.

122 1759 211 1825 Idem
232 1759 325 1840 vulgo
357 1759 473 1841 legitur
504 1762 537 1826 in
568 1761 683 1829 lambi.
716 1763 818 1827 Protr.
845 1760 891 1825 IV
913 1759 955 1825 54
977 1765 1010 1826 et
1031 1761 1160 1827 Aristid.
1184 1759 1237 1827 01.

123 1861 209 1927 Sacr.
232 1861 277 1929 1v
299 1859 370 1926 331.
396 1862 436 1928 10
457 1868 491 1928 et
513 1862 583 1931 337.
609 1863 664 1945 13,
698 1865 755 1930 sed
776 1861 958 1929 Dindorfius
980 1882 1009 1945 p.
1033 1862 1098 1929 518
1119 1869 1152 1929 et
1173 1863 1236 1929 522

123 1984 140 2029 e
163 1965 290 2030 Barocc.
313 1969 347 2030 ct
367 1963 461 2031 baur.
483 1967 622 2032 restituit
646 1965 777 2034 οὑτωσί.
823 1964 967 2031 Alterum
990 1967 1108 2032 directe
1129 1984 1237 2048 repro·

122 2067 180 2133 bat
201 2066 318 2132 Coraes
341 2067 382 2132 ad
403 2067 498 2134 [socr.
521 2067 555 2133 T.
579 2069 611 2133 ll
634 2069 711 2150 292,
738 2070 789 2135 cui
811 2086 959 2134 assensus
980 2074 1032 2135 est
1051 2066 1183 2134 Wolfius
1205 2070 1238 2134 in

123 2167 368 2236 111111111137·
397 2175 432 2236 et
457 2171 614 2252 plerique;
648 2171 860 2237 Buttmannus
892 2176 1062 2253 utrumque
1084 2171 1237 2250 admittit;

123 2271 289 2338 Jacobsius
322 2272 363 2337 ad
395 2272 541 2338 Philostr.
573 2291 604 2354 p.
627 2270 690 2338 329
722 2292 791 2340 rem
822 2275 855 2339 in
888 2291 1042 2356 suspenso
1073 2275 1237 2357 relinquit;

123 2374 278 2441 Weberus
301 2375 342 2440 ad
363 2375 452 2441 Dein.
476 2394 501 2442 o.
525 2375 674 2440 Aristocr.
697 2373 757 2441 261
782 2377 816 2440 in
838 2375 994 2440 eiusmodi
1011 2375 1104 2441 rebus
1125 2376 1239 2461 abique

125 2500 195 2541 cam
217 2476 374 2541 radiabas
387 2475 576 2562 faciendum
598 2495 669 2542 esse
691 2478 873 2559 arbitratur,
895 2497 998 2561 neque
1013 2479 1107 2545 aliter
1120 2480 1239 2545 iudicat

124 2582 230 2664 Poppo
253 2581 497 2653 adilannnab.
509 2580 570 2645 Vll
582 2578 611 2644 6.
628 2576 679 2644 39.
702 2579 892 2646 Benselerus
915 2580 955 2645 ad
967 2580 1062 2647 Isocr.
1073 2600 1104 2663 p.
1119 2581 1178 2647 185
1192 2600 1237 2663 sq.

124 2689 241 2764 censet,
263 2688 413 2764 oratores,
436 2683 491 2766 qui
512 2682 641 2749 auribus
663 2685 841 2751 consultum
861 2683 991 2764 vellent,-
1010 2702 1051 2767 ny
1068 2684 1237 2762 addidisse,

125 2790 152 2854 si
175 2792 361 2870 sequeretur
382 2787 499 2852 vocalis
521 2804 623 2869 neque
645 2786 857 2853 intercederet
877 2803 991 2867 pausa,
1014 2804 1095 2867 quae
1116 2786 1239 2852 bia-tum

124 2892 296 2973 obtegeret
349 2888 505 2970 Equidem
528 2885 671 2956 ἐκεινοσί
695 2896 729 2955 et
750 2884 874 2961 οὑτοσί,
908 2905 990 2969 quae
1012 2888 1239 2970 Aristophanes

125 2994 219 3075 Vesp.
242 2991 283 3057 67
307 2995 340 3056 et
361 2990 402 3055 71
429 2991 461 3055 in
484 2992 571 3056 exitu
592 2991 727 3055 trimetri
748 2990 874 3055 iambici
896 2994 969 3054 ante
990 2990 1130 3054 vocalem
1151 2990 1240 3055 nulla

125 3094 376 3178 interpunctione
399 3093 565 3158 diremtum
588 3093 758 3172 collocavit,
782 3093 938 3174 specimen
961 3092 1136 3174 scripturae
1155 3091 1239 3157 Atti·

126 3218 181 3265 cae
202 3197 318 3276 babeo,
345 3212 513 3260 musonem
536 3199 642 3260 autem
675 3214 694 3260 a
715 3194 853 3260 librariis
874 3193 1063 3276 quibusdam
1084 3195 1256 3260 invectam-

125 3305 211 3382 puto,
233 3298 288 3381 qui
309 3297 402 3364 modo
423 3296 524 3363 hiatui
546 3316 724 3379 occurrere,
747 3297 840 3364 modo
861 3314 994 3378 pausam
1021 3296 1240 3363 notabiliorem

125 3402 259 3468 reddere
281 3404 440 3482 cuperent
495 3399 599 3484 Atque
625 3401 698 3466 huic
719 3399 844 3465 haeresi
866 3401 1141 3481 grammaticorum
1162 3417 1239 3481 quo-

126 3524 188 3587 que
222 3504 343 3585 aliquos
376 3501 487 3568 affines
520 3501 618 3569 inisse
651 3508 784 3586 apparet
815 3520 853 3566 ex
885 3502 940 3568 illo
972 3502 1128 3586 Apollonii
1154 3502 1239 3583 1οοο;

127 3626 203 3672 num
224 3607 292 3688 ipse
313 3604 376 3671 huc
396 3605 601 3686 inclinaverit,
623 3623 685 3670 non
708 3605 786 3670 satis
808 3605 915 3687 liquet

213 3707 384 3774 coniuncte
416 3726 489 3774 cum
518 3704 660 3774 οὑιιοσίν
680 3706 898 3790 Theognostus
921 3705 996 3773 Gan.
1022 3705 1131 3774 1621
1157 3705 1258 3772 eom·'

126 3816 281 3879 memorat
302 3808 420 3890 varia,
444 3810 528 3893 quod
549 3808 725 3875 Franckius
748 3809 788 3874 ad
811 3809 922 3878 Aesch.
945 3828 971 3877 c.
987 3809 1140 3876 Timarcb.
1156 3827 1185 3889 p.
1198 3806 1240 3872 57

127 3934 166 3980 ex
187 3932 251 3980 uno
272 3913 380 3980 codice
401 3909 690 3992 affem.Bekkems
712 3911 784 3977 275.
808 3911 848 3977 79
870 3914 963 3996 plene
984 3911 1152 3996 praeterit,
1184 3927 1240 3975 nc·

127 4036 188 4100 que
222 4015 347 4082 aliunde
369 4002 528 4097 cognitum
548 4014 710 4081 babemus.
766 4014 885 4080 Verum
917 4034 958 4081 ne
978 4015 1012 4079 in
1033 4013 1092 4078 boc
1113 4011 1185 4077 exili
1208 4016 1241 4076 et

128 4119 216 4186 arido
239 4119 306 4185 solo
328 4117 446 4183 diubus
467 4135 634 4198 moremur,
656 4135 750 4200 quam
772 4116 945 4182 necessitas
968 4115 1074 4196 exigit,
1097 4119 1240 4180 mansee-

127 4239 198 4288 mus
220 4220 261 4287 ad
282 4225 390 4304 partes
413 4218 563 4285 orationis
585 4218 795 4287 declinabiles.
