2736 4778
128 364 172 429 30
500 358 777 471 nlasna'rnrlo
812 360 867 426 vl.

130 527 187 592 τοῦ
200 520 292 592 ἀλύω
303 525 500 610 πλεονασμῷ
510 525 597 592 aasz
615 520 740 609 γίνεται
758 518 861 590 asoto
877 516 897 608 ἡ
914 519 941 589 δ’
961 516 1137 589 ἂλυίουσ’
1155 518 1252 590 dna·

129 623 281 714 βήσετο
304 627 340 693 Il.
362 627 391 693 E
413 627 486 693 352.
530 625 591 691 Hic
612 630 646 691 et
666 624 768 692 tribus
790 624 861 689 aliis
881 624 960 690 locis
980 623 1054 689 libri
1090 624 1131 690 ad
1152 643 1253 690 unum

130 748 238 797 omnes
262 726 373 797 ἁλί-ω
393 728 549 812 praebent
568 729 669 810 ypsilo
690 727 787 807 brevi,
810 727 908 792 semel
930 745 1004 792 vero
1026 727 1196 808 porrigitur
1216 728 1252 791 in

130 832 216 899 exitu
237 850 348 897 versus
371 831 430 897 0d
452 829 500 896 Ill
522 827 594 910 398,
617 836 650 896 et
670 829 721 894 hic
742 829 908 895 nonnullos
920 829 1147 912 diphthongum
1157 847 1252 912 prae·

129 935 241 1000 tulisse
270 941 381 1000 auctor
407 938 459 998 est
478 931 666 998 Euslalhius
691 929 783 1012 1636,
805 930 847 997 23
880 936 945 997 τῶν
980 934 1135 998 παλαιῶν
1167 957 1255 1010 τινες

28 1065 32 1076 ·
129 1034 374 1125 προςγράφουσι
407 1035 444 1101 ab
472 1033 603 1105 ἶκαθᾶ
637 1034 692 1100 καὶ
715 1033 749 1101 ἐν
771 1037 818 1121 τῷ
841 1030 983 1101 ὀπυίειν·
1007 1032 1047 1101 οὐ
1068 1031 1133 1121 μήν
1160 1032 1252 1101 ἕσαν

131 1137 376 1228 ἂνανιίῤῥητον.
421 1138 480 1204 His
502 1136 678 1220 promptius
699 1142 769 1202 erat
790 1129 945 1202 tusam
965 1153 1154 1218 proponerc;
1176 1152 1253 1200 nam

129 1241 190 1309 hoc
210 1243 369 1307 Homerus
389 1242 458 1322 ipse
479 1239 596 1318 utitur;
623 1239 682 1305 sed
702 1238 788 1304 nullo
809 1238 949 1305 remedio
971 1257 1050 1320 opus
1072 1244 1154 1318 erat,
1175 1256 1253 1303 nam

129 1343 185 1410 illa
211 1343 351 1426 syllabae
383 1343 507 1407 mediae
536 1339 730 1406 mutabilitas
767 1341 837 1406 aliis
860 1359 984 1424 quoqne
1006 1357 1156 1407 concessa
1183 1344 1250 1405 est³

130 1440 236 1532 ἢμύω,
261 1442 422 1516 anaunia.
447 1439 549 1532 ldpr'ro
573 1448 631 1508 etc.
686 1443 780 1526 Apud
801 1445 938 1526 mancos
959 1463 1023 1509 uno
1044 1442 1137 1509 modo
1160 1438 1252 1508 ultim

133 1547 283 1614 scribitur
303 1546 404 1629 ypsilo
425 1546 532 1628 longo;
555 1546 740 1628 diphthongi
762 1565 836 1612 vero
856 1547 1024 1628 vestigium
1051 1563 1151 1626 usque
1172 1534 1252 1625 qua-

133 1667 195 1730 que
216 1648 346 1728 nullum‚
368 1666 470 1730 neque
492 1648 554 1713 erit
575 1648 630 1729 qui
649 1648 709 1714 hoc
731 1667 768 1714 eo
790 1649 934 1730 explicet
956 1646 1047 1730 quod'
1061 1647 1158 1713 Attici
1180 1663 1252 1712 cam

133 1750 293 1816 vocalibus
324 1746 529 1832 praemittere
561 1749 747 1832 defugerint
802 1749 951 1818 Medeia
989 1749 1028 1815 ab
1051 1749 1186 1814 Arcadm
1218 1749 1253 1813 in

134 1853 276 1936 catalogo
298 1853 536 1918 isoteleutorum
558 1852 821 1934 praetermittitur
848 1871 906 1918 nec
930 1870 1069 1934 unquam
1095 1852 1127 1916 in
1149 1851 1253 1916 lucem

133 1956 254 2037 prodit;
278 1955 335 2020 scd
356 1952 425 2021 fieri
446 1958 564 2036 potest,
590 1959 628 2019 ut
647 1960 742 2036 poeta
763 1956 877 2036 aliquis
899 1954 1064 2019 audentior
1085 1939 1255 2036 aliquando

101 2092 110 2100 ·
131 2057 253 2122 adhoc
274 2056 439 2123 brevitatis
460 2056 635 2122 remedium
657 2055 840 2122 decurrerit
894 2056 1007 2137 Verbi,
1040 2056 1123 2138 quod
1156 2056 1252 2121 tertio

97 2168 102 2174 '
131 2158 198 2223 locu
220 2159 419 2240 proponitur,
449 2153 551 2225 forma
578 2158 694 2241 duplex
714 2159 813 2240 viget,
844 2154 1117 2240 posthabenda,
1150 2157 1253 2223 altera

132 2259 339 2342 scriptoribus
361 2259 525 2326 familiaris
548 2255 653 2346 daie,
676 2265 771 2342 atque
792 2260 865 2326 huic
883 2263 1028 2328 convenit
1048 2264 1144 2328 etiam
1166 2261 1252 2329 futu·

129 2378 202 2426 rum
224 2356 339 2451 ὀπῑὺσω
354 2363 460 2443 ‚semel
481 2362 599 2429 lectum
619 2361 704 2443 apud
724 2361 900 2444 Aristoph,
932 2365 1016 2446 quod
1047 2366 1135 2431 nulla
1156 2384 1255 2431 causa

131 2469 182 2529 est
213 2481 269 2529 cur
303 2464 343 2530 ab
372 2460 482 2532 duola
505 2463 696 2528 declinatum
724 2463 865 2530 dicamus
891 2467 1006 2531 omisso
1037 2472 1166 2549 propter
1194 2467 1252 2532 ad·

135 2566 324 2631 lunationem
347 2584 502 2631 consonae
524 2567 624 2630 vocali
646 2566 853 2648 hypothetica
886 2561 1035 2633 Ceterum
1057 2569 1116 2634 hoc
1138 2571 1252 2652 aprio

134 2667 222 2732 ribus
244 2666 351 2732 differt
372 2686 411 2732 ea
432 2685 476 2746 re,
498 2668 583 2748 quod
604 2668 666 2733 illis
688 2670 814 2758 nomina
836 2671 1026 2736 antecedunt
1037 2664 1125 2750 dlog,
1149 2674 1250 2757 μέθυ,

130 2769 306 2834 hocautcm
318 2769 438 2834 nullum
448 2770 640 2850 primitivum
650 2771 748 2836 habet
762 2777 889 2852 praeter
900 2773 1056 2854 opinabile
1080 2771 1180 2858 οἴφω,
1200 2776 1252 2839 cui

132 2870 509 2937 adhaereutsubstantiva
520 2868 658 2961 οἰφόλης
670 2878 703 2936 et
715 2867 1064 2961 laottqgfflhemdip
1075 2875 1252 2942 Verborum

132 2972 357 3056 bisyllaborum
378 2993 474 3039 unum
499 2972 586 3040 θυίω
608 2975 742 3056 legimus
763 2975 796 3040 in
818 2974 857 3040 H.
872 2976 912 3040 H.
940 2977 1023 3043 Huic
1044 2978 1146 3042 simile
1162 2977 1252 3066 φυίω

131 3075 203 3140 EM.
225 3076 387 3141 Aeolicum
410 3077 562 3159 appellat,
596 3077 652 3141 sed
679 3077 772 3142 huius
794 3077 920 3143 dialecti
947 3084 1022 3143 nota
1043 3086 1157 3145 vacant
1180 3099 1252 3163 syn·

133 3178 223 3243 theta
246 3177 443 3265 δεκάφυιος,
480 3177 614 3265 δίφυιος
646 3172 1153 3266 etaptp1=10;‚'quaeubiedn.
1176 3189 1252 3249 vett.

134 3281 202 3345 sine
224 3281 289 3345 iota
311 3281 472 3358 exhibent,
505 3299 588 3347 nunc
610 3287 751 3346 correcta
773 3287 860 3362 aunt,
888 3302 916 3347 v.
938 3283 1052 3365 Phryn.
1075 3281 1147 3350 494.
1192 3284 1254 3361 Qui
1346 3336 1348 3341 .

133 3381 212 3446 illud
233 3383 420 3463 omiserunt,
453 3382 589 3448 fortasse
616 3384 760 3464 exempla
788 3403 884 3466 snpra
905 3386 1049 3466 exposita
1074 3388 1159 3467 μῦα,
1193 3383 1253 3465 ὑός

136 3485 274 3565 sequuiti
296 3490 378 3549 aunt.
393 3479 428 3531 -’
453 3483 575 3549 Nomen
598 3483 815 3574 παραφυάδες
838 3505 857 3550 a
878 3485 1036 3551 Nicandro
1062 3493 1251 3569 usurpatum

130 3585 230 3667 ypsilo
242 3586 394 3666 producto
406 3590 573 3652 crematum
585 3586 658 3666 arsi
675 3587 840 3667 ipsumque
857 3586 997 3666 verbum,
1014 3605 1148 3669 quocum
1167 3608 1250 3655 com·
1278 3572 1284 3581 ’
1333 3614 1337 3625 ·

130 3689 268 3768 positum
288 3694 345 3768 cst,
364 3690 448 3770 apud
464 3689 547 3753 hunc
558 3693 683 3771 poetam
700 3694 732 3753 et
744 3706 895 3770 suppares
908 3689 1113 3769 penultimam
1126 3693 1252 3774 longam

130 3789 274 3856 babet-
286 3789 452 3874 Synaeresi
463 3811 538 3858 vero
549 3792 665 3857 vocaHs
676 3791 808 3872 optativi
821 3791 1085 3871 characteristica,
1096 3793 1161 3858 iota
1172 3793 1252 3874 dico,

130 3893 248 3959 abolita
258 3894 425 3959 videturin
438 3890 505 3980 φύη
517 3893 647 3959 Theocr.
659 3898 692 3958 et
702 3892 827 3976 gemino
839 3887 910 3979 δύη,
922 3893 1177 3973 quodBckkerus
1185 3895 1251 3960 Ho-

130 4013 279 4076 meropro
286 3992 481 4059 subiunctivo
494 3990 555 4084 δύῃ
568 3995 745 4074 substituit3
758 3992 959 4067 Thiarachius
971 4013 1045 4061 vero
1050 4014 1081 4078 p.
1089 3995 1151 4062 379
1165 3996 1251 4086 dola,

131 4094 285 4161 Matthiae
306 4116 335 4178 p.
348 4095 410 4162 672
434 4098 525 4185 paria,
549 4116 681 4181 quorum
707 4102 854 4162 neutmm
876 4115 954 4178 opus
977 4105 1035 4163 est
1054 4098 1178 4164 Eadem
1199 4116 1273 4164 ro··

131 4197 215 4263 tione
237 4198 302 4263 iota
325 4200 529 4282 supprimitur
551 4200 583 4265 in
605 4199 898 4282 verbisparagogis
920 4217 1001 4282 quac
1015 4198 1252 4267 Choeroboscus

133 4300 277 4382 designat
308 4320 337 4383 p.
361 4300 436 4381 774,
470 4301 525 4368 ubi
556 4301 731 4384 optativum
762 4301 972 4383 diphthongos
1007 4301 1039 4367 in
1073 4301 1249 4383 penultima
