2736 4778
351 348 416 412 DE
445 342 722 410 PARECTASI.
768 342 806 409 C.
828 344 893 410 111.
1106 351 1180 422 435

63 534 162 620 igitur
184 555 259 598 oum
282 524 390 615 ἀλέγω
419 527 573 592 cohaeret
597 537 635 590 ut
658 521 851 614 Δοςήβολος
879 524 1075 615 δαςοίντητος
1097 535 1179 600 Hes.

63 647 98 701 et
124 629 323 721 σονηδολίη,
360 649 427 713 quo
455 628 654 714 Apollonius
687 628 787 692 utitur
817 651 878 714 pro
906 628 1073 719 συμβολή,
1107 657 1180 700 omn

64 734 209 820 ιίβολεῖν.
253 733 316 796 llla
346 739 516 817 poetarum
543 729 663 795 finibus
695 729 901 795 eontinentur
929 750 1033 816 eaque
1057 735 1180 801 rationo

63 838 220 902 differunt
242 833 283 897 ab
305 826 524 919 ὑιτερηφανής
545 842 577 896 et
605 827 835 918 ὑπερήφανος,
871 854 958 917 quae
977 832 1011 896 in
1033 856 1181 902 sermone

62 941 130 1002 fixa
151 946 242 1011 sunt3
263 954 339 997 nam
363 927 556 1018 ὑπέρηανος
578 931 710 996 omnino
731 952 798 996 non
820 932 952 1011 dieitur,
988 928 1182 1026 δπερφανής

65 1039 130 1103 alio
159 1037 334 1101 intellectu.
383 1032 571 1119 Hesychius
601 1042 691 1097 extra
723 1033 840 1097 seriem
861 1029 1091 1123 Ὑπερηφιμίς
1119 1061 1181 1121 με·

65 1136 291 1226 aasabim,
332 1134 422 1220 quod
460 1144 649 1220 suspectum
689 1133 836 1199 habetur.
895 1135 1002 1219 Παρὰ
1034 1136 1072 1202 τὸ
1106 1133 1181 1215 ἔτος

63 1234 182 1316 ἑτάνός
200 1237 256 1303 καί
277 1237 478 1324 πλεονασμῷ
498 1240 557 1302 τοῦ
575 1223 801 1324 ἧδπηείανός
816 1237 896 1302 ΕΜ.
909 1236 982 1314 356,
993 1236 1046 1303 39.
1067 1237 1181 1305 Schol.

62 1340 158 1426 Lips.
182 1339 225 1403 ad
245 1336 284 1402 Il.
307 1337 367 1404 lv.
390 1336 463 1401 293.
494 1337 554 1400 sed
581 1336 644 1401 boe
673 1346 804 1420 etymon
830 1361 946 1424 parum
969 1340 1119 1404 convenit
1137 1341 1180 1404 ad

62 1441 205 1507 Hesiodi
226 1440 333 1505 looum
356 1435 538 1523 ἐπηεταναὶ
552 1435 677 1522 τρίχες,
698 1437 874 1523 ipsumque
896 1437 1012 1517 ἕτανός
1029 1441 1178 1526 ignotum

62 1554 129 1618 ost,
151 1563 258 1625 neque
279 1539 411 1606 omnino
434 1538 584 1602 novimus
607 1539 768 1622 adjectiva
789 1539 823 1603 in
843 1528 972 1618 ἀνΤςα
994 1542 1179 1608 nominibus

61 1643 192 1727 generis
226 1641 372 1706 neutrius
403 1641 438 1704 in
461 1626 512 1718 οξ
535 1639 730 1704 exeuntibus
753 1650 938 1727 propagata
961 1655 1091 1727 praeter
1113 1645 1178 1710 duo

59 1743 191 1829 longius
216 1753 409 1830 exporrecta
429 1737 616 1831 μηκεδανός
635 1750 668 1804 et
684 1739 858 1828 ῥιγεδανδς
880 1765 909 1805 v.
934 1742 976 1806 ad
991 1744 1046 1828 Aj.
1059 1767 1092 1832 p.
1103 1746 1177 1810 404.

62 1845 153 1925 Quin
175 1856 301 1909 veteres
326 1845 391 1930 ipsi
415 1843 628 1908 dissentiunt:
659 1839 699 1907 τὸ
722 1830 747 1906 ἶ
773 1846 833 1926 τῆς
861 1842 921 1909 dari
948 1841 1055 1911 ἐνίοτε
1081 1846 1116 1912 ἒν
1137 1850 1177 1935 τῇ

61 1946 216 2012 συνθέσει
248 1943 298 2022 είς
333 1935 358 2033 η
380 1946 540 2029 τρέπεται
562 1941 729 2030 ἐπήβολος
750 1943 807 2006 καί
830 1941 1030 2026 ἐπηετανός·
1055 1941 1092 2010 οὗ
1116 1945 1178 2032 γὰρ

61 2043 157 2129 παρὰ
180 2046 218 2110 τὸ
239 2048 363 2125 ταναός
382 2046 492 2132 Epim.
515 2045 542 2111 Ι.
568 2045 640 2109 145.
664 2044 722 2108 sed
745 2042 808 2106 alio
832 2042 906 2106 loco
928 2043 956 2106 I.
981 2044 1052 2107 180.
1076 2045 1178 2132 irros-

60 2143 277 2228 aestimaudi
300 2147 338 2230 τὸ
361 2143 452 2225 ἔτος·
474 2142 520 2222 (ὃς
543 2144 581 2210 δέ
602 2169 688 2220 τινες
712 2143 807 2226 παρὰ
824 2142 863 2208 τὸ
883 2141 1006 2220 ταναός
1014 2193 1022 2222 ,
1047 2167 1111 2229 qua
1126 2169 1178 2209 ra·

61 2246 152 2308 tione
175 2245 368 2329 significatio
388 2270 407 2311 a
426 2246 562 2334 perenni
585 2255 616 2309 et
639 2252 799 2330 perpetuo
825 2243 1013 2309 transfertur
1034 2247 1076 2311 ad
1098 2270 1177 2312 eon·

62 2347 190 2409 tinuum
211 2346 248 2413 τὸ
268 2348 429 2432 διηνεκές,
451 2370 557 2433 eoque
574 2345 662 2409 ducit
684 2345 781 2409 etiam
804 2343 939 2408 alterum
960 2348 1179 2434 compositum

62 2448 229 2532 Διητανίς
250 2448 345 2513 λιτόν
365 2449 602 2530 διατεταμένον
622 2448 704 2512 Hes.
728 2455 764 2509 ut
787 2458 876 2511 lentae
896 2445 1040 2512 areima
1082 2449 1177 2530 Quo-

59 2547 160 2612 modo
183 2547 282 2633 igitur
304 2546 472 2638 ἐπήβολος
493 2549 534 2615 ab
554 2548 704 2615 omnibus
722 2546 840 2612 dieitur
854 2569 915 2633 pro
935 2545 1106 2631 ἐπίβολος,
1131 2553 1179 2617 sio

59 2648 200 2737 produci
222 2649 332 2737 potuit
356 2649 537 2738 διιητανδς,
561 2673 627 2735 quo
651 2648 817 2714 Maximus
839 2648 940 2712 utitur
961 2671 989 2712 v.
1009 2650 1094 2729 465„
1118 2655 1178 2717 ad-

60 2751 198 2836 ditoque
216 2753 321 2838 epsilo
338 2747 535 2837 ἐπηετανός,
559 2754 652 2837 eujus
671 2751 766 2816 tertia
782 2749 908 2834 syllaba
922 2750 956 2814 in
967 2773 1063 2817 versu
1076 2753 1177 2818 inter-

60 2855 139 2918 dum
161 2855 371 2939 praeteritur,
401 2864 554 2918 accentus
582 2867 689 2918 autem
720 2852 866 2936 sequitur
892 2854 1076 2939 exemplum
1098 2877 1178 2920 eon·

60 2955 192 3039 generis
213 2951 350 3031 νειανιίς
373 2963 406 3018 et
424 2954 561 3019 aliorum
580 2954 776 3040 simplicium
793 2951 844 3016 his
862 2951 995 3036 syllabis
1013 2954 1178 3020 finitorum

59 3079 91 3121 v.
114 3054 215 3119 Proll.
239 3054 310 3119 182.
350 3048 610 3131 Ἐπιιανίδεσσι,
641 3054 732 3138 quod
748 3051 897 3117 Rhianus
926 3053 959 3116 in
986 3053 1112 3139 Odyss.
1135 3059 1176 3122 V.

59 3157 135 3222 252.
159 3177 219 3242 pro
243 3152 493 3242 ἐπηγκενίδεσσι
515 3154 667 3241 posuisse
690 3153 817 3230 dieitur,
838 3155 1054 3219 Buttmannus
1077 3153 1178 3220 εἶπεν·

58 3254 230 3324 τανίδεασι
265 3255 364 3322 scribi
400 3255 489 3330 vult;
525 3253 729 3341 probabilius
761 3266 811 3319 est
848 3253 1055 3341 ἐσηιανίδες.
1114 3257 1178 3322 His

59 3357 182 3424 similes
204 3357 335 3423 tabulae
356 3363 484 3424 τανεῖαι
508 3368 541 3421 et
565 3355 690 3425 ταινίαι
712 3353 857 3422 σανίδων
879 3355 1038 3421 nominari
1063 3357 1178 3423 viden·

58 3472 113 3524 tur
132 3459 168 3524 id
189 3469 240 3523 est
260 3457 393 3536 σανίδες
415 3459 666 3538 διαιεταμίναι,
697 3479 762 3543 quo
785 3459 917 3523 nomine
938 3458 1012 3523 illae
1035 3458 1177 3548 ἐπηγκε-

58 3560 148 3640 νίδες
170 3560 324 3648 explicari
346 3560 462 3657 solent..
485 3598 527 3609 —
548 3558 687 3654 Mirifice
710 3568 795 3623 errat
813 3558 925 3627 Sohol.
938 3559 1051 3647 Apoll.
1064 3561 1092 3626 Ι.
1104 3563 1177 3629 312.

59 3665 95 3727 ἓν
115 3668 166 3750 τῷ
187 3658 378 3748 molitiones>
391 3659 574 3745 διιενεεέθη
596 3659 633 3724 ιδ
660 3687 694 3747 η,
722 3661 817 3744 quasi
839 3661 975 3727 dubium
997 3662 1039 3727 sit
1060 3664 1095 3729 id
1116 3688 1177 3752 pro

58 3754 84 3831 ὂ
106 3773 275 3850 receptum
304 3784 376 3829 esse
402 3771 440 3827 ut
468 3760 567 3849 alpha
595 3760 731 3847 longum
756 3760 791 3826 in
813 3761 1036 3848 πολιανόμσς,
1070 3767 1178 3831 Πολι-

59 3864 170 3946 οίοχας.

142 3966 198 4030 De
220 3985 354 4030 casuum
374 3964 612 4049 modorumque
634 3964 817 4051 augmentis
837 3988 921 4051 quae
941 3965 1092 4031 dicuntur
1111 3963 1177 4026 fere

57 4066 170 4130 omnia
191 4088 233 4131 ex
253 4088 337 4131 vano
360 4066 500 4131 conflata
523 4075 608 4128 sunt.
656 4064 702 4129 Tri
733 4067 934 4154 κηδεμονῆες
965 4061 1050 4129 κατὰ
1074 4062 1178 4126 πλεο-

56 4165 185 4249 νασμὸν
207 4161 275 4234 ἀπὸ
299 4171 359 4233 τοῦ
378 4165 557 4250 κηδεμόνες
579 4164 691 4232 Sohol.
713 4167 827 4251 Apoll.
847 4168 875 4231 I.
900 4166 972 4230 271.
1004 4163 1096 4247 eujus
1118 4185 1178 4248 ge-

58 4268 146 4332 neris
170 4267 331 4356 permulta
351 4265 470 4352 oollegi
491 4265 524 4330 in
548 4266 668 4333 Parall.
691 4266 765 4331 234.
788 4265 881 4331 metn'
901 4286 999 4430 {guse
1024 4286 1044 4328 a
1067 4267 1178 4330 temni·
