2736 4778
206 326 275 393 na
295 323 563 393 Paosrnasr
583 323 645 389 nr
671 325 931 395 nrumaasr.
955 325 1066 396 err
1085 329 1152 415 §.a
1192 330 1241 407 87

130 511 230 578 Rhea.
252 535 285 598 p.
311 511 380 577 122.
403 510 463 575 sed
486 531 583 574 nemo
606 510 706 574 audit.
741 510 903 597 Ὕφαρος,
930 514 1017 579 unde
1040 514 1241 580 Doederlein

131 611 241 679 Gloss.
268 611 321 677 69.
349 616 462 697 φᾶρος
489 610 638 688 arcessit,
675 611 829 676 ficticium
856 623 914 678 est.
972 616 1042 682 Nec
1071 616 1240 702 probabile

132 712 260 778 videtur
282 713 373 797 quod
395 710 518 777 Coraes
546 712 624 778 dicit
650 713 693 778 ad
717 713 884 779 Plutarch.
914 715 956 781 T.
977 716 1241 785 ursoniam

131 837 203 880 esse
233 815 392 880 κνώσσειν
413 823 446 877 et
471 809 666 880 ὑπνώσσειν.
695 811 823 895 Ῥίσκος
851 827 884 882 et
914 812 1048 901 ὑρίσκος
1076 821 1119 896 (v.
1139 817 1240 885 Proll.

129 914 220 997 337.)
239 913 395 998 quodque
410 912 595 999 Hesychius
611 917 706 991 offert
718 918 868 1005 Ὕλιγγες
889 913 1006 1003 λόγχαι
1026 917 1244 983 reconditiora

131 1026 209 1080 sunt
238 1037 336 1098 quam
361 1024 396 1078 ut
422 1018 600 1101 argumenti
626 1019 692 1085 sim
720 1019 896 1086 obtineant.
947 1018 1025 1084 Pari
1047 1018 1244 1085 obscuritate

133 1116 290 1202 premitur
313 1115 455 1198 ejusdem
475 1117 588 1202 glossa
604 1115 796 1189 Ὠκλίνασαι
817 1122 985 1199 abbacuc,
1018 1142 1127 1206 neque
1155 1120 1244 1187 aliud

132 1217 259 1304 reperio
289 1216 383 1301 hujus
416 1218 598 1305 pleonasmi
631 1221 816 1311 exemplum
846 1221 909 1288 nisi
948 1223 1038 1307 quod
1063 1222 1243 1289 Passovius

131 1321 314 1408 suspicatur
329 1321 506 1405 όιωλόγιος
527 1344 602 1387 eum
627 1321 720 1409 λιγύς
743 1326 795 1392 vel
823 1321 908 1407 λόζω
933 1323 1161 1410 cognationem
1181 1323 1241 1390 ha·

129 1422 216 1488 bere.
269 1420 337 1489 Sed
361 1422 528 1506 quomodo
557 1446 578 1488 a
603 1445 684 1490 voce
714 1426 840 1491 traduci
877 1425 1021 1511 potuerit
1047 1425 1089 1490 ad
1116 1426 1241 1512 signifi·

128 1524 290 1591 sationem
310 1524 457 1611 spatiosi,
478 1523 644 1591 intellectu
666 1526 814 1605 diiiicile3
833 1549 909 1591 nam
931 1526 1021 1612 quod
1043 1527 1244 1615 διαπρόσιος

130 1627 171 1692 de
193 1638 333 1712 utroque
356 1625 483 1703 dicitur,
508 1626 571 1691 alia
593 1649 691 1693 causa
710 1638 769 1695 est
813 1631 950 1697 Veteres
971 1629 1027 1716 qui
1050 1624 1193 1713 ‹itiymv
1211 1640 1244 1695 et

129 1725 306 1811 διωλύγιον
338 1727 592 1813 interpretantur
622 1727 792 1796 σκοτεινόν
822 1743 858 1796 ut
889 1730 1093 1818 Hesychius,
1131 1730 1242 1798 Schol.

127 1828 240 1916 Apoll.
262 1829 322 1895 IV.
347 1827 438 1893 1258.
460 1839 493 1893 et
513 1828 556 1893 ad
574 1829 658 1896 Plat.
682 1830 819 1898 Theaet.
843 1832 914 1898 162.
956 1834 1000 1898 A.
1023 1829 1086 1898 hoe
1106 1832 1243 1899 fortasse

129 1931 312 2018 argumenti
335 1929 519 1996 habuerunt
547 1931 636 2015 quod
663 1955 897 2019 nonnunquam
924 1930 1043 2010 σκότος
1069 1932 1244 2017 διωλύγιον

130 2044 263 2100 vocatur
301 2043 339 2096 ut
366 2032 401 2097 in
426 2032 593 2099 Damascii
623 2026 723 2110 loco.
742 2034 844 2118 idque
870 2033 1090 2118 repetiverunt
1122 2030 1243 2119 atim

132 2135 197 2202 siva
219 2130 338 2224 ἢλόγη,
368 2132 500 2220 quicum
526 2133 677 2200 convenit
692 2128 840 2218 Ἠλόγων
865 2125 972 2218 όρέων
996 2128 1030 2199 ἕν
1055 2129 1163 2220 σκότῳ
1187 2157 1246 2198 κα-

130 2239 309 2320 τιχόμὲνων
339 2245 377 2300 ut
405 2233 534 2322 ἕπῆλυξ
559 2233 713 2320 nieuw)
746 2234 836 2322 apud
861 2233 1055 2320 Euripidem
1080 2233 1116 2299 id
1146 2242 1196 2299 est
1222 2226 1243 2322 ἡ

132 2335 386 2421 ἐπηλυγάζουσα
417 2334 473 2401 καὶ
496 2332 770 2419 incameratae.
813 2335 984 2403 Vocalium
1005 2335 1149 2401 omnium
1168 2333 1242 2401 lon·

132 2437 296 2525 gissimam
318 2437 494 2523 aliquando
517 2434 665 2501 detritam
687 2459 759 2503 esse
776 2438 870 2504 valde
885 2436 1075 2503 incredibile
1092 2445 1157 2511 est;
1179 2460 1244 2519 μα·
1319 2490 1331 2499 ,

132 2538 254 2627 φόρων
279 2540 353 2625 ipsa
378 2538 489 2626 speeie
515 2530 624 2603 refert
640 2550 777 2605 aetatem
805 2539 1008 2606 cucullatam.
1057 2532 1161 2618 Γύγης
1183 2557 1244 2621 pro

122 2635 265 2725 ’Ὠγυγος
286 2641 363 2705 olim
386 2638 587 2706 scribebatur
608 2639 726 2726 Polyb.
748 2642 795 2708 11.
817 2642 870 2719 41,
892 2640 923 2707 5.
945 2660 1052 2705 errore
1074 2637 1205 2715 librarii.

217 2747 242 2828 ξ.
266 2742 294 2808 2.
337 2741 628 2828 Diphthongorum
644 2743 841 2809 enumeratio
857 2740 1134 2808 consummabitur
1145 2738 1243 2805 brevi.

130 2839 307 2928 Atymwtv
336 2841 368 2912 oi
398 2845 539 2913 παλαιοὶ
569 2838 644 2910 ἀλλ’
669 2836 708 2911 ori
730 2847 820 2928 γῦπα
843 2844 936 2912 Suid.
979 2845 1145 2909 Homerus
1171 2841 1243 2928 qui·

134 2946 208 3013 dem
229 2954 367 3029 utroque
388 2944 489 3010 utitur
509 2945 568 3009 sed
590 2966 669 3008 num
691 2942 731 3010 de
756 2944 890 3011 dirersis
912 2971 954 3012 an
977 2946 1017 3012 de
1039 2945 1170 3021 iisdem,
1193 2943 1243 3007 in-

133 3059 290 3133 terpretes
307 3056 443 3111 certant:
466 3042 644 3130 αἰγυπιοός
669 3041 702 3112 oi
719 3045 780 3127 μὲν
798 3040 887 3123 aldae
906 3043 1015 3124 ἀετοῦ,
1038 3044 1070 3111 ni
1090 3045 1127 3112 δὲ
1144 3049 1246 3128 γῦπες

132 3149 286 3228 ἐδέξαντο
319 3147 428 3214 Schol.
461 3147 501 3212 Il.
531 3144 610 3212 VH.
642 3144 694 3209 59.
729 3167 789 3210 uee
820 3145 998 3230 quidquam
1030 3143 1246 3229 pronunciare

132 3250 232 3314 audet
260 3245 478 3315 Schneiderus
511 3244 554 3311 ad
574 3245 711 3311 Aristot.
740 3244 780 3312 T.
805 3247 865 3315 IV.
888 3247 939 3313 59.
983 3245 1149 3312 Nicander
1168 3267 1244 3310 vero

133 3364 166 3416 et
186 3350 345 3415 Aelianus
372 3349 585 3435 distinguunt.
629 3348 666 3415 Si
690 3371 801 3413 verum
818 3360 867 3415 est
885 3348 975 3434 quod
993 3348 1046 3413 hie
1065 3347 1144 3412 dicit
1167 3346 1246 3425 τοὺς

132 3449 312 3536 αὶγυπιοὺς
333 3451 367 3518 ἐν
387 3450 540 3540 μεθορίῳ
559 3454 674 3535 γυπῶν
695 3443 779 3518 εἶναι
803 3451 858 3518 καὶ
881 3449 1000 3518 αἰετῶν
1021 3450 1067 3517 lI.
1081 3449 1134 3516 46.
1158 3447 1246 3514 haud

132 3553 309 3619 absurdum
336 3553 463 3617 videtur
490 3553 622 3619 credere
648 3575 768 3618 nomen
796 3551 877 3618 illud
903 3575 944 3619 er
974 3550 1088 3631 αἰετός
1116 3564 1149 3619 et
1177 3550 1247 3639 γύψ

131 3654 351 3742 compositum
378 3675 450 3719 esse
479 3650 703 3720 terminatione
735 3654 839 3720 recisa
872 3654 937 3721 iere
970 3665 1006 3719 ut
1041 3651 1185 3734 αἰπόλος
1215 3666 1247 3720 et

133 3755 331 3844 iscinapdoc·
388 3756 475 3822 Nam
511 3754 601 3840 quod
637 3755 808 3822 Dammius
848 3756 1033 3844 suspicatur
1070 3756 1246 3843 significari

131 3879 282 3944 moenum
314 3860 471 3926 vulturem
504 3858 602 3944 alpha
636 3857 793 3928 intentive
827 3881 886 3946 per
906 3858 974 3926 iota
1001 3859 1181 3948 producto,
1212 3857 1247 3920 id

130 4030 466 4046 *a*-

144 4124 154 4132 ·
202 4117 229 4181 i)
242 4115 378 4172 Matthiae
390 4116 426 4170 ad
438 4114 514 4188 cycl.
529 4116 588 4170 ors.
601 4117 816 4170 nominativum
834 4107 944 4179 inritat,
961 4110 1060 4181 inquit,
1082 4124 1140 4165 non
1148 4117 1248 4185 mapts

130 4205 163 4256 ta
181 4218 235 4256 aaa
253 4202 350 4273 faisse
368 4203 457 4258 aetio
475 4218 567 4275 qaam
582 4195 766 4273 καλλιγύναιξ.
800 4198 866 4254 Hoc
887 4195 1020 4251 dissimile
1039 4204 1090 4253 est.
1126 4195 1246 4272 Ἐπῆλυξ

130 4286 186 4357 (sie
197 4287 272 4344 enim
283 4287 464 4347 scribendum
475 4288 550 4359 arat)
562 4304 622 4348 non
631 4287 714 4347 aliter
727 4293 809 4344 sonat
820 4299 905 4359 quam
916 4286 1052 4351 καταῖτυξ·
