2736 4778
200 349 264 418 DE
280 349 500 420 SYNCOPE
514 350 659 420 UNIUS
675 350 896 422 VOCALIS.
917 288 962 423 C.
970 354 1031 422 VI.
1050 356 1075 442 ξ.
1089 355 1118 423 1.
1158 359 1232 435 329

127 547 158 602 et
176 536 250 603 476.
262 538 295 622 ²)
320 559 460 622 quorum
481 535 563 600 illud
584 537 742 621 adjective
764 535 881 602 dieitur
901 561 962 624 pro
983 537 1150 626 βασιλική,
1171 541 1233 608 hcc

123 638 326 704 substantive
342 637 535 724 plerumque
551 660 611 724 pro
628 637 793 720 βασίλεια,
817 639 901 703 sicut
914 640 1063 723 θεραπίς
1079 642 1234 730 distingui

123 751 235 829 potest
259 762 280 804 c
308 736 488 827 erpanp'r.
537 738 706 805 Interdum
738 738 780 803 nb
808 740 923 805 cadom
948 740 1048 827 stirpe
1076 742 1236 810 ducuntur

124 840 286 927 adjectiva
305 839 340 903 in
354 827 422 925 ᾗς
443 852 476 907 et
491 828 576 928 {co}
597 840 844 926 significationis
869 842 1055 908 discrimine
1076 845 1165 910 nullo
1185 847 1237 912 vcl

124 942 276 1030 pertenui
297 950 334 1005 ut
355 940 481 1025 λυπρός
506 937 577 1008 ἀντὶ
598 945 655 1008 τοῦ
678 938 827 1032 λυπηρός
848 942 926 1011 seh.
948 944 1027 1009 Eur.
1049 945 1142 1012 Mod.
1164 946 1236 1012 295.

127 1044 219 1129 quod
246 1043 290 1108 ad
317 1041 500 1130 exemplum
524 1042 626 1108 multe
653 1054 774 1109 temere
801 1045 969 1132 fingsmtur
990 1046 1155 1133 γεραηρός
1182 1047 1237 1115 καὶ

126 1144 161 1211 ἐν
182 1149 334 1233 συγκονιῇ
355 1141 497 1228 γεραράς
509 1144 589 1211 ΕΜ.
610 1168 640 1210 v.
652 1146 754 1214 Proll.
768 1147 841 1214 279.
865 1146 1002 1237 λιβρρός
1019 1144 1136 1233 λιβρός
1156 1149 1235 1214 EM.

127 1241 296 1334 ἕλαφηριὶς
316 1243 375 1312 καὶ
395 1237 575 1330 ἀφαιρέσει
597 1245 745 1334 ἐλαφρός
769 1242 815 1326 ὡς
836 1245 982 1337 ἕχῧηρός
1003 1248 1125 1335 ἐχθρός
1147 1249 1235 1316 Gud.

127 1348 203 1425 179,
226 1347 277 1413 51.
306 1345 383 1415 Sch.
407 1345 476 1413 Od.
496 1347 525 1413 Ι.
550 1346 621 1412 164.
650 1370 734 1433 quae
756 1350 832 1435 juro
856 1350 1069 1436 repudiantur
1095 1349 1129 1414 in
1154 1351 1234 1416 ΕΜ.

124 1450 176 1526 39,
193 1448 245 1515 53.
268 1440 382 1529 αἶσχος
402 1442 554 1532 αἰσχρός,
577 1450 677 1526 κῦδος
697 1448 832 1534 κυδρός,
856 1455 963 1539 ψῦχος
984 1446 1124 1537 ψυχρός,
1147 1448 1236 1537 λύπη

125 1550 262 1637 λυπρός.
310 1542 360 1615 Ori
388 1547 452 1636 γὰρ
480 1542 550 1615 ἀπὸ
580 1553 640 1615 τοῦ
671 1546 830 1636 αἶσχηρός
857 1555 1092 1636 συγκέκοπται.
1135 1551 1236 1618 Falso

122 1674 233 1716 rrrrsus
251 1675 285 1738 p.
300 1650 372 1728 170,
389 1649 438 1717 15.
462 1643 618 1736 αὐλητρίς
638 1643 706 1716 ἀπὸ
728 1657 789 1719 τοῦ
812 1645 988 1740 αὖλρτρρίς
1006 1675 1035 1718 v.
1049 1652 1151 1719 Proll.
1161 1653 1235 1720 464.

122 1764 190 1819 not.
213 1753 266 1819 50.
290 1753 350 1818 sed
379 1750 578 1820 tolerabilius
604 1750 766 1838 φίλρτρον
790 1753 1019 1842 unicornuus}
1041 1756 1182 1839 φίλιροι
1203 1779 1235 1841 p.

124 1854 257 1933 795,17.
275 1851 355 1921 εἰδῶ
371 1849 516 1940 εἰδήμων
531 1851 588 1918 καὶ
603 1852 689 1918 κατὰ
703 1852 873 1942 συγκοπῆι
888 1852 994 1938 illusus
1005 1855 1236 1934 Gud.271,2o.

125 1979 201 2022 narn
224 1955 340 2021 horum
367 1964 454 2021 certe
480 1964 618 2038 utraque
643 1953 747 2019 lormc
772 1956 808 2021 in
832 1977 894 2020 usu
919 1966 985 2032 est,
1013 1957 1068 2022 illc
1096 1980 1116 2022 c
1137 1959 1238 2044 stirpe

127 2058 241 2135 ducta,
269 2056 352 2123 haec
377 2079 397 2119 c
418 2055 552 2120 traduco
578 2077 608 2118 v.
631 2055 675 2119 cd
698 2055 777 2121 Phr.
802 2057 873 2122 131.
915 2057 1044 2123 Eadem
1068 2071 1238 2124 causaest

127 2158 294 2224 nominum
314 2145 419 2242 inple
438 2154 640 2232 exeuntium
662 2179 738 2221 nam
756 2162 845 2240 κῦμα
868 2180 934 2222 non
952 2150 1024 2224 ἀντὶ
1046 2163 1106 2225 τοῦ
1127 2155 1236 2246 κύρμα

129 2258 214 2324 κατὰ
235 2255 403 2348 συγκοπὴν
428 2256 540 2325 Schol.
560 2258 675 2343 Apoll.
697 2258 759 2325 IV.
783 2259 875 2325 1492.
898 2259 957 2325 sed
979 2282 1000 2323 a
1018 2259 1118 2326 verbo
1141 2260 1237 2346 bory-

129 2370 207 2426 tono
225 2370 263 2425 ut
277 2364 383 2449 φῦμα,
402 2362 497 2442 θῦμα
518 2368 549 2423 et
568 2369 605 2422 ut
625 2382 646 2423 a
661 2355 750 2444 σύρω
772 2357 883 2445 σύρμα
903 2360 951 2426 sic
969 2383 989 2424 c
1006 2358 1093 2446 κύρω
1116 2359 1236 2447 κύρμα,

127 2456 221 2546 meipso
249 2457 383 2550 φύρμα,
414 2483 434 2525 u
460 2460 666 2526 circumflexo
690 2471 798 2525 autom
821 2459 952 2549 κῦρρμα
979 2471 1016 2525 ut
1037 2461 1177 2547 ριὶραμα
1193 2463 1236 2546 ³).

124 2564 254 2628 Horum
275 2561 423 2629 ordinem
440 2562 606 2648 egreditur
627 2555 740 2646 οἶδμα,
760 2563 851 2647 quod
868 2562 979 2631 Schcl.
994 2565 1073 2628 Eur.
1088 2563 1172 2627 Hoc.
1184 2563 1236 2629 26.

125 2666 244 2731 rectius
266 2688 287 2730 c
306 2662 406 2730 vcrbo
429 2660 566 2748 οἴόομαι
586 2664 731 2750 quemvis
752 2664 906 2730 inusitato
927 2665 1047 2752 repetit
1066 2688 1096 2731 v.
1112 2665 1237 2731 Techn.

125 2791 159 2853 p.
183 2768 234 2833 73.
264 2788 361 2852 quam
389 2764 505 2832 Orion.
530 2766 678 2844 119,17.
707 2766 745 2833 ἐκ
766 2769 824 2832 τοῦ
845 2761 981 2855 οἴδημα.
1025 2768 1063 2836 Si
1088 2768 1238 2846 Alcman,

125 2879 162 2933 ut
190 2867 399 2934 Grammatici
429 2865 620 2954 perhibent,
651 2865 799 2953 Περίηρς
822 2867 953 2953 scripsit
980 2891 1040 2955 pro
1066 2866 1240 2958 Περιήρης

125 2992 155 3034 v.
177 2968 280 3034 Proll.
303 2968 376 3034 282.
404 2968 439 3033 id
460 2968 660 3055 proprietate
689 2978 721 3031 et
749 2967 889 3032 nominis
916 2980 1087 3034 excusatur
1111 2982 1145 3037 et
1168 2971 1237 3034 dic-

125 3070 211 3136 lecti.
252 3069 355 3151 Quod
373 3069 407 3134 in
420 3067 981 3151 (110516118οοί.αῆετιιιιμανίαξ
998 3092 1058 3156 pro
1075 3069 1240 3154 μανιάκρς

124 3172 236 3237 nescio
252 3194 293 3235 an
304 3170 506 3257 metaplastis
519 3169 798 3234 adnumerandum
809 3167 851 3233 sit
864 3177 900 3232 ut
911 3163 1033 3250 πάιαξ,
1047 3166 1185 3256 δρόπεψ
1195 3170 1237 3254 ⁴),

126 3270 290 3359 νεόσφαξ,
313 3264 422 3359 ὅτριψ
445 3282 504 3336 etc.
527 3293 557 3335 v.
577 3269 698 3337 Parall
720 3268 784 3335 290
806 3291 854 3355 sq.

194 3449 223 3515 2)
242 3447 325 3503 Adde
345 3449 414 3518 ἱερίς
430 3456 459 3502 et
479 3449 564 3521 ἱερηίς
582 3444 688 3518 (omiss.
707 3445 736 3500 in
750 3444 851 3514 Thes.)
870 3463 907 3501 cx
925 3446 1094 3519 Epigrsmm.
1114 3445 1143 3501 in
1160 3447 1237 3505 And

125 3533 212 3589 Ante.
227 3532 286 3603 Pel.
305 3532 430 3604 p.XCV.
446 3532 525 3606 cnjus
542 3532 570 3587 in
587 3528 670 3587 versu
688 3534 866 3604 hypermetro
886 3533 913 3587 ol
930 3531 959 3586 δ’
978 3522 1008 3588 εὖ
1027 3527 1185 3602 γεινάμενοι
1203 3533 1236 3605 μ’

126 3619 229 3674 ἔδοσαν
245 3620 353 3689 ἱερρίδιι
369 3618 432 3692 τῇδε
449 3624 549 3693 crolup
566 3617 746 3672 scribendum
760 3625 804 3672 est
817 3618 922 3687 ἱερῇδιι.
947 3615 1106 3672 Erechthir
1119 3620 1237 3676 Ovidius

125 3703 287 3777 usurpavit3
312 3702 464 3774 Dionysius
484 3699 551 3774 κόρη
566 3701 729 3773 Ὑπερβορίς
748 3702 864 3775 Antiqq.
878 3702 901 3757 Ι.
921 3704 962 3758 13.
988 3702 1041 3760 nisi
1058 3703 1239 3778 Ὑπερβορηίς

125 3789 245 3862 scripsit.
282 3789 309 3843 A
326 3788 484 3845 nominibus
503 3789 530 3844 in
545 3807 595 3844 ιιιι
608 3789 713 3845 Atrine
728 3787 886 3845 Cessiodcr.
900 3789 1005 3847 Comm.
1019 3794 1054 3846 ds
1067 3791 1142 3846 Part.
1157 3794 1236 3846 Orat.

124 3875 148 3930 I.
170 3879 229 3930 549.
255 3893 272 3930 c
295 3875 518 3948 chicogrsphis
541 3875 741 3948 praeteritum,
770 3873 882 3931 Nerine
909 3893 961 3948 pro
985 3881 1110 3949 Νηρηινρ
1134 3876 1235 3947 Virgil.

128 3961 260 4016 Nertncr
279 3961 449 4033 adjectivum
469 3963 544 4034 apud
565 3960 635 4016 elios
654 3970 811 4033 poctarum.

194 4049 223 4114 3)
238 4046 318 4102 Sicut
334 4065 351 4102 c
368 4041 421 4110 ξὺω
435 4041 517 4116 ξυῆιῑρ
530 4046 684 4102 derivatum
697 4056 748 4111 est,
765 4066 792 4101 v.
805 4048 891 4104 Proll.
908 4048 965 4101 1111.
978 4046 1017 4101 ite
1034 4063 1051 4099 s
1065 4041 1126 4101 otu
1139 4044 1237 4117 θυηλῆ,

126 4135 177 4188 sed
196 4133 297 4188 vitiose
315 4134 454 4187 habentur
471 4131 601 4203 θυὴλημιι
619 4143 650 4188 et
667 4129 872 4202 θινηλῆσιισθιιι.

195 4221 225 4287 1)
244 4218 336 4290 Hujus
349 4237 419 4274 unus
432 4227 538 4273 tentum
551 4219 655 4289 legitur
667 4236 746 4274 cosus
759 4217 932 4272 accusativus
949 4212 1079 4286 δρύπεπα
1090 4217 1175 4273 Anto.
1188 4219 1236 4277 vl.

128 4305 185 4360 lot.
203 4313 288 4379 etque
306 4307 380 4360 hunc
398 4305 517 4361 removit
532 4306 566 4360 G.
580 4305 743 4361 Dindcrfius
762 4303 790 4357 in
801 4303 886 4359 Thes.
898 4300 932 4356 T.
945 4299 981 4358 ΙΙ.
1000 4303 1072 4361 loco.
1087 4305 1238 4362 substituto
