2736 4778
174 350 240 421 DE
260 346 532 418 PARATHESI
548 347 610 416 ET
633 346 907 420 SCRIPTURA.
928 351 966 421 C.
978 353 1042 420 111.
1064 354 1090 440 ξ.
1106 349 1136 419 6.
1160 350 1233 429 003

121 536 249 623 §rippas
270 533 419 623 λάβεσθε
440 536 484 603 ib.
511 560 544 625 p.
556 537 629 605 367.
652 535 708 605 ὅτε
731 540 792 625 §ips
811 534 917 626 πρῶτ’
941 535 1080 629 ἐφύοντο
1090 541 1231 627 Emped.

121 666 155 707 v.
177 640 251 707 229.
272 650 311 705 ut
329 640 526 705 Karstenius
547 640 650 706 edidit
672 662 733 728 pro
754 636 935 725 ξύμπρωτῖ
948 678 988 689 ·-
1011 640 1080 709 Sed
1104 642 1231 728 disper-

122 743 290 809 titivorum
320 740 448 829 species
474 741 584 827 plures
613 754 703 820 sunt,
733 766 799 808 una
828 767 887 831 per
913 742 1137 829 anadiplosin,
1168 765 1233 829 qua

123 845 301 932 scriptores
316 843 532 909 Alexandrini
553 854 688 910 utuntur
709 842 769 911 daia
791 841 851 912 δύο
871 868 902 911 v.
923 845 1005 911 Biel.
1025 843 1125 911 Thes.
1149 845 1180 910 h.
1202 866 1232 910 v.

124 956 160 1013 et
177 946 306 1014 Wrner.
329 944 474 1012 Gramm.
497 947 556 1012 des
577 947 620 1012 N.
637 946 679 1012 T.
700 949 726 1031 ξ.
747 946 798 1011 38.
818 970 852 1036 p.
875 947 948 1012 204.
991 947 1049 1012 Du
1067 944 1172 1032 Oang.
1197 946 1229 1012 h.

123 1071 155 1115 v.
184 1043 245 1115 oto
272 1044 331 1113 aad
357 1042 417 1113 δύο
447 1045 580 1113 Oribas.
601 1047 643 1113 L.
665 1048 793 1115 XLIV.
824 1071 856 1134 p.
880 1046 930 1113 14.
961 1047 1013 1113 ed.
1042 1046 1233 1113 Bussemak.

124 1164 212 1237 qrtae
231 1170 398 1233 nunquam
422 1147 456 1212 in
478 1171 578 1214 unum
606 1149 885 1237 compinguntur3'
901 1149 1001 1215 altera
1026 1150 1194 1215 conficitur
1215 1172 1233 1214 e

124 1250 256 1317 duabus
267 1249 565 1337 praepositionibus
583 1245 668 1317 κατά
681 1260 714 1315 et
725 1245 797 1328 ἀνά,
821 1250 939 1337 quibus
958 1251 1102 1337 genuani
1115 1250 1234 1317 Gracci

124 1374 258 1440 compca·
289 1374 384 1416 suum
412 1351 588 1432 subjiciunt
618 1373 729 1417 casum
758 1347 839 1418 καθ’
869 1353 941 1430 ἵνα,
976 1346 1037 1419 ἀνὰ
1060 1355 1231 1439 τέσσαρας,

123 1453 293 1520 infacundi
320 1474 397 1520 vero
425 1452 657 1518 nominativum
683 1446 745 1519 ἀνὰ
773 1442 838 1531 εἷς,
862 1446 943 1545 καθ’
974 1446 1023 1530 εἷς
1047 1476 1077 1518 v.
1106 1453 1231 1520 Winer.

123 1556 264 1640 lc.⁸¹)
297 1565 395 1640 atque
434 1554 516 1620 baec
546 1576 613 1619 non
643 1575 716 1618 raro
754 1552 815 1619 sub
846 1576 912 1619 uno
945 1564 1081 1620 accentu
1113 1560 1235 1634 καθεῖς

124 1656 243 1723 Tacts.
264 1654 349 1724 chit.
371 1654 418 1722 X.
439 1656 512 1722 376.
536 1666 569 1721 ct
589 1656 640 1721 all.
663 1656 812 1741 adeoque
833 1678 893 1744 per
913 1656 1148 1741 synecdromen
1162 1678 1236 1721 mu·

124 1770 196 1825 tato
217 1757 338 1836 καθείς
357 1767 394 1823 ut
413 1759 447 1822 in
466 1757 631 1846 plerisque
651 1758 748 1823 codd.
771 1756 977 1823 ThomaeM
997 1780 1023 1823 s.
1045 1757 1077 1823 h.
1102 1779 1132 1823 v.
1155 1758 1235 1824 sori·

125 1871 221 1950 ptum
241 1870 292 1926 ast
312 1860 492 1925 secundum
518 1859 663 1925 novellos
691 1860 864 1947 magistros
896 1860 930 1926 in
958 1860 1065 1945 Regg.
1093 1860 1234 1925 Prosod.

125 1986 157 2031 c.
181 1963 253 2030 129.
274 1985 309 2051 p.
329 1960 404 2026 450.
430 1961 472 2028 τὰ
494 1958 544 2040 εἷς
564 1948 615 2041 ἦ
632 1957 741 2029 πάντα
764 1955 935 2041 ὀξιῖνονται
961 1955 1087 2040 οὐδείς,
1106 1959 1234 2052 μηδείς,

127 2061 252 2142 καθείς
272 2060 331 2128 καὶ
352 2057 388 2127 ai
409 2056 566 2146 μετοχαί.
1185 2142 1189 2149 1

211 2167 239 2249 §.
257 2162 288 2228 6.
315 2163 602 2250 Praepositionum
613 2161 859 2250 pronominibus
877 2163 1099 2250 adjunctarum
1113 2186 1237 2229 summa

126 2264 345 2333 inconstantia
368 2275 430 2330 est:
461 2262 550 2352 παρά
572 2266 675 2351 Diog.
697 2265 744 2330 II.
770 2265 904 2332 16.1v.
933 2267 985 2332 37.
1007 2264 1100 2332 καθά
1123 2265 1159 2332 ll.
1184 2267 1234 2331 17.

127 2368 267 2434 Aristot.
288 2366 418 2433 Nicom.
440 2365 513 2435 Vll.
542 2366 592 2432 15.
623 2390 656 2453 p.
680 2365 773 2431 1154.
800 2366 833 2432 b.
855 2368 907 2433 22.
932 2378 992 2433 eto.
1025 2367 1147 2454 Attigit
1174 2368 1238 2435 hoc
1271 2447 1272 2450 Ἴ

126 2468 328 2557 Apollonius
351 2468 443 2553 Synt.
466 2467 522 2537 lv.
547 2469 597 2534 10.
620 2492 653 2555 p.
673 2468 747 2535 307.
769 2468 826 2535 ubi
848 2465 917 2549 ιῖςό
942 2470 989 2535 sic
1010 2479 1045 2535 ut
1069 2467 1103 2535 ἐν
1125 2459 1167 2557 ᾧ,
1202 2468 1239 2550 ἐξ

128 2560 169 2640 οὗ
189 2592 257 2636 non
274 2570 414 2658 simplex
436 2591 509 2635 asse
533 2569 630 2637 docet
653 2571 713 2636 sed
736 2569 796 2637 δύο
817 2568 902 2658 μέρη
923 2566 1038 2658 λόγου,
1061 2575 1103 2660 τῇ
1124 2570 1238 2655 μέντοι

128 2666 260 2760 συνόδῳ
287 2670 322 2736 l'v
347 2695 381 2736 τι
410 2668 679 2759 παρυφίσταται,
718 2669 773 2737 διὸ
804 2671 861 2738 καὶ
892 2665 939 2749 ὡς
972 2666 1122 2760 ἡνωμένα
1152 2667 1238 2739 αὐτὰ

128 2767 413 2858 παρεδεξάμεθα,
435 2794 535 2857 quam
555 2770 692 2838 henosin
716 2770 833 2838 clarius
856 2773 1001 2838 ostendit
1024 2774 1133 2860 prisca
1158 2773 1237 2839 scri-

129 2884 229 2962 ptura
249 2873 345 2960 ἕχσῆς
366 2895 427 2959 pro
449 2872 487 2952 ἐξ
507 2862 546 2961 ἧς
566 2896 596 2939 v.
610 2874 735 2942 Osann.
762 2873 842 2959 Syll.
866 2875 964 2940 lusor.
977 2874 1028 2939 71.
1071 2876 1148 2941 Hoc
1169 2876 1235 2941 sol·

128 2977 216 3042 vitur
235 2974 292 3039 illa
313 2974 531 3040 controversia
554 2974 716 3061 περὶτοῦ
737 2970 860 3052 aiecius,
890 2971 1033 3056 πότερον
1062 2974 1098 3040 ἐν
1118 2979 1239 3043 συνθέ-

130 3101 184 3145 σει
208 3075 296 3142 ἐστὶν
316 3072 337 3164 ἢ
360 3075 395 3141 ἐν
417 3073 609 3160 παραθέσει
634 3075 711 3142 Solu
734 3073 769 3140 ll.
791 3072 844 3139 lll.
872 3074 956 3140 409:
982 3075 1090 3160 Epim.
1114 3074 1136 3140 l.
1167 3077 1239 3156 138,

129 3179 182 3246 30.
200 3178 277 3244 ΕΜ.
295 3177 369 3254 305,
389 3176 438 3242 17.
482 3174 520 3240 ld
537 3197 603 3240 non
620 3176 666 3240 ita
676 3176 804 3263 pridem
821 3171 869 3252 εἰς
883 3171 903 3241 t‘
918 3200 955 3241 κε
974 3175 1071 3240 scribi
1087 3190 1240 3265 coeptum

131 3293 192 3358 cst,
214 3290 252 3344 ut
276 3276 326 3358 εἷς
346 3278 367 3343 11
388 3299 449 3365 pro
472 3273 540 3354 εἱςό
557 3301 587 3343 v.
606 3277 723 3343 Labra.
744 3277 846 3344 Arist.
870 3276 943 3342 336.
988 3277 1044 3344 Sic
1068 3278 1145 3343 olim
1161 3281 1239 3364 jun-

131 3381 270 3469 gebatur
293 3378 373 3468 app,
398 3381 490 3463 cujus
511 3378 670 3467 triplicem
692 3379 965 3446 constructionem
986 3380 1084 3446 tradit
1095 3378 1240 3448 Thomas

132 3481 183 3562 εἰς
203 3482 444 3568 παρῳχημένον
465 3475 538 3547 ἀντὶ
559 3486 618 3549 τοῦ
642 3482 729 3549 διότι
752 3473 824 3547 οἷον
846 3479 941 3568 „abacis
955 3487 985 3545 Γ
981 3481 1128 3548 savoidroa
1143 3482 1241 3571 ἔγρα-

132 3590 207 3672 ψε“
229 3581 288 3648 καὶ
309 3576 382 3649 ἀντὶ
405 3586 465 3649 τοῦ
484 3581 543 3650 ἐπὶ
561 3586 608 3670 τῷ
625 3579 674 3660 εἰς
699 3576 944 3669 ἆπαρέμφαιον
965 3574 1037 3650 οἷον
1058 3582 1158 3674 „impl
1179 3612 1240 3670 με·

131 3687 311 3774 palpatam
344 3681 403 3749 καὶ
429 3676 501 3750 ἀντὶ
527 3688 585 3749 τοῦ
607 3684 662 3749 ἵνα
689 3679 737 3761 εἷς
769 3681 933 3768 μέλλοντα
960 3678 1006 3762 ὡς
1034 3685 1240 3771 Θουκυδίδης

132 3785 238 3872 „cippi
273 3784 352 3862 τούς
387 3776 512 3871 ἄνδρας
541 3787 733 3869 κομιοῦνται
744 3791 763 3821 “
796 3806 862 3869 quo
894 3783 968 3851 loco
999 3785 1078 3851 certi
1111 3784 1242 3850 codices

131 3887 203 3953 iota
225 3886 325 3951 dativi
349 3896 535 3952 constanter
557 3886 717 3965 omittunt,
738 3886 792 3951 ulii
815 3879 868 3976 ἐφ’
891 3877 918 3975 ᾧ
940 3885 1107 3973 praebent.
1130 3885 1242 3969 Signi-

204 4124 444 4193 annonariam
456 4130 656 4195 προμνηστῖνοι
673 4123 768 4178 Schol.
790 4123 847 4176 Od.
864 4118 946 4173 XXI.
965 4120 1024 4172 230.
1045 4118 1246 4189 iuterpretatur

134 4205 175 4272 εἷς
186 4210 254 4283 παρ’
270 4206 309 4271 εἷς
321 4208 523 4280 ιόλεγὸμινον,
536 4207 742 4277 dllsudttsptos.
767 4205 886 4271 Aaarius
905 4206 1055 4258 Plutarcho
1078 4205 1245 4263 conceditur

134 4295 190 4352 ἀνὰ
203 4302 339 4369 τέσσαρες,
358 4298 436 4369 quod
449 4296 626 4350 Hermannus
640 4302 736 4349 tuetur
748 4293 854 4365 Opuso.
869 4288 915 4345 IV.
930 4308 959 4365 p.
976 4292 1001 4344 5.
