2736 4778
363 367 430 433 ΒΕ
450 365 729 434 PARECTASI.
774 366 901 434 c.111.
1120 372 1197 447 433

71 554 187 640 ignoto
217 547 319 632 οἷἰον,
353 553 405 618 cui
432 550 639 617 Philoxenus
668 550 704 616 in
731 551 812 618 EM.
835 550 908 629 616,
932 553 985 618 43.
1015 563 1068 620 eta
1092 552 1195 621 intor-

72 656 217 745 positum
240 676 314 719 esse
336 653 467 732 statuit,
498 653 553 718 alii
574 651 756 740 improbius
784 653 883 718 etiam
909 664 1040 740 etymon
1068 657 1197 744 lingunt

72 756 202 849 οἷήκιοι
229 756 282 821 vel
312 751 445 842 οἷήσιοι
474 753 593 822 Orion.
620 754 768 833 115,11
799 753 912 821 Schol.
934 755 1048 843 Apoll.
1071 757 1098 821 Ι.
1119 758 1197 824 401

70 860 215 928 Duobus
237 855 476 923 substantivis
465 879 501 921 ιιι
523 880 602 945 ητης
512 845 831 934 —exeuntibus,
862 854 982 942 quibus
1003 857 1199 924 Eustathiua

74 964 118 1028 ad
143 961 247 1028 Dion.
278 983 310 1024 v.
344 957 437 1023 1010.
469 952 609 1023 addit‘
592 954 749 1047 οφιήτης,
782 959 972 1046 Stephanus
1005 981 1031 1024 s.
1066 955 1196 1045 Atym

75 1062 245 1149 componit
267 1059 430 1126 ethnicum
442 1052 671 1148 ’Iovltrfrpc'
653 1060 723 1125 απὸ
744 1066 805 1126 τοῦ
825 1054 985 1148 ΗΙοολιτης
1008 1060 1069 1125 scd
1089 1064 1197 1129 Μοσ-

76 1161 237 1251 οαλιήιης
258 1172 290 1227 et
311 1160 374 1225 alia
393 1170 509 1246 tropae
530 1158 732 1225 transscribit
754 1172 787 1226 et
806 1161 869 1227 hac
884 1161 1078 1227 Eustathius
1097 1162 1198 1229 adIl.

73 1288 107 1351 p
136 1263 217 1341 348,
246 1265 275 1328 1.
303 1273 393 1388 etp.
419 1261 502 1340 468,
529 1262 583 1328 44.
614 1261 711 1327 etiam
738 1257 888 1351 οἶκιήιης
918 1262 1070 1328 affectum
1092 1273 1196 1351 putat,

71 1365 163 1451 quod
190 1363 298 1428 illes.
329 1357 431 1442 Οἶκος
460 1363 553 1429 aliter
583 1347 740 1449 explicat·
768 1358 922 1451 οἶκιοὶτης
944 1364 1028 1429 κατὰ
1050 1365 1195 1431 πλεονα-

70 1464 156 1550 σμὸν
177 1491 237 1533 τοο
261 1491 283 1531 ο
307 1456 377 1531 ἀπὸ
400 1470 462 1532 τοῦ
479 1461 617 1554 οἶκίτης.
651 1462 780 1528 Eadem
800 1463 841 1528 de
861 1463 1024 1586 primitivo
1047 1465 1196 1551 quaestio

72 1566 215 1653 agitatur
235 1566 271 1631 in
286 1566 368 1632 ΕΜ.
385 1565 459 1643 698,
481 1561 556 1631 7.“
536 1561 645 1652 ω’ςιιερ
669 1560 812 1631 οἰκία
779 1563 932 1649 οικιοὶιης
951 1561 1037 1631 οὕτω
1058 1564 1197 1636 δύναται

71 1666 232 1753 πωγωνία
250 1665 484 1791 πωγοιιιάτης
515 1664 574 1732 καὶ
605 1662 825 1752 πωγωιιὴτης
855 1663 1030 1751 γονέα-’θαι
1062 1665 1198 1752 λέγουσι

74 1767 113 1834 δέ
136 1792 224 1847 τινες
248 1764 301 1836 ὅτι
324 1763 393 1834 ἀπὸ
417 1793 483 1834 των
504 1764 552 1845 εἷς
581 1792 627 1832 ων
655 1763 822 1857 ληγόντων
847 1761 906 1831 οὐκ
933 1762 1000 1849 ἔχει
1028 1771 1197 1853 γεγονέναι

74 1868 252 1954 πωγωνια
281 1864 419 1955 Κράτης
442 1870 520 1951 γοῦν
540 1867 575 1935 ἐν
595 1867 784 1944 Μιτοίκοις
807 1866 967 1951 (Meinek.
991 1866 1032 1933 Τ.
1054 1868 1082 1932 Ι.
1105 1867 1197 1952 242.)

73 1969 343 2054 λειποπωγωνία.
393 1969 543 2054 Simplex
576 1968 709 2053 quidem
742 1990 810 2032 non
834 1966 955 2053 legitur
983 1990 1091 2052 neque
1116 1991 1197 2056 pro·

71 2068 169 2133 batur
189 2070 340 2157 exemplo
364 2069 555 2158 compositi,
585 2069 645 2134 sed
665 2068 800 2134 nomina
819 2067 854 2132 in
871 2056 923 2134 ’ὦ
945 2068 1128 2133 desinentia
1155 2070 1196 2135 ab

72 2170 136 2235 hac
157 2192 325 2258 paragoge
347 2194 415 2237 non
440 2171 546 2236 aliena
570 2192 643 2236 esse
660 2169 782 2236 indicio
803 2180 878 2234 sunt
901 2163 1037 2256 ἀγωνία,
1059 2166 1196 2249 diaria,

75 2269 249 2354 κοινωιιά,
273 2268 431 2362 &approved
458 2272 587 2357 aliaque
607 2271 792 2357 periectica.
835 2271 979 2358 Insuper
1004 2282 1092 2337 extat
1114 2295 1196 2338 neu·

74 2380 159 2436 trum
182 2369 359 2459 ιτωγώιιον
385 2373 500 2439 eodem
520 2372 686 2438 intellectu
709 2395 775 2458 quo
798 2368 928 2457 πώγων.
974 2371 1052 2439 Πὰν
1073 2374 1197 2460 λοφιή-

72 2497 133 2560 της
158 2473 207 2558 (id
230 2485 281 2539 cst
307 2469 547 2563 ἆκρολοφίτης)
572 2474 608 2538 in
628 2474 745 2560 Epigr.
768 2473 935 2559 Agathino
956 2472 1059 2539 Anth.
1086 2473 1147 2541 vl.
1164 2497 1199 2538 n.

74 2575 126 2639 70.
151 2597 171 2638 a
192 2573 300 2662 λοφία
322 2575 433 2661 potius
456 2597 554 2659 quam
576 2597 596 2638 a
617 2571 724 2662 λόφος
748 2575 881 2639 (Ιιιοιιιιιι
909 2595 982 2639 esse
1012 2573 1200 2660 colligimus

71 2698 115 2741 ex
136 2695 320 2761 synonymo
343 2675 421 2742 Πὰν
443 2673 631 2764 σκοπιήιης
651 2675 686 2740 in
707 2675 852 2741 Archiae
867 2676 984 2762 Epigr.
1002 2674 1063 2742 VI.
1086 2674 1122 2740 in
1145 2675 1199 2741 16.

72 2778 165 2862 quod
186 2776 268 2842 ille
259 2777 410 2841 imitatur.
436 2773 645 2842 Pleonasmi
672 2777 800 2865 species
828 2777 1001 2843 intercedit
1027 2776 1112 2842 inter
1142 2776 1198 2844 δι’·

71 2881 174 2956 nolis
203 2887 235 2942 et
265 2877 436 2966 διποληίς,
465 2878 525 2943 sed
554 2877 643 2963 quod
669 2879 779 2965 Epim.
804 2878 833 2942 Ι.
858 2880 932 2944 374.
955 2878 1020 2943 huc
1041 2877 1193 2942 infert
1157 2900 1197 2943 το

70 2976 251 3065 Πελοπηίς
277 2976 488 3045 nauteriacus
521 3003 569 3066 τῳ
602 3005 623 3065 η
658 2974 704 3056 ὥς
734 2979 772 3043 τὸ
808 2975 1005 3064 ποιμνήιον,
1040 2975 1196 3064 ταφήιον,

70 3079 162 3144 nulla
182 3101 281 3144 causa
304 3089 352 3144 est
375 3079 455 3164 quin
481 3078 524 3141 ad
545 3078 738 3154 Πελόπειος
760 3077 878 3142 reierat
865 3087 924 3141 t.ur
969 3079 1094 3144 Verum
1116 3075 1196 3141 haec

73 3193 107 3245 et
127 3191 253 3258 cetera,
277 3201 362 3265 quae
385 3179 427 3244 ad
450 3178 536 3243 hunc
559 3177 668 3242 locum
688 3178 869 3263 pertinent,
892 3178 925 3242 in
945 3177 1047 3243 Proll.
1071 3177 1196 3262 468sq.

72 3281 214 3347 enodate
237 3281 389 3368 exposita
410 3290 504 3358 sunt,
532 3300 634 3364 quare
662 3277 715 3343 hic
736 3302 838 3344 unum
862 3279 1085 3344 tantummodo
1108 3279 1195 3343 addo

71 3381 219 3469 germani
247 3381 430 3468 pleonasmi
459 3381 645 3469 exemplum
671 3377 875 3469 λαθρηίδιος
897 3382 1013 3468 Sibyll.
1035 3381 1101 3446 ΙΠ
1124 3380 1196 3446 139.

69 3483 221 3549 Eandem
232 3483 377 3548 vocalem
390 3474 599 3603 diphthongo
612 3482 764 3569 praemitt
764 3507 775 3546 1
751 3483 956 3549 tcontendit
965 3482 1046 3607 ΕΜ.
1057 3482 1132 3559 436,
1143 3483 1197 3548 20.

64 3580 317 3680 Ἡρακληείη
295 3606 340 3659 ως
336 3578 574 3680 Ἰφικληειη’
561 3608 597 3649 ικ
618 3586 677 3650 τοῦ
697 3579 883 3672 Ηρακλείη
911 3608 974 3651 κατ
1019 3583 1197 3652 totidem

69 3688 163 3772 τοῦη
181 3684 249 3768 πρὸ
269 3690 326 3773 τῆς
342 3709 383 3751 ιι
428 3683 476 3748 Τὸ
500 3683 561 3771 γὰρ
581 3709 602 3772 η
581 3670 788 3751 οὐδέποτε
809 3683 894 3764 μετὰ
917 3709 975 3773 την
996 3711 1027 3752 οι
1049 3686 1195 3769 δίφθογ-

69 3809 128 3870 yos
152 3783 331 3865 πλεονάζει
354 3778 440 3851 ἀλλὰ
460 3783 528 3871 πρὸ
553 3779 670 3872 αυιῆς·
701 3784 761 3849 sed
790 3795 843 3850 eta
863 3785 944 3851 illud
967 3786 1063 3872 epsili
1087 3786 1197 3849 locum

72 3886 263 3972 occupavit,
294 3885 416 3971 quod'
407 3908 442 3949 ιιι
466 3885 630 3971 primitivo
653 3907 720 3950 non
742 3897 912 3953 contracto
938 3892 1076 3973 apparet
1090 3879 1196 3968 Ἡρα-

69 3988 188 4073 κλέης,
212 3983 442 4073 Ἡροκλέειος,
472 3986 652 4073 eademque
681 3988 900 4075 productione
926 3987 1039 4050 nititur
1062 3981 1197 4066 adjecti-

70 4110 148 4151 vum
168 4082 327 4176 εὐκληεῖς.
358 4086 487 4154 Canoni
507 4087 702 4153 contrarium
717 4111 838 4154 nomen
855 4089 928 4174 ipsc
946 4086 1040 4150 affert
1054 4083 1128 4161 330,
1142 4083 1199 4149 20:

71 4185 261 4274 ἕλειήιαο
285 4184 530 4268 λέοντος-ὁ
554 4189 592 4255 τὸ
618 4188 694 4266 ἕλος
716 4186 830 4268 οἰκῶν,
852 4208 913 4252 nec
937 4185 1035 4250 dubie
1057 4183 1099 4249 ab
1121 4183 1197 4371 {¹203

73 4288 152 4353 duci
174 4289 282 4374 potuit
303 4286 431 4378 ἓλοίιης
451 4300 488 4355 ut
509 4289 551 4355 ab
574 4281 654 4377 ὅρος
676 4283 809 4375 ὄρείτης
834 4312 864 4354 v.
886 4288 1006 4354 Parall.
1033 4287 1105 4353 375.
1136 4282 1179 4353 se

126 4392 258 4432 Lobeck.
278 4392 369 4432 Pathol.
941 4388 984 4455 28
