2736 4778
135 372 211 444 618
502 365 822 434 DISSERTATIO
846 368 888 433 V.

134 548 302 627 berentu'r3
331 552 423 634 cujus
444 551 491 616 rei
513 551 697 637 exemplum
722 550 1019 638 praesentissimum
1048 561 1100 615 est
1119 550 1244 638 pervul-

133 662 247 739 gatum
268 649 513 737 1115550ος45
539 648 686 731 τούτοις,
718 674 867 738 proquo
896 662 951 717 aut
980 650 1029 716 ἔτι
1056 650 1146 731 πρὸς
1171 648 1243 718 rcri-

126 777 206 832 >soeg
228 752 402 818 dicendum
424 761 494 817 crat
516 762 573 815 aut
596 750 684 835 πρὸς
701 749 835 833 τούτοις
855 750 915 829 tu,
940 752 999 816 sed
1019 750 1126 816 ubivis
1144 772 1242 835 apoc

126 856 184 924 'eu
205 853 326 940 legitur
347 852 558 937 similiterque
579 850 667 931 ἐξέτι
689 854 816 919 τούτων
840 874 941 937 quum
957 852 1047 939 apud
1069 850 1243 916 carminum

134 955 328 1043 scriptores,
357 976 439 1040 quos
470 953 650 1040 Spiznerus
680 952 783 1020 Obss.
812 955 856 1019 ad
885 954 999 1037 Quint.
1022 952 1096 1018 248.
1126 962 1161 1017 et
1188 953 1242 1020 ‹ls-

135 1056 267 1124 ccbsius
297 1056 340 1119 ad
365 1054 470 1119 Anth.
495 1055 568 1120 848.
592 1054 775 1131 nominant,
805 1065 874 1119 tum
891 1055 935 1137 ⁸in
961 1054 1068 1120 soluto
1100 1074 1243 1119 sermoru

132 1181 163 1223 v.
187 1158 230 1223 ad
250 1155 330 1222 Phr.
349 1156 402 1220 48.
426 1154 563 1221 Jacobs.
588 1155 869 1222 adAelian.194.
903 1156 1070 1243 Perpetua
1093 1162 1146 1219 est
1167 1154 1243 1219 inter

134 1254 239 1336 εἷςαεί
261 1269 293 1322 et
314 1252 363 1335 εἷς
386 1252 441 1323 dei
463 1256 637 1332 conflictio,
658 1278 720 1321 nec
741 1257 881 1343 patcscit
899 1257 1070 1322 discrimen
1084 1254 1151 1320 nisi
1167 1255 1243 1321 icrte

134 1357 320 1444 conjunctio
344 1356 557 1444 praeferenda
579 1366 628 1421 cst
649 1356 706 1422 ubi
727 1357 808 1423 nihil
830 1358 969 1446 amplius
992 1378 1092 1442 quam
1110 1356 1242 1444 simplex

136 1458 192 1529 ἇεὶ
214 1460 417 1546 significatur
444 1468 482 1520 ut
506 1455 611 1543 Soph.
633 1458 688 1542 Aj.
711 1458 784 1524 343.
816 1458 874 1523 τὸν
899 1454 1003 1537 sigaei
1029 1458 1148 1546 χρόνον
1175 1460 1239 1545 lep·

133 1557 287 1649 λοτήσει,
319 1559 492 1644 disjunctio
514 1579 591 1623 vero
613 1559 647 1625 iu
669 1558 856 1644 hujusmodi
879 1559 1050 1625 verborum
1074 1558 1243 1646 complexu

132 1665 242 1750 κιῆμα
265 1658 314 1739 εἷς
336 1659 392 1727 ἀεὶ
413 1662 542 1745 μᾶλλον
566 1654 588 1745 ἢ
610 1654 783 1744 ἀγώνισμα
804 1661 839 1739 ἐς
859 1661 897 1727 τὰ
924 1664 1143 1749 παραχρῆμα.

217 1766 243 1847 ξ.
272 1762 303 1827 5.
348 1763 427 1829 Jam
455 1759 523 1825 lere
558 1758 717 1825 absolutis
752 1783 836 1847 quae
869 1758 987 1846 χρόνον
1018 1756 1147 1844 γενικόν
1181 1761 1242 1826 sire

133 1856 293 1948 ἀόριστον
321 1861 523 1947 significant,
552 1872 731 1945 sequuntur
759 1861 801 1929 τὰ
833 1860 964 1950 precinui.
1007 1860 1157 1927 Primum
1183 1862 1242 1927 (150

131 1963 189 2027 1110
209 1986 229 2027 a
250 1960 438 2055 Phrynicho
461 1959 607 2046 relegata
629 1956 812 2029 ἅπόπολοι
837 1973 869 2028 et
890 1960 1053 2038 ἔκπαλαι,
1084 1984 1172 2047 quae
1193 1984 1242 2029 ac·

133 2074 247 2129 centus
269 2087 289 2127 a
311 2061 543 2128 dissociatione
563 2062 723 2139 vindicat,
747 2065 941 2149 tertiumque
967 2064 1059 2149 quod
1079 2064 1242 2130 Lucienus

133 2166 282 2251 adjungit
303 2165 418 2231 eadem
439 2175 519 2228 nota
537 2162 680 2229 inustum
702 2163 879 2249 ἐκπέρυσι,
906 2166 964 2230 sed
988 2164 1136 2231 similiter
1158 2188 1241 2232 ccm-

133 2266 243 2353 posito
277 2262 467 2350 apertiores
506 2264 639 2330 Atticae
674 2264 881 2349 eloquentiae
914 2266 1081 2353 principes
1114 2274 1243 2331 utuntuu

131 2367 255 2452 Phryn.
284 2367 336 2432 42.
363 2364 451 2429 unde
478 2364 687 2431 Comicorum
722 2365 823 2453 aliqui
855 2368 1053 2454 πρωπέρυσι
1080 2368 1242 2454 produxe·

129 2480 220 2546 runt,
247 2467 349 2552 idque
377 2475 501 2530 certum
528 2465 664 2552 praebet
688 2466 851 2552 synthesis
879 2467 1053 2543 indicium,
1082 2490 1162 2533 nam
1183 2464 1243 2555 πρό

130 2592 298 2654 nunquam
325 2564 531 2655 protenditur
558 2567 622 2631 nisi
650 2570 685 2633 in
716 2570 900 2655 composito
931 2570 1135 2653 uetustiores
1161 2570 1183 2636 i.
1215 2591 1241 2654 q.

132 2666 310 2756 οτροτελής,
339 2667 484 2733 derivato
513 2679 621 2732 autern
651 2672 860 2755 πρωτεοικος
886 2670 1006 2735 rectius
1033 2669 1243 2736 subscribitur

130 2770 253 2834 vocalis
277 2767 415 2854 quaein
437 2766 669 2853 πρωίκορτιος,
693 2770 877 2855 πρωίτερος
899 2769 1102 2836 adscribitur.
1148 2774 1243 2858 Ejus·

130 2871 206 2935 dem
233 2870 362 2957 generis
392 2869 450 2934 sed
479 2868 613 2933 minoris
640 2870 838 2955 dignationis
874 2881 906 2936 et
940 2870 1100 2936 contrarie
1126 2873 1243 2961 scripta

131 2982 206 3037 sunt
228 2968 297 3038 siud
320 2975 410 3056 πρωί
430 2992 451 3034 a
472 2993 566 3034 mane
588 2971 728 3057 doseph.
751 2974 843 3035 Antt.
859 2971 949 3037 Xlll.
973 2974 1004 3049 4,
1027 2973 1101 3037 641.
1123 2974 1243 3040 Athen.

129 3074 206 3139 Xll.
228 3072 300 3138 526.
323 3075 362 3138 Β.
386 3075 507 3141 Joaun.
532 3071 618 3156 Lyd.
650 3072 690 3136 de
717 3073 827 3137 Mens.
850 3071 905 3139 lv.
936 3074 965 3137 1.
1000 3097 1032 3160 p.
1058 3075 1129 3139 158.
1163 3076 1242 3161 (62.)

130 3177 306 3261 Geoponn.
329 3172 430 3238 XIX.
452 3173 609 3250 17,1251.
634 3167 702 3240 ἀπὸ
726 3170 880 3257 umbus»
900 3174 1067 3260 Epiphan.
1083 3176 1126 3240 de
1136 3176 1243 3243 Pond.

130 3286 161 3340 et
181 3277 290 3341 Mens.
312 3274 376 3341 111.
402 3274 473 3337 161.
492 3275 535 3337 A.
560 3285 592 3337 et
623 3272 687 3338 hoc
711 3274 828 3337 eodem
852 3273 926 3340 loco
950 3272 1019 3341 dud
1050 3275 1163 3343 ἕωθεν
1186 3276 1245 3354 llos

128 3374 289 3462 ἑσπέρας,
317 3397 378 3462 pro
412 3373 530 3458 quibus
555 3374 643 3460 apud
667 3396 724 3439 eos
748 3373 803 3459 qui
831 3376 1000 3440 emendate
1022 3376 1152 3460 loquuti
1173 3388 1245 3443 suut

127 3498 228 3540 unum
251 3476 359 3543 ἕωθεν
380 3475 509 3561 legitur.
553 3475 671 3559 Neque
699 3475 791 3540 aliter
815 3470 884 3540 dard
906 3481 961 3541 νῦν
982 3477 1085 3541 Anth.
1107 3478 1170 3546 VI.
1193 3482 1243 3545 41.

126 3578 191 3641 XI.
224 3577 294 3640 166.
323 3576 464 3641 Antiatt.
492 3574 596 3641 Bekk.
623 3575 678 3654 79,
715 3577 767 3641 30.
802 3577 891 3660 quod
919 3577 1099 3663 elegantius
1128 3580 1245 3645 dicitur

126 3671 195 3745 clud
227 3681 284 3741 τοῦ
310 3682 380 3753 νῦν,
408 3675 457 3754 εἷς
483 3682 538 3743 νῦν
565 3679 621 3761 (ud
649 3698 734 3744 aune
754 3678 866 3743 Hand.
891 3679 1029 3743 Turseli.
1059 3680 1121 3746 lv.
1155 3682 1242 3765 343.)

125 3777 211 3844 Plat.
236 3777 321 3840 Tim.
346 3778 399 3841 20.
421 3781 461 3843 Β.
484 3778 614 3843 Aelian.
634 3779 679 3842 H.
702 3780 791 3843 Anu.
814 3778 878 3858 lV,
900 3781 952 3844 42.
978 3791 1154 3865 utrumque
1177 3783 1244 3848 siue

127 3880 205 3957 ullo,
231 3878 340 3964 quoad
365 3888 508 3955 constet,
530 3878 686 3943 librorum
709 3879 862 3957 dissidio,
886 3874 950 3948 ἀπ’
974 3876 1053 3967 ἄρτι
1078 3883 1113 3946 15
1134 3884 1178 3949 N.
1204 3884 1243 3948 Τ.

126 3982 216 4066 quod
253 3981 415 4065 Vulgatus
451 3979 682 4065 iuterpretatur
713 4000 734 4046 a
762 3984 873 4055 modo,
906 3977 955 4059 εἷς
986 3976 1057 4065 ὀψέ
1091 3984 1243 4070 Thucyd.

124 4083 297 4148 Demostlr.
332 4082 426 4166 (Phr.
453 4080 522 4164 41.)
537 4101 617 4164 quo
646 4080 744 4165 longe
774 4082 937 4166 posterius
967 4084 1001 4147 in
1030 4099 1245 4171 conspectum

125 4184 257 4247 veniunt
283 4184 411 4249 diverse
433 4182 555 4269 scripta
575 4181 724 4267 κατοψέ,
755 4176 875 4259 ἆοιοψέ
897 4195 929 4248 et
956 4186 1121 4271 προςοψέ.
1168 4187 1241 4254 Sci·

126 4282 316 4348 scitantibus
334 4297 444 4349 autem
464 4306 624 4369 quaenam
644 4283 740 4367 hujus
763 4284 805 4348 sit
823 4284 1061 4370 discrepantiae
1079 4288 1165 4354 ratio
1187 4287 1242 4356 ille
