2736 4778
188 297 268 369 roa
315 357 317 360 Α
551 286 877 388 ,Βιεετντκτιο
912 286 940 350 1.

190 495 280 540 more
302 472 466 558 signifieat
487 470 688 555 subjectione
707 495 801 538 verae
823 472 1012 558 scripturae.
1057 468 1177 536 Cetera
1195 468 1312 551 verba,

191 597 277 660 quae
302 573 386 637 hanc
407 572 551 637 vocalem
578 573 612 636 in
634 573 782 660 paralexi
805 573 943 650 habent,
972 581 1029 636 aut
1050 557 1235 656 osimplex
1253 593 1311 637 ac·

184 676 318 761 cipiunt
339 685 396 738 aut
410 660 451 741 ol
471 673 623 738 vitandae
647 675 817 761 spalleliae
835 674 952 759 gratia.
994 671 1147 739 Eandem
1164 670 1208 736 ob
1229 693 1311 739 eau-

191 772 423 859 samlorixuze
447 775 565 839 dieitur
592 797 653 862 pro
677 773 814 862 ἐρύκακε
837 786 870 839 et
894 769 1044 862 ἠνίπαπε
1069 795 1131 859 pro
1156 769 1311 861 ἧντ’πιπε,

188 902 286 964 quem
309 877 558 961 διπλασιασμὸν
580 876 666 942 κατὰ
688 876 790 960 μέσον
812 876 958 963 appellat
976 874 1057 940 EM.
1078 874 1154 951 431,
1171 871 1224 939 54.
1246 895 1311 939 nos

187 980 353 1045 inversum
373 977 510 1041 dicimus
534 976 612 1062 quia
632 999 700 1041 non
720 977 825 1064 prima
845 976 970 1041 vocalis
991 974 1155 1061 geminata
1177 984 1228 1039 est
1248 974 1311 1039 sed

188 1103 330 1165 sequens
355 1078 395 1143 cf.
418 1079 519 1144 Proll.
537 1077 608 1142 146.
624 1115 666 1126 -
691 1079 883 1143 Extremum
907 1079 949 1143 sit
970 1077 1052 1141 illud
1074 1098 1189 1162 genus,
1213 1075 1308 1160 eujus

186 1181 386 1246 mentionem
407 1179 486 1244 facit
501 1180 581 1244 EM.
596 1177 648 1255 56,
668 1178 717 1244 15.
736 1201 810 1244 eum
827 1174 1084 1265 Ἀλαλκομενηῒς
1104 1176 1308 1242 contendens

188 1275 392 1369 ἆτάρτηρος,
414 1278 576 1367 ἐτήτυμος
597 1291 631 1343 et
651 1273 829 1346 ἀτιτάλλω.
864 1278 1005 1345 Urbium
1022 1279 1224 1343 diversarum
1243 1299 1305 1343 no-

187 1381 276 1444 mina
295 1376 494 1458 Ἀλκομεναί
523 1390 555 1444 et
577 1375 820 1461 Ἀλαλκομεναί
841 1380 1029 1467 Stephanus
1052 1402 1112 1444 suo
1132 1389 1306 1463 utrumque

171 1482 259 1547 'loeo
288 1490 465 1557 memorat;
499 1480 553 1544 alii
583 1481 699 1545 eodem
731 1481 830 1547 modo
861 1482 1007 1547 scribunt
1033 1504 1064 1545 v.
1085 1481 1235 1565 luterpp.
1263 1478 1305 1542 ad

187 1582 295 1652 Strab.
318 1582 364 1647 X.
386 1583 460 1647 457.
490 1581 646 1669 duplicati
670 1581 763 1667 origo
788 1605 808 1645 a
830 1582 929 1648 verbo
955 1579 1111 1649 ἀλαλκεῖν
1136 1579 1304 1667 repetitur.

186 1685 293 1751 Aliter
321 1705 398 1746 vero
428 1705 463 1747 se
493 1681 592 1746 habat
620 1677 807 1770 ἀταρτηρός
837 1682 878 1747 ab
907 1678 1032 1770 ἀτηρός
1061 1691 1175 1745 natum
1203 1680 1303 1744 inter-

187 1785 298 1871 posita
329 1804 394 1867 qua
424 1780 607 1868 deoduinus
642 1783 742 1847 erevit
776 1806 922 1849 consona
938 1784 989 1869 ¹²)
1024 1793 1176 1869 correpta
1208 1779 1305 1845 simul

186 1893 324 1972 propter
344 1883 578 1947 incrementum
597 1884 687 1947 vocis
704 1886 809 1950 vocali
830 1886 944 1950 initiali
951 1910 960 1962 ;
983 1883 1145 1974 ἐτήτυμος
1167 1892 1200 1947 et
1213 1881 1303 1968 quod

186 1986 240 2051 ille
263 1984 382 2050 omittit
407 1979 537 2068 ἰτητέον
564 2005 625 2070 pro
652 1984 805 2052 breuibus
830 1985 996 2052 vocalibus
1021 1994 1218 2070 acceperunt
1241 1993 1302 2060 eta,

186 2083 357 2156 ἀτιτάλλω
382 2097 504 2161 autem,
535 2108 596 2172 pro
620 2110 686 2171 quo
714 2082 888 2155 ἆταιάλλοι
913 2087 976 2153 dici
1004 2094 1134 2172 poterat
1159 2095 1196 2148 ut
1220 2079 1303 2151 ἆτα-

184 2186 334 2264 σθάλλιν,
351 2209 412 2271 pro
429 2185 528 2272 alpha
545 2186 612 2250 iota
631 2190 690 2254 sed
707 2188 821 2266 breve;
841 2190 956 2254 cadem
970 2188 1064 2253 litera
1080 2208 1140 2272 pro
1157 2171 1300 2251 {micro

187 2286 362 2352 substituta
393 2297 443 2350 est
469 2285 568 2352 verbo
597 2284 786 2367 ὀπιπτεύω,
818 2291 908 2376 quod
936 2290 1047 2358 Schol.
1071 2288 1155 2374 Lye.
1177 2287 1230 2352 45.
1261 2308 1301 2351 ex

184 2384 319 2454 ὀπτεύω
350 2387 472 2451 lactum
502 2387 580 2451 dicit
609 2386 745 2476 αὐξήσει
775 2383 892 2483 ἀττικῇ
923 2403 956 2457 et
984 2389 1123 2478 amplius
1151 2387 1298 2473 Choare-

184 2487 305 2556 boseus
334 2488 432 2554 Orth.
455 2489 532 2565 244,
556 2489 585 2553 5.
618 2490 712 2576 παρὰ
741 2491 777 2556 τὸ
809 2484 903 2558 ductu
933 2495 1056 2577 γίνεται
1083 2484 1219 2569 ὀπτεύω
1246 2486 1300 2554 καλ

184 2590 268 2656 κατὰ
303 2591 553 2672 διπλασιασμὸν
586 2585 762 2658 ‹insuauia›
795 2594 850 2660 καὶ
884 2587 1041 2660 ‹insessio›
1061 2591 1114 2676 ¹⁸)
1148 2590 1201 2657 eui
1232 2590 1299 2655 iota

183 2691 319 2774 longum
348 2689 434 2754 inest
462 2702 498 2754 ut
524 2690 648 2756 nomini
678 2693 959 2778 recuderemus,
990 2715 1050 2779 pro¹
1073 2711 1145 2777 quo
1167 2698 1300 2776 παρθε-

182 2789 308 2874 νόπτης
331 2791 395 2853 diei
417 2803 547 2876 poterut
569 2806 605 2855 ut
627 2789 801 2880 οἱνόπτης,
822 2794 881 2858 sed
898 2794 979 2859 illud
996 2804 1029 2859 et
1047 2804 1150 2858 metro
1166 2791 1298 2858 heroico

185 2892 374 2955 adversatur
399 2903 430 2955 et
457 2905 674 2979 spectatorem
700 2895 810 2981 potius
838 2896 999 2982 signifieat
1027 2919 1126 2981 quum
1146 2893 1297 2980 specula-

183 3003 302 3068 torem3
331 3016 432 3077 quare
455 2996 684 3083 amplificatum
707 3009 755 3061 est
781 2997 903 3061 utalia
928 2996 1119 3082 speculandi
1139 2991 1298 3060 vocabula

181 3094 393 3173 παπταίνειν,
415 3101 612 3188 παιιφαλᾷν.
658 3098 727 3167 Sed
747 3122 822 3185 pars
842 3098 1134 3164 Grammaticorum
1154 3094 1298 3181 syllabas

182 3195 262 3284 istas
285 3219 351 3260 non
376 3220 416 3261 ex
440 3199 514 3283 ipso
538 3201 632 3284 quasi
655 3223 792 3286 corpore
814 3212 846 3265 et
867 3199 1048 3265 substantia
1066 3195 1299 3264 vocabulorum

183 3299 338 3363 confictas
362 3296 421 3361 sed
448 3301 648 3364 extrinsecus
676 3301 855 3367 inculcatas
879 3325 951 3367 esse
979 3302 1197 3377 constituunt3
1226 3294 1299 3367 ἅτι-

182 3396 314 3471 τάλλειν
336 3396 393 3463 καὶ
415 3392 567 3463 ἀτάλλειν
589 3394 628 3465 οὖ
648 3401 803 3488 διαφέρει
826 3396 900 3467 κατ’
925 3400 1105 3472 saevam
1125 3398 1299 3491 εἰρημένον

255 3614 299 3682 17)
312 3613 469 3683 Hesychius
478 3612 636 3687 Ἀιαριιῐιαι
648 3614 763 3685 βλάπτει
779 3627 808 3672 et
820 3613 972 3692 Ἀγᾶιημαι
986 3624 1158 3692 βέβλαμμαι·
1170 3621 1226 3674 hoe
1238 3619 1298 3674 for·

183 3706 257 3753 tasse
277 3715 313 3752 ex
330 3698 445 3768 antiquo
465 3699 618 3771 scripturae
636 3703 703 3758 vitio
721 3721 774 3776 pro
792 3701 927 3776 ἀτάιημαι
945 3714 977 3761 ut
992 3704 1142 3781 ἀκάχημαι.
1177 3705 1298 3761 Diversa

183 3782 304 3840 consulit
322 3783 442 3838 Ahreus.
460 3785 534 3839 Dial.
554 3787 623 3842 Dor.
637 3792 677 3842 55.

186 3874 188 3879 ⁴
255 3870 299 3939 18)
318 3867 382 3922 Hoc
401 3866 539 3938 ὂπινιεὺω,
564 3874 640 3943 quod
659 3874 852 3946 Goettliugius
876 3877 905 3931 iu
921 3876 1041 3932 Hesiodi
1062 3878 1138 3949 Opp.
1152 3879 1195 3932 2⁹.
1215 3894 1298 3949 praes

183 3958 308 4020 ferebat,
333 3955 537 4026 posterioribus
560 3958 777 4028 relinquendum
799 3963 925 4028 videtur,
949 3963 1130 4029 Manethoni‚
1154 3962 1204 4034 qui
1227 3963 1300 4017 illud

183 4061 252 4114 prae
271 4040 369 4095 ceteris
384 4042 554 4111 frequentat,
567 4052 595 4096 et
609 4045 774 4113 aequalibus
788 4067 813 4100 v.
822 4049 917 4102 Graes.
931 4052 966 4103 ad
976 4050 1069 4105 Noun.
1079 4052 1102 4104 1.
1115 4052 1157 4103 85.
1171 4048 1297 4104 Belrlrer.

184 4127 422 4203 adColuth.251l.
444 4121 528 4181 'Cum
547 4124 684 4184 ὀπιπιεὺω
702 4130 903 4205 lllosehopulus
922 4138 957 4190 ad
974 4136 1040 4191 Hes.
1056 4137 1131 4208 Opp.
1144 4137 1186 4192 λλ.
1206 4135 1298 4190 minus

184 4215 329 4266 commode
350 4209 478 4286 {sirmam
495 4217 613 4269 confert.
