2736 4778
126 378 185 445 nn
207 376 452 458 smannnsn
473 374 673 444 nmnnnsr
694 381 753 444 αα.
785 376 872 444 nn
895 375 998 444 nnn
1020 378 1047 464 y.
1061 380 1090 464 a.
1116 380 1172 447 131

58 543 196 607 secunda
218 537 415 628 ἀναστήσῃς,
439 559 480 605 an
501 539 597 605 tertia
618 534 755 628 ἀναστῇ.
803 540 945 623 Ambigit
965 544 1056 608 vetus
1076 544 1174 611 inter-

55 663 143 728 pres:
158 643 205 734 μή
228 670 260 711 τι
282 641 439 732 νεώιιηου
462 637 624 730 ἀνασταίη
647 640 758 708 κακόν·
777 641 834 709 ἐὰν
857 641 894 710 δὲ
915 632 938 731 ᾖ
963 639 1177 735 ἀναστίοῃ,

57 743 76 815 ὃ
99 753 176 827 νοιίς
192 747 303 814 ἔσιαιε
325 747 368 830 μθ
394 741 644 833 ὃνιονιιηισμὸς
665 741 742 833 ἡμῖν
759 745 929 839 ἀναστήσῃ
948 750 1057 818 κακόν.
1084 752 1180 830 Τινὲς

58 852 94 919 δὲ
127 853 210 918 κατὰ
244 850 446 939 συναλοιφὴν
480 850 618 950 diducat
652 855 750 917 τοῦτο
786 848 995 941 ἐξενηνέχθαι
1026 848 1048 920 o‘
1054 879 1070 934 ς
1101 854 1178 943 παρ’

54 948 189 1042 Ὁμήρῳ
223 951 300 1031 ,ἕνα
331 952 427 1041 ὕβριν
459 949 531 1042 i'cp·
546 948 811 1039 ’Aynpa‘provog“
845 956 875 1041 (Ι
904 956 982 1042 203)
1015 953 1087 1025 ἀντὶ
1119 960 1179 1024 τοῦ

57 1053 178 1144 ἰ’δηαι·
204 1054 318 1137 ’oileus
351 1051 408 1124 οὖν
443 1051 649 1146 ἀναστήσῃ
683 1055 754 1124 ἀντὶ
783 1061 843 1125 τοῦ
878 1056 1053 1148 ἇυάυιηαι.
1119 1059 1180 1127 Hic

59 1162 156 1244 igitur
177 1163 224 1228 ita
244 1161 417 1227 arbitratus
438 1164 497 1239 est,
533 1178 572 1225 ex
593 1157 685 1249 ἴδηαι
720 1179 778 1243 per
807 1165 946 1246 systolen
968 1163 1086 1231 iactum
1108 1183 1180 1231 esse

11 1310 16 1315 -
59 1261 165 1341 ibaar,
199 1266 271 1330 hine
303 1269 410 1330 autem
440 1263 609 1329 accedente
642 1263 723 1328 crasi
756 1261 830 1354 ἴση,
864 1268 948 1348 quod
977 1268 1179 1335 Aristarchus

59 1369 211 1451 praetth
223 1368 328 1434 Attico
350 1363 434 1456 ἴσης.
478 1366 608 1431 Pindari
630 1367 807 1449 exemplum
829 1370 938 1436 eximit
954 1368 1181 1438 Schneidewini

60 1473 220 1538 correctio.
254 1472 302 1537 De
313 1471 490 1536 Homericis
513 1465 679 1555 ἐπαύρηαι
701 1474 735 1534 et
756 1469 888 1561 ἐπαύρῃ
911 1479 1042 1540 monent
1064 1473 1180 1540 Graeci

59 1576 258 1659 interpretes,
281 1595 310 1641 u.
333 1576 375 1640 ad
395 1574 516 1640 Buttm.
538 1571 571 1636 Π
596 1573 665 1637 122.

144 1712 334 1778 Profuturo
362 1705 568 1798 συμβλήσεαι
600 1708 637 1774 Il.
660 1709 721 1775 XX
743 1709 805 1775 335
839 1712 918 1777 Lnd.
941 1712 1123 1779 Dindorfius
1145 1715 1178 1779 in

60 1812 152 1880 Thes,
186 1815 220 1881 T.
243 1816 276 1882 Il
298 1815 340 1880 90
362 1814 396 1881 C.
419 1820 453 1880 et
474 1813 535 1908 VII
560 1811 641 1877 1047
669 1813 705 1878 Α.
739 1813 970 1882 subiunctivum
993 1813 1178 1904 συμβλήεαι

58 1919 237 2000 ponendum
260 1925 353 2001 putat
375 1916 506 1996 diffisus,
529 1921 566 1981 ut
586 1915 720 1995 videtur,
743 1914 849 1984 futuro
871 1917 1050 2006 βλήοομαι,
1084 1922 1179 2003 idque

60 2022 204 2102 congruit
225 2039 295 2087 cum
317 2021 413 2087 tertia
433 2038 569 2102 persona
590 2016 745 2104 βλήεται,
781 2020 846 2085 sed·
860 2021 1023 2088 doctorum
1045 2022 1179 2089 fratrum

59 2126 141 2189 alter
173 2125 304 2191 retinuit
335 2125 507 2206 vulgatum.
572 2121 752 2188 Admodum
783 2123 905 2189 incerta
939 2131 989 2190 est
1022 2128 1179 2208 scriptura

59 2229 243 2310 praesentis
259 2227 335 2293 Hes.
348 2226 427 2308 Opp.
440 2224 503 2290 617
525 2221 668 2313 βούληαι
691 2244 732 2290 an
752 2222 904 2310 βούλεαι,
927 2226 1116 2312 bisyllabum
1139 2248 1179 2294 an

58 2331 266 2415 trisyllabum

144 2451 192 2518 De
225 2451 470 2533 consequutione
502 2448 657 2514 vocalium
689 2447 736 2520 ῖὲὗ
767 2447 845 2512 nihil
880 2448 1027 2516 subvenit
1052 2457 1180 2533 praeter

58 2555 186 2621 nomina
208 2555 363 2638 quaedam
384 2553 513 2636 propria
534 2553 567 2617 in
594 2556 649 2631 ιῖξ
669 2558 702 2618 et
723 2553 791 2632 ἧς,
824 2571 905 2634 quae
933 2554 1125 2628 commodius
1146 2557 1179 2620 in

59 2657 193 2724 Dissert.
217 2659 256 2724 de
279 2657 420 2741 Syncope
443 2676 473 2740 p.
495 2653 558 2720 256
582 2660 719 2722 tractata
742 2661 824 2721 sunt.

146 2801 206 2868 ἦ
228 2796 364 2880 synizesi
396 2798 578 2860 coartantur
610 2794 770 2860 interdum
802 2795 835 2859 in
861 2795 986 2860 nomine
1014 2792 1105 2874 θεοί,
1141 2793 1178 2860 cl.

59 2900 219 2966 Muetzcll.
243 2901 284 2966 de
305 2899 421 2980 Theog.
438 2918 468 2980 p.
485 2899 536 2976 37,
559 2897 615 2962 sed
637 2898 736 2962 erasis
759 2897 904 2979 exempla
925 2895 1018 2962 affert
1039 2898 1178 2962 Joannes
1290 2901 1293 2908 '

59 3005 131 3069 Ace.
156 3003 205 3068 15.
229 3001 268 3068 19
292 3000 474 3090 συναλοιφὴ
499 3001 671 3073 σκελοῖν,
696 3004 987 3085 Δημοσθσνσῖν
1020 3004 1053 3064 et
1075 2999 1175 3064 Hero·

59 3107 172 3171 dianus
195 3107 234 3172 de
257 3104 361 3171 Genit.
384 3122 491 3185 parag.
514 3101 587 3168 238.
612 3102 650 3168 15
675 3102 708 3167 T.
732 3102 781 3167 III
804 3097 823 3167 ὃ
848 3097 960 3181 ἁλιεύς
986 3106 1044 3168 τοῦ
1068 3098 1178 3180 ἆλιιῑς·

58 3210 96 3276 τὸ
120 3208 230 3277 δυἰἰιὸν
263 3205 310 3287 εἷς
337 3206 396 3293 την
419 3211 445 3278 οἳ
467 3207 718 3296 συναλείφουσα
737 3200 894 3289 Ἀττικοί,
929 3204 986 3270 sed
1008 3206 1040 3270 in
1062 3206 1179 3270 nostris

59 3313 153 3378 aliter
174 3312 368 3379 scribuntur:
398 3311 533 3377 πολέσιν
556 3316 625 3393 eta,
657 3331 687 3376 v.
710 3309 884 3375 Mehlhorn.
917 3327 947 3389 p.
972 3309 1033 3373 177
1055 3309 1178 3380 αᾱο.,2.

60 3417 201 3482 lonicum
235 3413 376 3503 θεοίμην
398 3415 531 3498 (Buttm.
553 3413 570 3479 1
591 3434 621 3497 p.
645 3414 722 3496 517)
756 3418 789 3479 et
820 3411 918 3477 verba
944 3411 1084 3494 legitime
1106 3430 1178 3477 con-

59 3525 162 3587 tracta
185 3515 346 3608 φιλοίμηυ
367 3525 426 3585 etc.
448 3519 676 3601 praetermitto.

144 3638 215 3705 Non
247 3640 352 3704 minus
384 3640 461 3706 trita
488 3644 563 3705 sunt
588 3635 755 3721 participia
775 3637 809 3701 in
831 3640 932 3710 ἕῑιῖῐα
955 3636 1046 3709 α’ἰῖσα.
1091 3637 1178 3701 Haec

60 3744 181 3825 epsilon
213 3743 302 3809 verbi
334 3742 539 3808 thematicum
565 3746 707 3806 seruant:
740 3742 883 3823 θέουσα,
907 3741 1029 3822 χέουσα
1051 3745 1179 3822 praeter

58 3839 150 3918 οὖσα,
175 3840 346 3927 συνδοῦσα,
371 3849 562 3913 καταδοῦσα
585 3849 621 3910 ut
643 3849 750 3910 cetera
764 3846 852 3911 verbi
868 3848 930 3914 cta
948 3845 1178 3910 inclinamenta.

56 3945 173 4015 Ἔοῦσα
195 3966 348 4032 persaepe
370 3948 542 4029 Homerus,
577 3948 674 4013 semel
703 3939 787 4015 οὖσα
813 3949 1101 4038 usurpavitmctro
1124 3944 1178 4008 de-

59 4053 198 4118 vinctum
233 4049 491 4131 0111111189,
525 4050 582 4115 sed
615 4068 653 4115 ex
683 4051 808 4134 hymnis
842 4050 1018 4116 Homericis
1051 4047 1180 4112 sustulit

59 4155 261 4222 Hermannus
294 4157 335 4221 ad
368 4154 464 4237 Orph.
497 4153 562 4218 824
595 4155 786 4220 correctione
818 4152 969 4236 perfacili.
988 4189 1022 4198 -
1048 4150 1179 4232 Epsilon

59 4261 284 4342 paragogicum
305 4259 385 4341 epici
407 4259 592 4341 plerumque
614 4258 774 4341 integrum
795 4261 974 4339 praestant:
1003 4253 1176 4342 φιλέουσα,

59 4382 119 4429 nec
133 4382 205 4428 raro
216 4365 249 4428 in
261 4366 295 4434 ὦ
309 4363 511 4428 contrahunt:
527 4365 681 4445 νεικεῦσι,
694 4358 890 4443 εἰσοιχνεῖσι
902 4357 1005 4482 Hom?
1018 4351 1178 4442 ὑμνεῦσα,

949 4442 969 4517 9
