2736 4778
140 340 205 408 804
517 338 795 411 ΒΙΒΒΕΒΤΔΤῙΟ
815 342 905 410 vm

140 505 256 591 γέλων,
285 502 385 592 ἔριον,
419 510 476 571 aut
496 506 599 591 ylla,
627 503 712 592 ἔριο,
744 522 828 587 qnae
855 504 923 572 sola
949 503 1066 587 probat
1087 503 1280 571 Meinekiua

141 606 244 671 Anall
265 606 330 671 222
364 612 399 672 et
418 605 482 673 405
515 606 662 673 reiiciens
693 608 822 674 tertiam
856 605 989 673 iormam
1020 626 1041 673 a
1070 607 1279 673 Buttmanuo

141 707 393 775 commendatam
415 706 504 793 ἔρον,
527 708 675 793 stow).
718 708 925 775 Accusativus
948 709 1025 798 ἔρω
1047 709 1276 792 grammaticis

139 811 343 891 antignotus
363 809 425 874 iuit
446 815 502 874 aut
522 807 605 875 forte
626 827 764 891 casuque
785 812 1027 892 praetermissus
1048 816 1110 877 est.
1138 848 1181 861 -
1207 810 1273 877 sed

138 910 324 978 idemtidem
346 912 545 993 praecipiunt
567 912 607 977 de
628 911 836 978 substantivis
858 914 892 978 in
914 915 955 983 ἶο
975 912 1192 993 eretmtibus,
1214 915 1271 980 alii

140 1031 299 1096 apocopen
335 1019 519 1094 causantes,
553 1013 607 1080 alii
640 1014 731 1079 clisin
751 1015 899 1081 Atticam.
942 1015 1086 1081 Primum
1106 1017 1145 1081 in
1169 1016 1270 1083 schol

139 1115 176 1182 ll
198 1115 245 1181 XI
267 1113 328 1183 ott
363 1120 509 1184 κυκειῶ
533 1116 792 1204 περισπαστέον·
826 1122 887 1184 τοῦ
915 1118 976 1204 γὰρ
999 1118 1151 1185 κυκεῶνά
1176 1118 1268 1187 ἐστιν

139 1212 318 1303 ἂποκσπῆ,
352 1222 385 1282 et
407 1216 562 1299 copiosius
583 1218 718 1284 Ioannes
750 1237 780 1301 p.
805 1219 845 1286 12
879 1217 914 1287 αἱ
948 1216 997 1298 οἷς
1024 1223 1051 1292 ἦ
1075 1217 1269 1291 attractant

139 1324 248 1388 πᾶσαι
261 1317 492 1387 πεπόνθασιν·
515 1314 535 1407 ἡ
557 1320 619 1402 μὲν
639 1320 702 1409 γὰρ
719 1316 897 1389 Ἀπόλλω
918 1323 974 1390 καὶ
990 1324 1190 1391 Ποσειδῶ
1211 1325 1267 1393 καὶ

139 1418 174 1489 οἳ
196 1418 431 1509 παραπλήσιαι
454 1417 681 1491 ἆπακοπιῖοαι
715 1419 777 1490 οὖν
798 1417 951 1513 ἤμοιψαν
976 1427 1042 1491 τῶν
1064 1420 1267 1515 ὁλοκλήρου

137 1525 194 1592 cor
215 1523 326 1608 ιλνον,
359 1542 442 1608 quae
464 1525 659 1592 Theodosius
680 1546 711 1610 p.
733 1527 798 1593 200
824 1531 922 1609 auget
942 1528 1092 1594 diversis:
1125 1528 1169 1595 ed
1192 1532 1265 1597 110·

137 1632 254 1711 σειδῶ,
288 1630 421 1701 κυκειῶ,
455 1623 552 1713 ἱδρῶ,
586 1632 656 1696 ναῶ
679 1625 719 1697 οὗ
741 1629 870 1696 τελικὸν
892 1629 958 1713 ἔχει
980 1630 1019 1695 τὸ
1040 1633 1078 1711 οῖ,
1113 1625 1191 1697 ἄλλ’
1226 1628 1266 1713 ἒξ

136 1724 327 1817 ἀποκοπῆς,
349 1748 453 1812 neque
474 1730 561 1797 aliud
584 1729 740 1814 significat
762 1730 999 1799 Choeroboscus
1021 1750 1184 1815 syncopae
1204 1752 1263 1801 no-

135 1832 219 1897 mine
241 1830 293 1899 95.
316 1831 367 1898 30.
411 1833 462 1899 Ad
494 1832 578 1899 huno
608 1834 712 1900 locum
744 1834 813 1899 sola
844 1835 900 1900 illa
931 1835 1107 1917 pertinent,
1142 1835 1262 1919 quibus

135 1933 270 2000 Ioannes
281 1934 392 2016 utitur,
414 1953 515 2017 eaque
537 1934 679 2015 utribus,
701 1954 783 2018 quae
804 1954 863 2018 per
877 1939 922 2014 ἰοὶ
942 1936 1155 2019 declinantur,
1178 1938 1262 2005 hauc

136 2033 346 2102 offerentiam
367 2036 494 2120 habent,
518 2039 604 2121 quod
625 2054 727 2120 neque
739 2044 906 2120 poetarum
917 2038 1180 2121 initusinelusa,
1202 2040 1261 2107 sed

133 2138 168 2204 in
197 2156 258 2205 usu
287 2138 425 2205 omnium
458 2141 562 2223 posita
593 2144 669 2206 sunt
694 2142 882 2224 proprieque
904 2141 1019 2206 Atticis
1040 2141 1260 2224 assignantur,

133 2241 318 2323 nequeplus
332 2258 427 2322 quam
449 2260 547 2308 unum
568 2260 676 2309 casum
698 2243 739 2310 ab
761 2243 870 2308 ordine
892 2240 1048 2308 deflexum
1066 2245 1260 2325 ostendunt;

133 2354 207 2414 nom
230 2344 387 2426 genitivus
403 2346 557 2411 Ποσειδῶ
579 2346 763 2412 insolentior
784 2350 843 2424 est,
866 2362 961 2426 quam
981 2345 1036 2426 qui
1057 2345 1106 2411 sic
1126 2354 1168 2413 ut
1189 2344 1258 2415 ναῶ

131 2463 190 2528 pro
202 2447 348 2529 exemplo·
356 2445 573 2513 declinationis
590 2447 778 2532 isosyllabae
805 2447 916 2512 haberi
938 2447 1040 2528 possit
1049 2446 1095 2530 [p.
1106 2448 1200 2535 298]
1216 2487 1253 2499 -

132 2548 191 2614 His
215 2548 367 2614 addamus
389 2549 465 2614 licet
485 2550 641 2631 poeticum
670 2547 760 2630 alni,
784 2551 867 2631 quod
890 2549 1091 2615 Hermannus
1113 2570 1155 2617 ex
1178 2554 1257 2619 lexi-

131 2652 242 2733 graphi
283 2651 446 2716 cuiusdam
478 2650 593 2717 indicio
625 2653 780 2734 Aeschylo
819 2653 974 2731 restituit,
1016 2656 1050 2716 et
1087 2656 1255 2735 proprium

128 2749 305 2818 Ἀσκάλιο
329 2772 386 2834 pro
404 2748 598 2819 Ἀοκάλιοοα
621 2755 806 2820 inRiehteri
824 2754 921 2819 Inscr.
944 2754 1134 2825 aFranokic
1159 2758 1254 2823 editis

130 2873 160 2936 p.
186 2851 255 2919 loo.
289 2890 324 2900 —
352 2854 421 2920 Rho
443 2855 568 2921 literam
590 2856 684 2923 huius
706 2859 831 2939 generis
855 2875 953 2921 unum
984 2857 1016 2921 in
1040 2858 1127 2922 exitu
1151 2858 1251 2923 habet

131 2952 208 3042 ἷχῶρ
235 2994 271 3004 ·-
296 2953 399 3043 ἰχῶρα
422 2957 475 3023 καὶ
498 2955 566 3023 κατ’
591 2954 770 3046 ἀποκοπὴν
792 2955 860 3040 ἷχῶ
883 2957 1036 3025 ΕΜ.480.
1058 2958 1110 3039 56,
1135 2960 1252 3042 dequo

129 3060 226 3125 schol.
248 3059 276 3124 B
298 3059 339 3125 ad
360 3059 397 3124 Il.
420 3059 448 3124 V
471 3057 534 3124 llo
568 3056 700 3127 ἀστικόν
733 3058 802 3128 ἐστι
831 3055 899 3126 κατ’
926 3058 1106 3148 ἀποκοπὴν
1139 3066 1251 3149 aad}

130 3148 185 3229 καὶ
207 3166 234 3243 if,
257 3157 279 3249 ἢ
300 3162 382 3229 κατὰ
406 3160 591 3248 συναίροσον
613 3160 713 3249 ἰχῶρα
737 3159 805 3244 ἰχῶ,
828 3162 888 3228 hoo
910 3169 960 3228 eat
981 3162 1064 3228 κατὰ
1082 3162 1251 3250 ἐξαίρεσιν

128 3269 187 3330 τοῦ
221 3268 247 3352 ρ’
269 3260 352 3348 ἷχῶα
385 3265 438 3332 καὶ
469 3267 654 3353 συναορὲσει
684 3262 751 3347 ι’χῶ.
797 3264 835 3330 Id
858 3264 980 3345 dubito,
1014 3284 1089 3330 num
1110 3284 1250 3349 usquam

128 3368 283 3433 invenerit
303 3366 430 3450 praeter
452 3368 653 3433 Homericum
675 3368 791 3446 locum,
826 3368 882 3432 sed
904 3369 1043 3433 Atticum
1071 3368 1178 3435 dicere
1200 3370 1249 3434 vi-

127 3469 220 3534 detur
247 3476 377 3553 propter
402 3465 569 3549 Ἀπόλλω,
604 3472 722 3547 κυκεῶ,
757 3487 839 3550 quae
860 3469 1048 3534 Eustathius
1082 3488 1155 3536 cum
1190 3472 1247 3537 illo

127 3572 295 3637 contendit
336 3573 540 3639 Herodianus
562 3573 594 3637 in
611 3571 695 3636 Mon.
707 3570 757 3637 32.
784 3571 822 3637 15
845 3572 983 3637 omnium
1004 3571 1036 3637 in
1060 3576 1102 3660 ἦ
1125 3590 1247 3640 exeun·

126 3675 206 3739 tium
228 3674 286 3739 hoc
308 3694 406 3740 unum
429 3694 504 3741 sono
526 3680 618 3740 acuto
641 3672 724 3739 finiri
746 3674 838 3739 docet
866 3679 908 3753 et,
932 3692 988 3739 cur
1009 3675 1055 3739 ita
1077 3676 1133 3754 sit,
1168 3676 1248 3743 alibi

126 3794 202 3841 ase
230 3777 418 3859 explicatum
451 3796 522 3844 esse
555 3774 729 3859 profitetur.
773 3775 929 3858 Equidem
962 3794 1089 3843 causam
1121 3779 1248 3845 nullam

193 4032 221 4095 ¹⁸)
239 4035 322 4088 Adam
341 4031 401 4099 „tte
419 4027 498 4106 παρῶ
516 4031 545 4087 to
564 4031 628 4088 οἰκῶ
645 4029 733 4097 clunic,
751 4033 821 4087 αλδῶ
841 4029 937 4098 aldor,
966 4028 1051 4094 οὕτως
1067 4033 1153 4106 ἱδρῶ·
1174 4032 1246 4091 ὅθεν

125 4121 171 4172 καλ
190 4118 399 4193 ἀναλογῶοερον
415 4122 525 4180 Αἰολεῖς
542 4120 667 4187 θηλυκῶς
687 4122 798 4187 λέγουσι
820 4121 903 4173 schol.
921 4121 952 4174 11.
970 4121 1038 4172 xxo
1056 4119 1082 4185 2,
1100 4123 1171 4182 tubi:
1196 4121 1248 4177 τὸν

125 4204 213 4274 ἱδρῶ),
235 4208 372 4261 Fortasse:
392 4203 467 4276 παρὰ
486 4202 515 4258 τὸ
534 4201 706 4263 stationali.
726 4201 813 4265 oldaia
831 4206 918 4271 αἰδῶ,
939 4203 1021 4266 οὕτως
1041 4203 1126 4275 λδρῶς
1143 4208 1246 4279 ἱδρῶ.“

126 4288 210 4342 Pauo
223 4299 293 4358 poet:
311 4286 447 4354 ,,Ἀπόλλω
465 4299 492 4344 ct
509 4291 637 4345 Ποσειδῶ
656 4293 770 4345 Homero
789 4300 816 4346 at
832 4295 949 4347 Hesiodo
966 4292 1083 4361 ignota“
