2736 4778
206 331 281 407 276
497 333 817 404 DISSERTATIO
847 336 894 402 11.
937 336 977 403 Ρ.
999 336 1028 403 Ι.

206 517 371 602 perativus
392 522 447 586 ιιῶ
469 523 576 586 nude.
621 519 744 598 Σιάλος
768 520 806 586 ιδ
834 520 936 600 σάλος
960 521 997 586 id
1017 533 1069 587 est
1089 523 1191 591 saliva
1211 527 1326 596 Hero-

206 619 292 685 dian.
315 617 424 704 Epim.
447 618 519 685 123.
543 630 576 683 et
599 620 653 685 alii
675 621 765 706 apud
781 621 840 687 Du
857 619 963 706 (lang.
985 622 1076 689 unde
1096 623 1201 705 ααλδς
1221 649 1324 696 senex

205 721 378 798 salivosus,
407 730 572 807 sputator,
604 721 645 786 de
669 742 736 806 quo
758 743 853 788 secus
875 724 973 789 statui
994 725 1038 789 ad
1057 725 1114 810 Aj.
1138 749 1172 813 p.
1194 729 1269 796 23⁷.
1291 755 1325 797 v.

201 824 303 890 Proll.
326 822 399 888 106.
420 821 496 887 adn.
511 822 543 887 4.
584 819 815 902 Ψαδοιιλδκος
830 845 891 910 pro
910 822 1152 910 ψιαδοπλόιιος
1169 828 1324 899 Sturaius

200 925 291 994 Dial.
324 923 421 989 Alex.
457 945 491 1009 p.
528 921 599 988 125.
631 923 725 989 affert
756 945 796 988 ex
826 923 938 990 charta
963 927 1139 1014 Borgiaua.
1189 931 1323 999 Eodem

200 1027 301 1093 modo
334 1024 522 1111 Stephanus
554 1046 674 1089 nomen
706 1023 831 1089 insulae
865 1039 1054 1114 corruptum
1086 1050 1159 1096 csse
1190 1045 1323 1100 censete

199 1126 372 1195 Aevouos'u
394 1129 494 1214 νῆσος
516 1121 566 1203 εἷς
591 1119 632 1213 ἣν
653 1123 818 1203 Διόνυσος
842 1124 902 1214 τὴν
918 1123 1097 1216 Ἀριάδνην
1119 1128 1321 1216 διεκόμισεν.

189 1220 320 1296 Ἔοικεν
352 1220 409 1295 οὖν
437 1223 601 1294 Διονυσία
634 1217 721 1292 εἶναι
749 1224 835 1292 κατὰ
871 1228 1106 1315 παραφθορὰν
1135 1232 1321 1301 Δαναυαία.

199 1328 269 1396 Sed
290 1327 455 1414 graviores
478 1336 628 1392 auctores
648 1326 822 1392 Donusam
843 1337 975 1405 vocant,
999 1327 1052 1392 cui
1070 1329 1174 1395 simile
1195 1354 1318 1399 nomen

198 1430 288 1496 urbis
318 1429 492 1516 Sicyoniae
514 1430 690 1496 Δονοῦσσα
719 1450 738 1490 a
768 1427 933 1492 nonnullis
960 1433 990 1491 l
988 1432 1131 1497 ονοῦσσα
1159 1431 1228 1497 sive
1250 1439 1317 1500 so·

196 1528 320 1599 νόισσα
349 1529 550 1596 scribebatur
576 1528 616 1593 cf.
643 1526 762 1592 Lehrs.
790 1528 892 1594 Arist.
916 1529 989 1594 244.
1038 1529 1110 1594 Id
1100 1531 1202 1617 agitur
1221 1535 1320 1600 vela

195 1631 359 1698 fertilitate
384 1632 445 1696 soli
470 1631 603 1695 ductum
625 1639 675 1694 est
697 1616 900 1695 commutatis
928 1629 1030 1695 literis
1060 1657 1080 1716 γ
1106 1644 1139 1697 et
1166 1638 1188 1700 δ
1214 1646 1253 1698 ιιι
1274 1641 1316 1722 γῆ

196 1735 239 1823 δῆ
262 1743 322 1797 etc.
344 1732 397 1797 vel
419 1755 439 1796 a
456 1729 599 1795 motibus
624 1740 744 1805 terrae,
772 1729 861 1795 unde
880 1730 974 1796 locus
995 1731 1131 1815 quidam
1149 1734 1231 1800 Deli
1251 1759 1316 1801 no·

195 1854 271 1898 men
302 1832 439 1918 Τρέμιιιι
467 1830 635 1918 accepisse
663 1830 764 1894 fertur
789 1853 819 1895 v.
841 1830 1041 1897 Bachmann.
1068 1834 1111 1898 ad
1131 1834 1214 1921 Lye.
1241 1836 1316 1903 102.

193 1934 298 1999 Haud
319 1933 454 2019 dignum
479 1941 610 1998 auctore
626 1926 725 1997 refert
741 1930 852 1999 Schol.
869 1932 909 1997 Il.
925 1931 952 1996 l.
968 1933 1042 1997 567.
1058 1925 1313 2021 διἀπτοςἮριιι·

194 2035 310 2114 διαιδς
340 2033 436 2119 παρὰ
464 2033 501 2099 τὸ
532 2029 643 2099 ἴδηται
669 2027 742 2098 κατ’
771 2029 922 2122 illatum
946 2036 1006 2100 τοῦ
1033 2021 1059 2099 ᾗ
1100 2033 1314 2121 Ineptissime

192 2158 270 2202 vero
294 2134 405 2203 Schol.
428 2134 540 2222 Apoll.
574 2134 697 2200 1938.
729 2129 856 2217 ἰσθμός
885 2155 926 2198 ex
956 2131 1105 2218 εἷςισμδς
1133 2139 1311 2204 conflatum

193 2236 274 2302 dicit
300 2259 330 2300 v.
356 2235 458 2300 Proll.
489 2235 539 2300 14.
591 2234 741 2301 Certiora
769 2233 837 2301 iota
865 2236 1029 2320 praeteriti
1056 2239 1207 2326 exempla
1234 2251 1312 2305 sumt

190 2335 351 2421 βώσεσδι
368 2329 439 2401 ἀντὶ
460 2338 521 2400 τοῦ
543 2330 712 2415 βιώσεσθε
729 2335 841 2403 Schol.
857 2337 970 2423 Apoll.
990 2338 1017 2402 Ι.
1036 2337 1110 2404 685.
1129 2350 1162 2405 et
1177 2344 1308 2428 σαιπᾷι,

190 2434 387 2516 conatam,
409 2429 574 2502 Εδσωιιία
594 2432 715 2522 ἡσυχία
735 2437 817 2502 Hes.
841 2459 979 2522 quorum
1002 2439 1143 2525 primum
1163 2449 1200 2506 ut
1214 2443 1309 2525 apud

188 2538 369 2604 Pindarum
399 2535 555 2622 scriptum
585 2535 676 2619 est¹)
704 2536 750 2600 ita
779 2537 967 2624 perduravit
994 2538 1029 2603 in
1056 2540 1165 2604 media
1189 2550 1309 2624 aetate,

189 2652 226 2705 ut
245 2640 309 2706 Du'
325 2637 474 2723 Congius
497 2637 603 2713 docet,
624 2635 789 2721 hodieque
809 2638 856 2703 sic
878 2639 996 2704 dicitur
1016 2638 1214 2720 σωπαίνιιι,
1236 2665 1307 2708 σω·

188 2737 317 2826 παρός,
348 2738 469 2803 omissa
493 2737 599 2803 vocali
627 2759 710 2822 quae
735 2749 767 2803 et
788 2739 884 2823 hujus
904 2739 1053 2806 vocabuli
1075 2752 1108 2806 et
1132 2743 1306 2828 synonymi

187 2837 264 2930 σιγή
285 2838 427 2904 maxime
446 2839 580 2926 propria
602 2850 635 2903 et
655 2840 764 2904 nativa
784 2841 922 2906 videtur.
966 2839 1045 2930 Λήι
1066 2843 1140 2909 λίαν
1157 2844 1240 2908 Hcs.
1257 2845 1305 2908 H.

186 2941 375 3030 Stephanus
406 2963 570 3027 syncopae
598 2939 759 3018 attribuit,
787 2942 927 3008 Guietus
952 2965 1029 3007 uero
1052 2965 1124 3011 cum
1146 2943 1305 3030 epitatico

186 3042 230 3112 λά
252 3043 392 3120 confert,
416 3044 507 3128 cujus
527 3043 590 3107 alia
610 3043 671 3107 fuit
692 3042 795 3108 lenna
817 3042 860 3110 λί.
896 3046 950 3109 Ex
968 3044 1207 3110 inclinamentis
1229 3069 1305 3112 ver·

184 3146 313 3212 balibus
343 3144 406 3210 huc
435 3146 639 3209 referendum
666 3158 717 3210 est
748 3145 954 3232 participium
985 3145 1131 3210 feminini
1157 3147 1305 3232 generis,

185 3249 313 3332 dequo
337 3245 414 3312 Sch.
438 3245 550 3331 Apoll.
571 3247 635 3312 111.
660 3247 731 3311 753.
763 3250 820 3312 τοῦ
842 3247 940 3314 δείδω
964 3244 1207 3330 παρακείμενος
1229 3245 1300 3312 δεί-

183 3351 255 3427 δια,
291 3338 351 3435 ἀφ’
386 3335 424 3412 αὖ
456 3344 578 3434 μετοχὴ
615 3346 700 3414 κατὰ
734 3345 905 3434 σιιγιοπὴν
937 3344 1072 3424 δειδιδς,
1111 3347 1243 3412 δειδιιῖα
1255 3347 1299 3432 ²).

184 3447 470 3532 Quemadmodum
491 3447 592 3532 igitur
617 3443 715 3524 ἑστός
746 3445 863 3511 dicitur
885 3469 1045 3533 oppressa
1063 3447 1173 3533 stirpis
1195 3447 1300 3511 vocali

183 3550 370 3637 principali,
394 3550 439 3614 ita
462 3571 522 3636 pro
545 3545 655 3626 διδιός
674 3547 738 3614 dici
760 3549 867 3634 potuit
889 3547 995 3627 δεδδς.
1034 3548 1136 3630 Quod
1157 3559 1195 3617 ut
1214 3570 1302 3612 nun·

183 3675 280 3737 quam
302 3651 480 3716 admissum
502 3650 608 3728 fucrit,
631 3673 692 3716 nec
713 3651 819 3736 magis
838 3647 964 3738 ιιιφός,
995 3661 1102 3714 tamen
1125 3648 1213 3713 haud
1234 3648 1301 3713 illi·

251 3856 279 3922 l)
303 3853 480 3908 Hermannua
511 3852 539 3907 iu
567 3852 686 3908 Dissert.
725 3850 896 3906 Emendatt.
926 3854 1052 3922 putaque
1072 3867 1173 3905 ιαιιιιιι.
1206 3847 1300 3906 Ριιιδ.

177 3936 428 3997 ΜΒΟΟΟΧΙΝΙΙ.
451 3945 480 3992 et
502 3941 557 3994 hoc
580 3955 597 3991 a
621 3937 742 3992 librariis
766 3936 925 4009 profectum
954 3945 1051 3992 censet
1079 3943 1108 3989 et
1134 3939 1296 4004 σωιιαινιιν,

178 4029 255 4097 quod
272 4024 429 4097 Hesychius
448 4042 464 4080 e
483 4025 674 4097 Xenophonte
694 4024 785 4078 affert.
822 4024 929 4091 Σωπᾷν
947 4040 964 4076 a
979 4023 1027 4077 Du
1043 4020 1151 4093 Cougio
1170 4020 1304 4086 afferma.

176 4116 308 4184 Σωπαῖος
326 4109 507 4166 Atheniensis
526 4112 561 4166 ab
582 4110 708 4165 Isocrate
728 4114 905 4162 memoratur.

246 4195 276 4264 ι)
288 4201 398 4270 Σμικρᾷ
417 4201 463 4252 καὶ
481 4199 579 4268 dedolo
597 4197 678 4271 ᾳωιῇ
696 4195 751 4250 Dio
765 4193 842 4250 (lass.
858 4194 944 4249 Exeo.
958 4190 1020 4246 Vat.
1032 4191 1066 4246 X
1082 4193 1138 4247 tta.
1153 4191 1199 4245 ed.
1215 4190 1297 4263 Lips.

178 4279 214 4334 cl'.
234 4282 268 4334 sd
287 4280 391 4338 Butam.
407 4284 464 4337 tto.
