2736 4778
214 318 287 426 stt
571 316 891 414 nrsssa‘rsno
918 339 960 414 v.
1037 312 1038 319 '

212 535 319 624 Epist.
348 533 399 611 80,
429 531 458 596 7.
472 533 502 615 ¹)
520 527 650 619 ’Ἕλλης
683 528 789 617 πάρος
817 528 940 599 Aesch.
968 530 1061 596 Pers.
1091 527 1165 596 818.
1208 525 1343 626 Ἕλλης,

213 630 373 719 πορθμός
387 632 463 698 870.
485 632 547 697 σεδ
571 631 703 697 assiduo
725 655 787 698 usn
812 633 858 697 ita
879 632 1042 699 concrevit
1062 643 1098 697 ut
1115 655 1179 720 pro
1195 633 1329 700 duobus

212 734 398 802 accentibus
421 734 584 821 acciperet
602 755 712 798 unum.
756 734 851 798 Haec
874 735 973 821 igitur
995 757 1062 800 non
1081 734 1255 819 synthesis
1273 757 1328 823 ep-

203 838 363 927 'pellanda
393 847 442 902 est
469 836 528 901 sed
556 834 748 922 parathesis.
795 837 918 902 Verum
945 834 1008 902 hoc
1032 857 1167 922 quoque
1194 836 1327 902 nomine

128 994 132 1000 ,,
200 939 336 1025 'antiqui
361 937 494 1003 liberius
522 959 621 1023 quam
645 959 707 1024 par
732 946 782 1001 est
802 937 850 1002 uti
871 936 992 1015 solent3
1020 937 1162 1025 primum
1181 939 1326 1026 Apollo·

209 1042 284 1106 nius
306 1041 392 1105 Adv.
413 1038 486 1116 544,
512 1039 561 1104 15.
585 1033 908 1126 deliberantem,
931 1034 971 1105 οὐ
993 1040 1101 1124 φίλως
1118 1028 1325 1124 παράθεσις,

210 1154 279 1208 tum
305 1140 516 1205 Herodianus
544 1140 579 1204 in
605 1137 921 1207 soh01.11.1.271.
951 1133 1003 1223 ἔμ’
1032 1132 1132 1204 αὐτόν
1158 1132 1325 1226 ἀναγινω-

210 1267 327 1311 σκεται
354 1241 440 1308 κατὰ
467 1238 662 1323 παράθεσιν
689 1250 722 1305 et
746 1240 843 1307 XVI.
868 1242 940 1308 248.
970 1235 1122 1321 σύμπασι
1151 1235 1324 1318 σύνθεσις,

210 1345 269 1412 σὺν
304 1346 387 1410 πᾶσι
421 1338 629 1426 παράθεσις,
660 1365 725 1428 quo
758 1341 857 1408 modo
885 1342 973 1408 idem
1000 1341 1095 1407 otiam
1121 1335 1168 1423 ἂμ
1196 1346 1326 1427 βωμοῖς

116 1496 121 1502 .
200 1444 383 1531 'distinguit
403 1467 423 1508 a
444 1442 595 1529 syntheto
618 1437 792 1528 ἀμβωμοῖς
813 1444 910 1511 VIII.
933 1445 1008 1509 441.
1030 1454 1064 1509 et
1083 1441 1243 1529 Epim.1.
1255 1442 1324 1508 423.

197 1543 295 1636 'tinio
316 1543 420 1634 μόρον
441 1544 482 1610 ab
507 1540 712 1631 ὑπέρμορον,
736 1544 814 1612 Soh.
840 1546 908 1613 Od.
928 1546 993 1611 XI.
1017 1546 1088 1612 134.
1113 1544 1152 1623 ἐξ
1176 1540 1267 1624 ἃλας
1287 1543 1324 1610 ab

199 1645 380 1730 t'gatogtt).
428 1647 476 1710 Hi
501 1646 602 1731 igitur
629 1668 741 1712 omnes
767 1648 942 1725 vocabula,
970 1669 1055 1733 quae
1085 1646 1222 1712 vinculo¹
1244 1663 1323 1732 qno·

200 1749 287 1814 uam
311 1748 490 1832 syntactico
512 1747 597 1813 inter
620 1770 655 1812 se
676 1747 866 1828 cohaerent,
891 1750 919 1815 si
939 1749 1022 1816 forto
1040 1750 1074 1814 in
1096 1749 1323 1835 synthetorum

211 1850 354 1937 speciem
385 1849 546 1926 incidant,
583 1847 748 1936 parathesi
775 1851 891 1935 juncta
919 1852 1047 1932 dicunt,
1083 1872 1183 1937 quam
1211 1849 1322 1919 schot

208 1952 310 2020 Dion.
341 1974 374 2037 p.
405 1951 481 2029 703,
514 1951 564 2016 17.
590 1951 636 2016 ita
665 1950 777 2016 definit
798 1949 991 2039 παράθεσίς
1016 1953 1084 2021 ἐστι
1108 1953 1235 2033 λέξεων
1256 1976 1322 2019 πα·

210 2055 376 2139 ροιλληλος
403 2048 571 2131 σύνταξις,
606 2063 639 2117 et
665 2052 785 2121 Suidas
817 2077 843 2118 s.
864 2049 987 2140 ’Ἔγωγε
1016 2053 1097 2140 quid
1125 2074 1146 2117 a
1177 2051 1322 2140 synthesi

210 2155 353 2231 differat,
375 2153 548 2239 explanare
570 2166 719 2220 conatur:
742 2146 830 2222 κατὰ
854 2156 952 2223 πέντε
976 2155 1124 2240 τρόπους
1137 2153 1322 2238 διαιρεῖται

210 2254 366 2333 σύνθεσις
396 2251 466 2321 ἀπὸ
502 2256 744 2343 παραθέσεως,
786 2254 871 2323 κατὰ
901 2252 996 2323 τόνον
1028 2253 1200 2340 πάροδος,
1238 2252 1322 2323 κατὰ

209 2352 341 2444 γραφήν
361 2351 551 2438 ιριςχίλιοι,
576 2355 663 2423 κατὰ
684 2361 812 2439 πνεῦμα
835 2355 955 2435 ἔνεστι,
977 2352 1242 2444 κατὰέἷςβολήν
1262 2380 1320 2442 μο-

209 2457 282 2544 ρλου
313 2450 387 2534 ὡςεὶ
401 2456 433 2539 ⁸)
464 2461 574 2538 χνοῦς,
608 2455 694 2525 κατὰ
723 2454 897 2527 διάλεκτον
926 2455 1042 2545 ἔγωγε,
1078 2456 1168 2523 unde
1197 2479 1320 2545 cogno·

280 2661 307 2728 1)
323 2660 482 2731 Stephanus
494 2651 611 2712 Δοδλων
627 2651 746 2720 πόλις-
755 2664 892 2733 Κρατῖνος
908 2658 988 2716 πόλιν
1001 2659 1109 2717 δούλων
1123 2664 1214 2733 φησὶν
1223 2660 1321 2717 Ἀπολ·

209 2750 311 2801 λωνίου
325 2741 465 2816 φήσαντος
480 2742 519 2813 μὴ
539 2744 599 2800 δεῖν
616 2737 715 2806 ταύτας
732 2743 779 2806 τάς
795 2751 963 2815 παραθέσεις
980 2743 1158 2804 ἐναλλάσσων
1176 2750 1245 2821 δίχα
1261 2768 1320 2805 ποι-

209 2835 300 2902 ηιικῆς
318 2828 447 2901 ἀνάγκης.
483 2830 546 2885 Hac
565 2837 717 2885 excusatur
735 2833 817 2899 νῆσος
830 2836 958 2896 Πέλοπος
971 2835 1044 2890 Οεδ.
1058 2833 1187 2892 001702.
1203 2834 1319 2908 Dionys.

209 2936 236 2973 v.
249 2919 309 2972 403.

279 3006 307 3070 2)
329 3001 377 3058 Sic
390 3001 474 3058 etism
486 3000 552 3056 EM.
566 3001 626 3067 346,
638 3003 681 3055 45.
700 3002 729 3065 ἐξ
745 2997 810 3064 <itte
826 3002 895 3064 ιινὲς
912 3001 980 3058 κατὰ
994 3001 1167 3076 συναλοιφὴν
1179 3007 1233 3069 ἔξω
1245 3002 1319 3068 llis·

209 3091 237 3146 ol
254 3088 285 3145 ot
305 3091 335 3144 ἐν
354 3092 398 3156 τῆς
414 3085 478 3149 ιἰλὸς
495 3086 579 3141 scrib.
593 3084 661 3142 ιιαιά
674 3085 847 3160 συναλοιφὴν
860 3089 967 3155 ἔξαλος,
981 3091 1008 3144 οἱ
1025 3090 1056 3145 st
1075 3087 1144 3144 κατὰ
1161 3089 1320 3164 παράθεσιν

208 3177 237 3238 ἐξ
255 3171 320 3236 tols
339 3172 399 3228 άνιλ
420 3176 467 3227 νοῦ
489 3174 540 3235 ἔξω
560 3170 631 3234 otte.
672 3171 728 3228 Hic
750 3174 939 3247 synaloephae
963 3175 1075 3231 nominc
1100 3173 1168 3245 (nisi
1192 3175 1320 3251 συναφὴν

207 3262 331 3333 scripsit)
352 3257 489 3330 synthesis
510 3258 683 3328 significatur
704 3267 735 3312 ut
753 3260 818 3314 Sch.
837 3260 899 3315 Nic.
916 3260 968 3316 Th.
981 3264 1023 3316 80.
1046 3256 1179 3334 άγριάδος
1196 3258 1320 3336 μαλάχης

207 3346 275 3402 sarci
296 3341 470 3416 συναλοιφὴν
489 3339 695 3415 ἄγριομαλάχος
718 3353 748 3398 ut
767 3345 956 3400 Schneiderus
978 3366 994 3402 e
1014 3348 1111 3402 Goett.
1133 3348 1248 3421 scripsit
1270 3367 1318 3422 pro

208 3433 275 3488 κατὰ
293 3433 437 3502 διαίρεσιν.
473 3429 577 3484 Dicere
595 3429 685 3484 voluit
704 3429 790 3501 ιἰγρίιι
807 3426 917 3503 μαλάχη
939 3431 1007 3485 uari
1025 3434 1162 3503 διαίρεσιν
1179 3433 1318 3508 εἴρηταιὴ

207 3516 335 3585 συνήθως
349 3514 417 3571 ιιιιιά
431 3512 565 3570 σύνθεσιν
576 3518 713 3587 λεγομένη
726 3513 926 3589 άγριομαλάχη.
951 3516 999 3573 Sic
1013 3518 1095 3573 etiam
1109 3513 1317 3595 άγριοςχαῖρος,

207 3598 306 3674 άγριον
322 3597 468 3674 κάρδαμον
484 3599 639 3671 parathesis
653 3602 843 3676 appellatione
863 3602 997 3673 distingui
1015 3612 1133 3677 possunt
1150 3623 1168 3660 a
1184 3606 1318 3678 synthetis

197 3682 381 3761 Ιάγριὸχοιρσς
399 3693 451 3742 ete.
471 3688 508 3741 ad
527 3687 591 3740 Phr.
607 3688 666 3742 381.

276 3774 305 3841 3)
319 3771 465 3842 Significat
481 3771 519 3835 ὠς
532 3770 568 3828 ἂν
585 3777 618 3844 st,
635 3791 793 3845 quanquam
806 3775 835 3829 id
849 3793 962 3847 quoque
981 3775 1130 3847 conjuncte
1148 3777 1236 3833 scribi
1249 3777 1319 3834 solet

206 3858 229 3915 si
246 3858 375 3913 absolute
390 3858 519 3930 ponitur;
541 3860 687 3931 Moscbop.
703 3860 805 3914 Sched.
823 3863 880 3915 108.
900 3859 1011 3931 ὠςιινελ,
1029 3859 1107 3930 nicet,
1127 3859 1262 3935 ολςπερελ,
1280 3866 1320 3921 ol-

207 3951 274 4012 ονιί,
289 3951 484 4016 ναδαιιερανεί
495 3949 622 4016 λέγονται
635 3944 704 4001 κατὰ
719 3941 852 4001 σύνδεσιν
865 3950 912 4002 τοῦ
924 3951 950 4002 sl
963 3950 1132 4003 συναπιινοῦ
1145 3952 1318 4023 συνδέσμου·

206 4031 246 4086 ὅτι
267 4033 298 4085 δὲ
318 4025 436 4085 atron&
455 4036 507 4086 ελσι
524 4033 610 4098 δῆλον
626 4031 681 4087 ἀπὸ
703 4034 748 4103 τῆς
766 4029 917 4095 διαλύσεως
936 4031 973 4094 sic
990 4036 1016 4087 sl
1036 4034 1126 4104 ἔλεγε,
1148 4029 1280 4108 καθάπερ
1297 4039 1320 4091 sl

206 4112 267 4171 τάδε
286 4119 382 4171 ἐποίει.
409 4117 456 4171 Sic
471 4118 554 4172 etism
571 4114 599 4181 ἒξ
615 4117 736 4181 ἅπαντας
753 4114 855 4189 τρόπου
870 4118 955 4174 scribi
967 4119 1067 4174 volunt
1083 4122 1136 4175 sed
1151 4120 1254 4178 omisso
1272 4140 1318 4177 no·

206 4201 280 4255 mine
298 4197 448 4264 ἐξάπιινιος
459 4222 485 4257 v.
500 4205 529 4259 C.
543 4207 594 4260 111.
609 4207 632 4273 ᾖ.
647 4208 671 4261 5.
685 4237 720 4248 -
736 4202 845 4277 Ἔγωγε
860 4206 981 4278 epectssi
995 4206 1080 4262 attica
1091 4214 1206 4262 anctum
1219 4207 1318 4264 saida

208 4284 341 4342 discernit
359 4289 394 4343 ab
414 4282 468 4362 lyci
485 4309 526 4364 γε.
