2736 4778
131 336 195 405 236
354 339 357 348 “
508 334 786 405 DISSERTATIO
809 336 879 405 vn.

130 504 180 588 ᾗ,
203 501 349 582 idemque
370 499 570 565 Herodianus
593 500 688 566 schol.
710 500 747 566 Il.
769 499 919 568 XIV396
942 501 1082 568 declarat
1094 505 1259 585 epectasis

130 604 264 670 nomine.
323 601 366 667 Hi
401 620 588 685 pergravem
624 603 709 668 nacti
745 608 819 670 sunt
855 622 1053 671 assensorem
1084 606 1260 675 Lehrsium

132 705 259 785 Quaest.
284 703 362 786 132,
386 706 576 771 contrarium
599 711 774 788 sequuntur
796 707 1009 773 Buttmannus
1032 709 1050 794 6
1075 710 1116 775 72
1140 710 1216 776 adn.
1228 709 1258 789 4,

132 807 343 891 Goettlingius
376 806 502 873 decent.
537 805 610 888 365,
644 808 787 874 Klotzius
820 810 861 875 ad
894 808 1008 886 Devar.
1041 807 1105 875 296
1140 812 1259 878 horum

131 918 264 993 uterque
292 910 426 977 eundem
448 909 647 993 Apollonium
679 912 789 976 testati
821 913 913 994 quasi
945 914 1056 979 eadem
1086 914 1257 981 dicentem

130 1015 175 1083 Et
194 1015 257 1080 huc
276 1020 386 1080 nostra
407 1030 531 1094 quoque
552 1012 684 1079 inclinat
705 1017 877 1096 sententia,
910 1016 986 1097 quia
1007 1016 1130 1098 syllaba
1162 1037 1257 1101 epea

131 1118 282 1203 1666αῇ
304 1116 379 1182 alibi
401 1120 533 1197 apparet
554 1135 717 1199 nusquam.
761 1118 846 1200 Ergo
869 1119 915 1184 sic
948 1120 1126 1201 statuimus
1151 1117 1257 1208 ἔγωγε

131 1240 170 1289 ex
192 1220 314 1289 duabus
336 1223 482 1286 constare
502 1218 662 1301 partibus3
685 1220 742 1286 sed
764 1220 838 1303 quia
860 1222 1035 1303 particulae
1056 1222 1258 1306 vispropria

129 1341 283 1408 persaepe
305 1323 351 1387 ita
373 1325 569 1402 attenuatur,
604 1327 641 1387 ut
661 1322 804 1405 legentes
826 1322 918 1390 facile
950 1328 1146 1412 praetereat,
1184 1344 1257 1392 earn

41 1414 47 1423 ’
131 1443 259 1495 causam
282 1443 361 1505 esse,
384 1442 441 1490 cur
450 1442 521 1490 cum
532 1425 715 1507 pronomine
727 1429 879 1507 tanquam
889 1422 1141 1508 appendiculam
1157 1446 1256 1494 unam

129 1517 239 1596 rocem
261 1528 426 1607 coalescat
448 1527 507 1593 hoc
530 1533 636 1593 autem
658 1526 742 1594 iacto
761 1534 927 1595 accentum
937 1529 1130 1611 pronominis
1151 1535 1256 1598 retro-

131 1633 191 1716 agi,
214 1651 254 1698 ne
276 1631 449 1713 accipiatur
470 1648 528 1714 pro
550 1625 614 1716 ἐγώ
638 1654 685 1716 γε,
709 1649 772 1714 qua
793 1631 915 1697 ratione
927 1631 1113 1714 Apollonius
1128 1650 1256 1716 quoquc

131 1735 371 1805 anabibasmum
393 1751 464 1800 cum
486 1733 625 1814 epectasi
653 1733 714 1799 sibi
745 1734 932 1816 complacita
965 1735 1168 1803 coniunctum
1202 1754 1256 1802 ex·

130 1839 236 1923 plicat
257 1834 313 1904 ἵνα
336 1835 391 1905 διὰ
414 1838 470 1917 τοῦ
492 1831 585 1901 τόνου
602 1830 746 1925 διαφύγῃ
770 1835 807 1902 τὸ
831 1831 1023 1926 ἀμφίβολον
1035 1841 1093 1904 τοῦ
1117 1837 1155 1927 γέ
1177 1863 1255 1908 συν-

133 1942 256 2024 δέσμου
277 1939 357 2006 Adv.
380 1935 451 2005 594.
478 1936 525 2005 11.
571 1935 837 2020 significationem
859 1939 927 2006 eius
942 1939 1103 2023 propriam
1124 1941 1160 2007 in
1182 1960 1255 2027 syn·

133 2043 222 2112 theto
242 2063 306 2110 non
327 2041 655 2130 prorsusoblitescere
676 2041 826 2109 indicium
848 2040 981 2124 praebet
991 2042 1088 2124 locus,
1111 2044 1256 2126 quemin

130 2148 239 2216 ordine
249 2145 417 2213 verborum
429 2143 563 2211 obtinet:
585 2138 606 2233 ἦ
629 2141 751 2231 ἔγωγε
775 2139 814 2209 οὐ
837 2141 985 2232 συνήθης
1007 2140 1054 2224 εἷς
1076 2140 1181 2235 alaprie
1202 2142 1254 2213 16.
1282 2150 1286 2155 ·

131 2276 191 2336 yon
214 2242 543 2333 παραλαμβάνεσθαι
576 2245 669 2313 Pron.
696 2245 855 2327 06211,
888 2265 952 2329 qua
983 2247 1204 2331 designatione
1236 2268 1255 2315 a

130 2351 309 2437 primordiis
331 2349 413 2430 libri,
435 2348 595 2429 orationis,
618 2348 770 2430 epistolae
781 2349 1011 2433 excluditur*);
1033 2351 1089 2416 sed
1104 2349 1254 2434 frequen·

130 2457 252 2524 tissime
272 2472 331 2537 pro
352 2451 556 2533 responsione
578 2450 768 2517 affirmativa
799 2451 898 2517 valet:
931 2450 1019 2536 ἔχοις
1052 2449 1093 2518 rb
1126 2449 1254 2536 einais,-

123 2551 255 2646 Ἔγωγε,
279 2557 354 2642 ἔφη,
386 2548 472 2637 ’0606
495 2555 760 2636 circumscriptius
783 2555 909 2636 quidem
931 2562 982 2621 est
1003 2575 1097 2639 quam
1121 2557 1254 2640 simplex

22 2703 25 2710 -
130 2657 208 2747 ἐγώ,
232 2660 288 2725 sed
310 2663 500 2722 tamennon
522 2657 568 2721 ita
590 2655 761 2736 definitum,
784 2664 821 2724 ut
843 2658 999 2724 disiuncta
1021 2655 1084 2745 eya
1107 2684 1144 2744 γε
1168 2661 1255 2727 velut

130 2768 249 2830 τοῦτον
271 2756 334 2844 ἐγώ
357 2784 392 2842 γε
416 2762 522 2824 παῖδα
546 2753 687 2843 ἡγοῦμαι
710 2759 819 2825 Liban.
842 2759 928 2826 Decl.
952 2760 1014 2827 Τ.Ι
1035 2758 1085 2842 48,
1110 2756 1184 2828 ἀλλ’
1198 2757 1254 2830 οὔτε

130 2863 206 2950 ἐμοί
229 2888 274 2950 γε,
298 2853 373 2929 εἶπε
395 2862 561 2927 Plutarch:
575 2882 604 2927 v.
626 2861 715 2926 Brut.
738 2880 763 2928 c.
786 2862 905 2943 XXIII,
935 2858 993 2930 660
1028 2856 1146 2944 6010106
1181 2862 1255 2948 4μοί

131 2995 166 3054 ys
189 2969 335 3044 πλοῦτος
356 2965 484 3031 Luciam.
509 2963 589 3030 Gall.
612 2965 630 3049 ᾖ
654 2963 709 3043 33,
745 2960 804 3029 nola
824 2960 885 3056 ἐπ’
910 2963 986 3048 ἐμοί
1008 2991 1044 3051 γε
1065 2970 1166 3032 τοῦτο
1189 2967 1254 3034 Eu·

131 3092 201 3154 nap.
224 3092 251 3135 v.
275 3068 389 3136 Jambl.
412 3089 442 3150 p.
468 3067 507 3133 14
530 3068 600 3151 (26)
624 3068 671 3131 ed.
694 3067 795 3132 Boiss.
839 3068 883 3134 Et
904 3069 945 3134 ad
980 3068 1039 3134 boc
1072 3068 1253 3151 significan·

131 3177 206 3242 dum
229 3171 417 3239 Schaeierus
440 3171 481 3235 ad
502 3170 585 3235 Plut.
608 3189 637 3234 v.
661 3169 754 3234 Phoc.
777 3169 853 3235 XVI
875 3167 939 3255 ἐγώ
962 3196 1014 3256 γε,
1044 3162 1135 3237 εἶπεν
1159 3190 1254 3254 prae·

129 3277 192 3344 lert
213 3277 340 3356 vulgato
363 3273 462 3360 ἔγωγε
485 3279 635 3355 tanquam
658 3271 899 3354 significantius,
933 3274 1016 3355 quod
1050 3272 1091 3338 ad
1112 3273 1255 3341 indican-

130 3383 204 3446 dum
226 3396 451 3464 nonnunquam
473 3376 600 3441 additur
621 3376 777 3456 particule
791 3377 953 3457 partitiva:
977 3376 1118 3443 σκέπτεο
1142 3370 1255 3444 citior·

131 3480 207 3566 ἐμοί
228 3506 263 3567 γε
285 3481 345 3563 μὲν
369 3471 460 3556 066ιο
489 3473 610 3564 ἀνάγκη
633 3478 770 3559 Theogn.
796 3476 891 3557 1095,
913 3483 1026 3545 ¹arsiaco
1058 3476 1254 3562 τεχνήεντες·

131 3581 194 3670 ἐγώ
217 3609 252 3668 γε
274 3583 334 3665 μὲν
359 3619 393 3628 -
418 3579 478 3670 βίᾳ
507 3580 635 3666 κρατέω
658 3578 822 3660 Damagel.
846 3580 940 3645 anth.
962 3580 1050 3647 Plan.
1073 3581 1147 3659 Id,
1178 3580 1256 3666 ἐμοὶ

130 3712 166 3771 γε
188 3687 247 3767 μὲν
271 3680 413 3769 ἀστέρας
435 3680 590 3750 εἰπεῖν-
617 3678 799 3765 τεκμήρατε
823 3687 936 3750 πᾶσαν
959 3678 1077 3768 ἀοιδήν
1100 3683 1190 3748 Aret
1206 3684 1254 3752 17.

131 3787 193 3852 Sed
216 3787 274 3851 hoc
297 3786 463 3851 discrimen
486 3787 520 3850 in
542 3784 679 3865 antiquis
702 3798 825 3866 quoque
849 3785 1080 3867 exemplaribus
1103 3804 1166 3850 non
1184 3786 1255 3852 ubi·

131 3908 191 3972 que
204 3895 363 3953 servatum
375 3894 433 3954 est.
455 3887 506 3953 Sic
519 3888 614 3952 schol.
627 3887 654 3951 Α
667 3886 702 3951 ll.
714 3887 824 3952 XXIII
831 3881 898 3954 ’894
911 3888 1009 3972 (quod
1020 3887 1120 3953 Bekk.
1132 3891 1256 3973 omisit)

130 3991 231 4076 ,ἔγωγε
247 4029 281 4039 -
304 3989 464 4076 γράφεται
484 3987 547 4074 ἐγώ
559 4015 603 4075 ys,
623 3989 706 4070 quod
720 3989 837 4055 Herod.
850 3991 890 4056 ad
903 3990 918 4056 1
933 3989 993 4055 114
1009 3990 1178 4073 improbat,
1197 3992 1257 4059 sed

130 4096 225 4160 aliam
253 4095 292 4159 ob
316 4113 457 4160 causam:
481 4093 539 4179 τὴν
567 4091 679 4177 ἔμοιγε
703 4093 1074 4182 προπαροξιιτονρτὲον·
1097 4091 1169 4161 ἔστι
1192 4120 1256 4182 γαρ

202 4316 229 4376 *l
249 4309 365 4384 ,Jnyeyr
384 4336 485 4386 semper
502 4321 575 4372 initio
594 4317 676 4369 schol.
696 4314 794 4384 [Arist]
812 4318 882 4374 Plut
902 4317 969 4373 147“
987 4319 1050 4372 adar.
