2736 4778
102 314 106 320 ·
177 301 249 374 170
496 248 506 267 ’
543 294 862 363 massarium
892 295 921 358 1.

175 507 253 568 γρος
276 478 369 566 παρὰ
392 479 429 545 τὸ
450 476 550 566 γριὶοι,
573 473 635 566 ἀφ’
660 469 699 547 οὗ
720 479 901 565 ῥηματικὸν
923 471 1032 558 ὄνομα
1054 471 1145 562 γρός,
1165 468 1186 541 ll
1208 473 1293 544 καθ’

176 579 276 650 ἑαυτὸ
301 577 340 647 οὐ
362 576 475 668 ῥητόν·
499 576 533 646 ἐν
556 581 798 668 διπλασιασμῷ
817 577 957 664 γόγγρος
978 577 1060 641 ΕΜ.
1076 576 1150 653 237,
1169 576 1223 640 44.
1242 576 1296 641 cui

176 683 297 749 similes
320 690 395 746 sunt
415 680 543 746 fabulae
567 680 608 746 de
624 678 719 758 κλός,
736 675 815 761 χλός
829 692 890 745 etc.
921 677 1143 746 Schneiderus
1160 698 1238 743 vero
1253 678 1297 742 ad

175 783 311 850 Aristol.
340 783 381 847 T.
412 782 477 846 III.
508 780 558 845 18.
585 801 713 864 conpar,
742 778 863 865 inquit,
891 800 1007 846 οοοιιιι
1029 800 1050 846 ο
1071 776 1226 864 γόγγροις
1249 782 1299 845 ael

177 880 393 970 στρογγύλαις
415 883 547 964 ἐξοχαῖς
570 883 711 966 δένδρων
731 891 767 947 ut
785 881 923 947 Galcuut
943 892 1048 946 mouet
1069 885 1104 946 ιἰι
1117 879 1220 946 Glott.
1232 883 1297 959 ⁸⁸).

176 985 243 1051 Hic
263 1007 341 1049 vero
363 984 405 1047 de
425 983 517 1068 piace
538 980 662 1045 nullum
685 981 836 1057 verbum,
867 980 926 1046 sed
955 991 1097 1046 tumores
1124 980 1222 1065 gulae
1249 983 1298 1047 sic

178 1085 339 1173 appellari
374 1082 453 1148 dicit
484 1104 504 1146 a
536 1082 746 1148 similitudine
778 1082 943 1158 tuberum,
977 1081 1124 1165 quaein
1145 1081 1297 1148 arborum

178 1187 301 1252 truncis
324 1185 483 1259 existunt3
512 1182 657 1248 adhaec
679 1193 787 1249 autem
809 1194 941 1269 etymon
969 1181 1010 1246 ab
1032 1183 1113 1248 ΕΜ.
1141 1185 1296 1270 proposi·

178 1300 248 1353 tum
274 1310 342 1352 non
370 1285 509 1370 quadrat
536 1295 569 1348 et
598 1285 789 1371 suppressio
817 1285 939 1351 vocalis
969 1284 1158 1370 principalis
1187 1308 1296 1372 neque

178 1390 242 1454 illis
259 1388 427 1475 exemplis,
450 1408 534 1471 quae
552 1386 762 1452 Grammatiei
784 1386 935 1471 allegant,
959 1384 1090 1449 abunde
1109 1385 1297 1452 confirmata

179 1499 246 1567 est,
275 1511 383 1574 neque
410 1487 478 1554 scio
505 1509 547 1551 au
569 1508 653 1572 quae
679 1510 742 1572 ego
767 1487 937 1572 indagavi,
957 1485 1193 1552 morosioribus
1216 1488 1295 1553 satis

177 1591 303 1658 factura
333 1590 407 1653 sint.
463 1589 548 1656 Sunt
581 1609 658 1652 vero
688 1588 785 1653 haec:
815 1584 887 1653 Ζίοι
916 1588 953 1652 τὸ
989 1587 1076 1672 ζητιῦ
1105 1585 1143 1665 ἐξ
1168 1576 1297 1656 abaci

180 1692 284 1773 ζίεται
317 1689 464 1775 ζητεῖται
494 1688 575 1754 ΕΜ.
603 1689 684 1766 411,
713 1690 767 1753 41.
797 1711 838 1753 ex
865 1710 931 1772 quo
962 1688 1080 1772 aliquis
1112 1688 1298 1774 suspicetur

180 1790 260 1873 δίζω
288 1799 403 1854 natum
431 1811 503 1853 esse
531 1799 604 1852 zeta
633 1789 667 1853 in
691 1790 780 1853 delta
807 1800 932 1854 mutato
956 1800 993 1853 ut
1020 1790 1054 1853 in
1085 1789 1174 1854 affini
1195 1789 1295 1856 verbo

180 1892 290 1979 δητεῖν
311 1890 346 1953 id
369 1900 419 1954 est
439 1888 546 1974 ζητεῖν
568 1889 694 1954 Techn.
717 1890 769 1954 28.
806 1889 1039 1976 Imperfectum
1060 1887 1171 1957 ἔδιδον
1191 1890 1298 1956 idest

181 1988 338 2058 ἐδίδοσαν
365 1990 399 2055 in
425 1992 471 2055 H.
496 1991 542 2054 ΙΙ.
567 1990 601 2055 in
624 1989 698 2057 Cer.
720 1992 938 2057 Buttmannus
963 2002 1051 2056 recte
1073 1991 1198 2056 confert
1222 2013 1296 2056 cum

178 2092 356 2159 Pindarico
387 2089 500 2160 ἔτιθεν
526 2093 548 2157 i.
575 2115 606 2177 q.
636 2090 810 2168 ἐτίθεσαν,
837 2114 944 2177 neque
978 2115 1061 2179 opus
1089 2094 1194 2158 estin
1217 2093 1296 2158 sub-

180 2193 300 2256 sidium
326 2214 444 2257 vocare
474 2215 629 2278 praesens
660 2190 762 2267 δίδοι,
791 2215 857 2276 quo
888 2193 1063 2280 scriptores
1083 2195 1295 2261 inficetissimi

180 2304 315 2358 utuntur
335 2313 396 2378 pro
420 2291 540 2372 δίδωμι
564 2291 666 2378 (δύω)
686 2315 717 2357 v.
741 2292 866 2358 Tecbu.
890 2294 941 2359 72.
976 2291 1106 2379 Κόγχος
1125 2317 1203 2361 vero
1229 2297 1296 2362 sire

179 2391 281 2478 κόγχη
304 2390 346 2456 ab
369 2391 484 2457 eadem
506 2392 617 2457 radice
638 2403 751 2457 natum
768 2394 900 2475 uidetur
920 2406 957 2460 ut
981 2418 1186 2483 synonymou
1206 2394 1293 2484 χήμη

181 2494 271 2580 quod
299 2494 492 2559 Athenaeus
519 2493 584 2558 III.
612 2492 664 2558 93.
696 2496 741 2558 Α.
774 2517 793 2557 a
822 2496 939 2582 κέχηνα
965 2497 1093 2584 repetit.
1149 2498 1195 2563 Et
1220 2496 1296 2562 huic

179 2596 387 2681 aequiparari
415 2603 526 2680 potest
550 2585 649 2671 ὄτλος
677 2593 771 2676 παρὰ
797 2594 835 2662 τὸ
866 2599 932 2662 alo]
962 2597 1043 2662 ΕΜ.
1077 2620 1154 2662 nam
1183 2599 1296 2663 anadi-

179 2695 355 2780 plasiasmo
387 2694 494 2758 vicina
525 2704 575 2757 est
603 2695 793 2779 prosthesis.
848 2697 971 2763 Verum
1002 2698 1101 2763 redeo
1135 2698 1170 2763 iu
1200 2699 1295 2763 viam.

179 2792 319 2879 Κοχιόνη
348 2794 569 2859 Doederlinus
603 2794 727 2878 synon.
762 2796 822 2862 VI.
852 2797 904 2862 84.
934 2821 953 2860 a
980 2796 1060 2884 χνόη
1094 2799 1161 2863 sire
1191 2798 1299 2878 χολνιξ

178 2894 301 2960 iactum
323 2917 396 2961 esse
417 2896 558 2960 affirmat>
574 2916 635 2982 per
654 2895 919 2982 duplicationem,
940 2921 1002 2963 nec
1024 2910 1132 2965 tamen
1153 2897 1297 2962 declarat

180 3018 352 3082 quamnam
382 3018 465 3063 coxa
496 3019 569 3064 cum
596 2996 741 3062 modiolo
769 3010 861 3063 rotae
891 2999 1135 3065 similitudinem
1163 2997 1292 3073 habeat,

177 3099 242 3164 nisi
270 3098 353 3165 forte
384 3100 431 3165 sic
459 3101 586 3165 censuit
614 3101 745 3165 nomine
770 3101 827 3165 illo
856 3122 989 3164 caveam
1017 3101 1100 3165 ossis
1130 3100 1295 3164 femoralis

180 3201 339 3278 denotari,
358 3223 456 3285 quam
467 3201 587 3267 Graeci
604 3200 743 3289 κοτύλην
762 3201 939 3290 appellant,
961 3202 1073 3266 Latini
1091 3200 1295 3266 acetabulum

179 3300 243 3368 hoc
265 3312 315 3367 est
336 3302 373 3366 τὸ
399 3303 511 3367 κοῖλον
532 3305 592 3367 τοῦ
616 3296 750 3379 ιἰστέου,
780 3300 865 3369 ἔνθα
891 3300 911 3390 ἦ
939 3304 1070 3392 κεφαλὴ
1099 3307 1159 3370 τοῦ
1188 3305 1296 3392 μηροῦ

180 3401 393 3489 ἐνστρέφεται
416 3398 527 3467 Schol.
549 3400 588 3464 Il.
605 3401 647 3466 V.
664 3399 737 3465 306.
750 3402 803 3485 Η)
840 3403 969 3469 sivero
991 3406 1072 3469 nihil
1095 3405 1183 3469 aliud
1200 3425 1298 3489 quam

248 3634 295 3702 33)
318 3633 347 3688 Si
370 3636 446 3706 quod
466 3633 622 3706 Hesychius
646 3633 731 3688 tradit
756 3640 912 3707 γογγρῦσαι
935 3635 1116 3708 (γογγρύσαι)
1141 3636 1178 3700 ὠς
1197 3643 1298 3709 χοῖρος

178 3720 321 3791 φωνῆσαι·
342 3717 371 3774 τὸ
395 3721 426 3775 δὲ
450 3718 515 3775 αὐτὸ
539 3724 586 3774 καὶ
610 3723 763 3790 γρυλλίζειν
785 3723 907 3791 λέγεται,
933 3721 999 3775 satis
1024 3722 1121 3777 indicii
1145 3723 1297 3794 praeberet

177 3820 295 3876 porcos,
316 3802 365 3871 qui
388 3805 474 3875 vulgo
494 3808 591 3876 γρῦλοι
608 3814 758 3869 vocantur,
783 3823 801 3860 a
817 3807 958 3862 nonnullis
978 3805 1119 3880 γόγγρους
1137 3808 1297 3880 appellatos

178 3907 249 3954 esse,
268 3887 390 3942 dubitari
408 3897 503 3961 posset
520 3908 555 3943 an
573 3899 722 3960 utrumque
741 3909 841 3946 nomen
861 3911 877 3946 a
895 3895 1078 3966 quadrupede
1097 3897 1132 3948 ad
1149 3912 1296 3964 congrum,

178 3977 226 4045 qui
242 3975 316 4030 idem
330 3969 446 4048 γρύλλος
464 3975 575 4039 dicitur,
593 3976 755 4030 translatum
775 3977 810 4030 sit
828 3978 872 4031 vel
893 3980 929 4031 ob
949 3996 1046 4033 vocem
1065 3982 1110 4049 (ut
1127 3978 1141 4032 ὁ
1161 3976 1297 4050 ποτάμιος

172 4068 270 4135 χοῖρος
282 4061 383 4116 Athen.
397 4059 475 4115 VIII.
489 4061 548 4114 3³1.
563 4060 613 4127 D.)
627 4062 671 4114 vel
685 4064 721 4116 ob
737 4061 819 4116 aliam
833 4063 1056 4134 qualemcunque
1073 4064 1292 4119 similitudinem.

246 4147 292 4214 ³4)
307 4144 414 4215 Κοιύλη
431 4145 444 4200 ὁ
461 4142 574 4215 γλοιιτός
590 4144 644 4199 tut
662 4149 707 4215 τῆς
723 4144 875 4217 κοιλότητος
891 4148 981 4220 Epim.
996 4149 1033 4204 11.
1048 4153 1108 4216 453,
1122 4153 1163 4205 lb.
1180 4145 1289 4221 κοχώνη

176 4225 193 4298 ἦ
209 4227 374 4299 ὑπογλοοιίς
388 4234 535 4303 Moschop.
552 4231 655 4287 Sched.
669 4235 711 4298 62,
726 4234 751 4287 8.
