2736 4778
369 363 435 428 ou
456 315 747 428 minuerer.
785 362 825 428 c,
840 362 886 428 11.
917 368 942 449 ς.
958 365 989 429 υ.
1163 357 1238 441 οιε
1295 398 1300 407 «

125 546 202 611 lium
237 569 273 611 se
307 543 577 631 subsequentium
609 546 746 631 primum
781 556 814 613 et
849 546 975 612 tertium
1007 547 1069 614 sibi
1101 549 1240 616 invicem

125 649 301 714 succedere
327 647 441 713 nescio
463 646 538 735 quis
559 646 729 713 tradiderit
748 658 879 735 praeter
900 648 1010 716 Schol.
1031 649 1133 715 Arist
1156 653 1239 717 Avv.

124 750 198 816 273.
232 749 338 830 παρὰ
363 748 425 838 τὴν
456 746 609 836 φοίνικος
643 748 773 839 γενικὴν
808 746 933 836 γίνεται
970 746 1155 836 φοινικόεις
1186 751 1242 820 καί

125 849 165 918 ἐν·
193 847 380 936 ὑπερθέσει
411 845 598 938 φοινικίεος
628 848 687 917 καί
719 853 916 936 φοινικιοῦς.
959 849 1045 918 >Sed
1076 848 1140 916 hoc
1173 851 1241 915 evis

125 951 297 1037 epitheton
323 959 357 1016 et
380 949 588 1016 tribunalium
617 949 787 1016 atticorum
813 952 946 1019 nomine
970 955 1183 1036 ,Βατραχιοῦν
1209 963 1243 1017 et

132 1054 326 1120 Φοινικιοῦν
360 1073 401 1117 ex
435 1047 619 1142 φοινίκειυς
653 1048 854 1136 βατράχειος
880 1062 975 1125 ‘orta‘
994 1051 1147 1119 videntur
1181 1072 1243 1140 per

127 1151 322 1218 metathesin
349 1153 552 1240 quentitutis,
582 1174 644 1219 nec
669 1153 776 1219 solum
802 1152 884 1221 hueo
912 1154 1058 1221 colorum
1080 1153 1242 1221 vocabule

129 1253 190 1318 sed
221 1253 316 1319 etiem
348 1276 432 1340 quae
462 1254 630 1320 materiem
662 1255 847 1340 significent
878 1256 1008 1340 ἐρεοῦς,
1041 1261 1240 1343 κεραμεοῦς,

127 1356 360 1440 χυτρεοῦςίῒγ
380 1355 461 1422 hacc
484 1356 571 1421 enim
593 1368 773 1442 sequuntur
793 1358 979 1445 exemplum
1000 1367 1241 1424 contractorum

129 1455 276 1539 ejusdem
295 1457 425 1543 generis
446 1457 659 1524 metnsiestici
679 1457 832 1544 χρύσειος
850 1461 990 1544 χρυσοῦς
1011 1469 1073 1524 ete.

211 1561 238 1643 6.
263 1556 294 1622 6.
338 1558 446 1627 Venio
479 1560 522 1624 ed
553 1559 683 1626 vocales
717 1557 836 1644 quibus
871 1581 1017 1625 consone
1048 1559 1242 1648 interposite

127 1667 177 1722 est
198 1659 289 1724 velut
307 1654 432 1746 Ἕλυίρα
455 1658 551 1748 παρὰ
572 1657 742 1748 Σιμωνίδῃ
767 1661 838 1744 (Fr.
854 1660 1050 1729 LXXVIII
1067 1662 1240 1747 Schneid.)

117 1755 238 1844 Ἀλέρα
272 1759 311 1827 δέ
342 1761 437 1849 παρὰ
468 1755 632 1849 Πινδάρῳ
656 1762 726 1845 (Fr.
750 1760 1021 1846 CXXXVIH.)·
1044 1758 1099 1830 ὅτι
1132 1762 1171 1829 δέ
1202 1762 1240 1829 td

127 1856 262 1947 πρῶτόν
283 1860 374 1928 έστιν
394 1857 532 1952 ἀληθές,
558 1860 673 1940 πίστις
694 1858 814 1931 τοῦτον
837 1862 873 1930 ἐκ
894 1866 953 1930 τοῦ
982 1858 1064 1949 παρ’
1085 1858 1241 1950 Ἡσιόδῳ

127 1960 212 2044 μετὰ
234 1957 429 2051 πρσςδήκης
450 1961 611 2048 λέγεσθαι
631 1962 669 2028 τὸ
692 1962 952 2049 πατρωνυμικδν
976 1959 1241 2052 Είλαρίδηςίλ).

129 2056 215 2129 καθ’
244 2059 432 2147 ὑπέρθεσιν
453 2053 521 2146 ῦίρα
545 2061 583 2128 εδ
601 2056 724 2146 Ἀλέρα
750 2062 889 2148 γέγονεν.
939 2061 1054 2142 Οῦτιος
1070 2057 1241 2149 Ἡρωδια·

128 2158 186 2240 κός
205 2163 285 2228 ΕΜ.
307 2162 359 2240 66,
381 2164 434 2229 37.
478 2163 589 2249 Etymi
616 2164 701 2229 retio
728 2186 795 2228 non
817 2172 945 2228 constet
973 2163 1032 2228 sed
1057 2171 1161 2239 muter
1187 2165 1242 2230 ille

128 2265 264 2352 Sisyphi
283 2265 382 2351 vulgo
392 2265 493 2332 Elere
511 2274 656 2329 vocetur.
699 2263 845 2329 Easdem
865 2262 994 2328 vocales
1013 2265 1160 2331 nonnulli
1178 2289 1241 2354 pu-

128 2377 198 2432 tent
231 2368 384 2434 confusus
416 2389 489 2433 esee
524 2366 559 2431 in
588 2364 743 2432 adverbio
775 2364 956 2431 homerico:
988 2364 1026 2432 τδ
1060 2365 1243 2451 ἐμμαπέως

131 2463 313 2550 Φιλόξενος
339 2467 373 2535 ἓν
403 2469 559 2592 δευτέρῳ
578 2465 658 2554 περὶ
683 2459 942 2591 μονησυλλιίβων
970 2463 1124 2585 ῥημάτων
1154 2466 1241 2536 otro

126 2567 332 2692 σχηματίζει,
355 2569 449 2656 παρὰ
480 2567 519 2635 τὸ
544 2563 628 2646 ἔπος
650 2562 839 2655 διμεπήςρ
804 2561 826 2633 δ
827 2567 963 2650 μεπέιος
990 2560 1036 2643 ὡς
1065 2562 1244 2658 ἀψευδέως

127 2694 187 2736 και
178 2668 285 2736 ἐπεὶ
305 2675 395 2757 τρεῖς
415 2673 571 2790 βραχεῖαι
577 2662 841 2789 υίλλεπιίλληληι
867 2691 905 2733 ου
934 2662 1161 2748 συνίστανται,
1188 2669 1241 2735 δι

128 2770 336 2856 πλασιασμην
357 2773 418 2835 τοῦ
437 2795 463 2854 μ
483 2766 543 2835 καὶ
566 2763 879 2854 δντιπαραχωρήσει
906 2772 968 2835 τοῦ
989 2795 1011 2835 α
1034 2766 1092 2834 καὶ
1123 2767 1240 2856 εγίνε-

125 2893 185 2935 ται
208 2868 392 2951 ἐμμαπέως
413 2870 524 2938 Schol.
548 2869 616 2939 Od.
638 2869 736 2937 XIV.
758 2869 832 2934 485.
862 2868 953 2953 quod
981 2867 1112 2934 brevius
1140 2892 1242 2957 expe-

129 2969 178 3033 dit
198 2970 278 3034 EM.
300 2971 381 3049 335,
406 2965 615 3054 hispanicus
637 2968 723 3037 κατὰ
743 2967 928 3050 μετάθεσιν
956 2973 1021 3037 τιῦν
1043 2969 1240 3057 φωνηέντων

129 3097 187 3136 και
177 3070 411 3158 πλεονασμῷ
432 3075 490 3138 τοῦ
511 3097 535 3152 μ
558 3068 757 3155 ἐμμαπέως,
782 3068 972 3135 brevissime
997 3068 1108 3136 Schol.
1140 3071 1179 3135 B.
1201 3069 1243 3135 ed

128 3171 168 3237 Π.
197 3174 239 3240 V.
263 3172 381 3239 836.ἱ
365 3197 402 3238 εκ
426 3175 486 3239 τοῦ
515 3168 587 3254 ἅμα
617 3169 675 3236 καὶ
700 3171 760 3236 τοῦ
787 3166 870 3246 έπος
902 3167 988 3236 κατὰ
1017 3170 1212 3276 αναστροφι
1217 3196 1242 3250 ν,

128 3296 189 3361 pro
211 3295 277 3358 quo
302 3266 526 3394 δγτιστροφήν
548 3269 765 3337 scribendum.
809 3272 856 3335 Hi
878 3271 965 3337 ducti
984 3281 1060 3336 sunt
1077 3254 1242 3337 homerico

129 3369 330 3462 exemplo‘'
307 3398 378 3458 αμα
404 3369 565 3456 μῦθος’
550 3370 672 3460 εἠν-
705 3383 737 3438 et
768 3372 978 3439 similibusv.
1008 3371 1165 3440 Valcken.
1201 3373 1243 3438 ed

127 3477 254 3542 Herod.
280 3475 344 3541 ΠΙ.
377 3473 448 3540 135.
478 3472 537 3540 sed
569 3473 624 3539 vix
650 3474 843 3541 invenerunt
878 3474 968 3560 quod
1003 3496 1078 3539 cum
1113 3469 1245 3562 ἆμεπὴς

128 3599 319 3665 comparere
338 3585 490 3664 poesent3
519 3599 594 3641 nem
621 3571 692 3660 ἅμα
715 3586 748 3642 et
774 3597 848 3641 raro
879 3577 1085 3664 componitur
1115 3586 1148 3643 et
1175 3598 1242 3644 uno

201 3767 495 3836 13)Max.P1snudes
513 3763 541 3819 in
559 3764 682 3819 Gremm.
701 3783 730 3837 p.
745 3765 777 3818 36
788 3765 904 3820 Bechm.
923 3761 953 3821 τὸ
971 3770 1128 3841 κεραμεοῦν
1148 3767 1179 3821 ἐκ
1196 3730 1244 3820 τοῦ

126 3850 279 3926 κεράμεισν
297 3848 448 3924 γινόμενον
467 3849 516 3919 τὴν
537 3853 583 3918 τῆς
600 3846 813 3922 παραληγοὺσης
835 3851 946 3906 ἔκτασιν
965 3854 1012 3908 ἐπὶ
1032 3850 1081 3922 τὴν
1102 3846 1244 3922 λήγουσαν

129 3943 276 4010 μετέθηκε,
289 3938 337 4007 τὴν
349 3940 378 3993 δὲ
393 3940 438 4006 τῆς
449 3935 585 4007 ληγούσης
596 3933 731 4005 συσιολίμι
743 3937 789 3990 ἐπὶ
803 3934 850 4006 τὴν
861 3934 1090 4009 παραλήγουσαν.

200 4043 242 4102 to
256 4041 319 4096 Hoc
335 4041 487 4096 omiserunt
500 4038 642 4095 novissimi
636 4037 861 4094 'Hesiodeorum
873 4039 1005 4094 editores.
1027 4037 1180 4137 Vulguturp
1195 4043 1245 4089 Et-

128 4123 261 4197 λαριαδης
273 4135 302 4181 et
314 4134 404 4182 metro
416 4126 556 4181 refellitur
568 4134 597 4179 et
609 4125 760 4180 collatione
774 4124 958 4193 citimum«
937 4146 967 4178 ιιι
979 4140 1141 4194 ιιηιριονιμι
1144 4143 1178 4175 κιι
1197 4121 1244 4176 διδ

129 4216 176 4268 τοῦ
195 4236 205 4266 ι
222 4232 360 4284 γραφειιιι
378 4211 532 4280 Λητοΐδης,
551 4211 706 4281 Δαναΐδης,
724 4210 870 4277 Νιορλίδης,
888 4209 1040 4280 Φιλυρίδης
1056 4207 1121 4262 ΕΜ.
1142 4209 1203 4272 166,
1216 4211 1241 4262 9.

133 4300 236 4355 Zoner.
251 4300 310 4353 334.
1228 4324 1231 4331 ·
