<?xml version="1.0" encoding="UTF-8"?>
<!DOCTYPE html PUBLIC "-//W3C//DTD XHTML 1.0 Transitional//EN"
    "http://www.w3.org/TR/xhtml1/DTD/xhtml1-transitional.dtd">
<html xmlns="http://www.w3.org/1999/xhtml" xml:lang="en" lang="en">
 <head>
  <title>
</title>
<meta http-equiv="Content-Type" content="text/html;charset=utf-8" />
  <meta name='ocr-system' content='tesseract 3.04.00' />
  <meta name='ocr-capabilities' content='ocr_page ocr_carea ocr_par ocr_line ocrx_word'/>
</head>
<body>
  <div class='ocr_page' id='page_1' title='image "./pathologiaegrae00lobegoog_0520.png"; bbox 0 0 2736 4778; ppageno 0'>
   <div class='ocr_carea' id='block_1_1' title="bbox 153 357 925 434">
    <p class='ocr_par' dir='ltr' id='par_1_1' title="bbox 153 357 925 434">
     <span class='ocr_line' id='line_1_1' title="bbox 153 357 925 434; baseline -0.006 -1"><span class='ocrx_word' id='word_1_1' title='bbox 153 359 235 434; x_wconf 68' lang='lat' dir='ltr'><strong>ott</strong></span> <span class='ocrx_word' id='word_1_2' title='bbox 402 406 404 411; x_wconf 92' lang='lat'>-</span> <span class='ocrx_word' id='word_1_3' title='bbox 455 409 457 413; x_wconf 27' lang='grc' dir='ltr'><strong>ψ</strong></span> <span class='ocrx_word' id='word_1_4' title='bbox 504 357 824 427; x_wconf 81' lang='lat' dir='ltr'><strong>DISSERTATIO</strong></span> <span class='ocrx_word' id='word_1_5' title='bbox 853 359 925 428; x_wconf 72' lang='grc' dir='ltr'><strong>Ν.</strong></span> 
     </span>
    </p>
   </div>
   <div class='ocr_carea' id='block_1_2' title="bbox 122 538 1276 4376">
    <p class='ocr_par' dir='ltr' id='par_1_2' title="bbox 125 538 1276 3164">
     <span class='ocr_line' id='line_1_2' title="bbox 152 538 1275 632; baseline 0.004 -22"><span class='ocrx_word' id='word_1_6' title='bbox 152 541 240 619; x_wconf 79' lang='lat' dir='ltr'><strong>mine</strong></span> <span class='ocrx_word' id='word_1_7' title='bbox 258 543 350 609; x_wconf 84' lang='lat' dir='ltr'><strong>veria</strong></span> <span class='ocrx_word' id='word_1_8' title='bbox 371 538 575 609; x_wconf 71' lang='lat' dir='ltr'><strong>declarantur</strong></span> <span class='ocrx_word' id='word_1_9' title='bbox 596 544 810 610; x_wconf 78' lang='lat' dir='ltr'><strong>instrumenta</strong></span> <span class='ocrx_word' id='word_1_10' title='bbox 838 542 1009 632; x_wconf 82' lang='lat' dir='ltr'><strong>plumbea3</strong></span> <span class='ocrx_word' id='word_1_11' title='bbox 1039 545 1180 632; x_wconf 90' lang='lat' dir='ltr'><strong>primum</strong></span> <span class='ocrx_word' id='word_1_12' title='bbox 1207 573 1275 631; x_wconf 82' lang='grc' dir='ltr'><strong>μο-</strong></span> 
     </span>
     <span class='ocr_line' id='line_1_3' title="bbox 152 643 1276 732; baseline 0.004 -19"><span class='ocrx_word' id='word_1_13' title='bbox 152 645 315 732; x_wconf 62' lang='lat' dir='ltr'><strong>littoreo</strong></span> <span class='ocrx_word' id='word_1_14' title='bbox 335 645 375 714; x_wconf 87' lang='lat'><strong>11.</strong></span> <span class='ocrx_word' id='word_1_15' title='bbox 392 644 527 715; x_wconf 82' lang='lat' dir='ltr'>XXIV.</span> <span class='ocrx_word' id='word_1_16' title='bbox 545 645 719 732; x_wconf 68' lang='lat' dir='ltr'><strong>coquom</strong></span> <span class='ocrx_word' id='word_1_17' title='bbox 729 643 840 714; x_wconf 86' lang='lat' dir='ltr'><strong>Schol.</strong></span> <span class='ocrx_word' id='word_1_18' title='bbox 863 645 985 729; x_wconf 76' lang='grc' dir='ltr'><strong><em>βολίοο</em></strong></span> <span class='ocrx_word' id='word_1_19' title='bbox 1005 659 1116 725; x_wconf 88' lang='lat' dir='ltr'><strong>vocat,</strong></span> <span class='ocrx_word' id='word_1_20' title='bbox 1140 646 1205 715; x_wconf 87' lang='lat' dir='ltr'><strong>hoc</strong></span> <span class='ocrx_word' id='word_1_21' title='bbox 1223 662 1276 717; x_wconf 85' lang='lat' dir='ltr'><strong>est</strong></span> 
     </span>
     <span class='ocr_line' id='line_1_4' title="bbox 150 745 1274 836; baseline 0.004 -23"><span class='ocrx_word' id='word_1_22' title='bbox 150 748 308 836; x_wconf 74' lang='lat' dir='ltr'><strong>glandula</strong></span> <span class='ocrx_word' id='word_1_23' title='bbox 336 745 506 834; x_wconf 87' lang='lat' dir='ltr'><strong>plumbea,</strong></span> <span class='ocrx_word' id='word_1_24' title='bbox 535 767 722 833; x_wconf 86' lang='lat' dir='ltr'><strong>quaecum</strong></span> <span class='ocrx_word' id='word_1_25' title='bbox 752 746 849 812; x_wconf 88' lang='lat' dir='ltr'><strong>hamo</strong></span> <span class='ocrx_word' id='word_1_26' title='bbox 876 745 913 811; x_wconf 89' lang='lat' dir='ltr'><strong>in</strong></span> <span class='ocrx_word' id='word_1_27' title='bbox 942 769 1060 834; x_wconf 86' lang='lat' dir='ltr'><strong>aquam</strong></span> <span class='ocrx_word' id='word_1_28' title='bbox 1089 751 1274 836; x_wconf 72' lang='lat' dir='ltr'><strong>projicitur,</strong></span> 
     </span>
     <span class='ocr_line' id='line_1_5' title="bbox 150 846 1269 936; baseline 0.003 -21"><span class='ocrx_word' id='word_1_29' title='bbox 150 860 220 915; x_wconf 85' lang='lat' dir='ltr'><strong>tum</strong></span> <span class='ocrx_word' id='word_1_30' title='bbox 247 849 435 936; x_wconf 83' lang='lat' dir='ltr'><strong>catapirata,</strong></span> <span class='ocrx_word' id='word_1_31' title='bbox 457 867 523 934; x_wconf 89' lang='lat' dir='ltr'><strong>quo</strong></span> <span class='ocrx_word' id='word_1_32' title='bbox 545 849 643 918; x_wconf 82' lang='lat' dir='ltr'><strong>maria</strong></span> <span class='ocrx_word' id='word_1_33' title='bbox 665 846 803 915; x_wconf 79' lang='lat' dir='ltr'><strong>altitudo</strong></span> <span class='ocrx_word' id='word_1_34' title='bbox 822 858 973 926; x_wconf 75' lang='lat' dir='ltr'><strong>tenurit,</strong></span> <span class='ocrx_word' id='word_1_35' title='bbox 996 851 1184 935; x_wconf 84' lang='lat' dir='ltr'><strong>germanico</strong></span> <span class='ocrx_word' id='word_1_36' title='bbox 1209 876 1269 918; x_wconf 93' lang='lat' dir='ltr'><strong>no-</strong></span> 
     </span>
     <span class='ocr_line' id='line_1_6' title="bbox 149 948 1271 1039; baseline 0.002 -22"><span class='ocrx_word' id='word_1_37' title='bbox 149 951 236 1017; x_wconf 89' lang='lat' dir='ltr'><strong>mine</strong></span> <span class='ocrx_word' id='word_1_38' title='bbox 258 951 414 1026; x_wconf 77' lang='lat' dir='ltr'><strong>Seokbter&#39;,</strong></span> <span class='ocrx_word' id='word_1_39' title='bbox 442 948 553 1016; x_wconf 75' lang='lat' dir='ltr'><strong>italico</strong></span> <span class='ocrx_word' id='word_1_40' title='bbox 568 951 758 1034; x_wconf 34' lang='lat' dir='ltr'><strong>iptorum,</strong></span> <span class='ocrx_word' id='word_1_41' title='bbox 789 957 823 1016; x_wconf 88' lang='lat' dir='ltr'><strong>et</strong></span> <span class='ocrx_word' id='word_1_42' title='bbox 850 949 937 1037; x_wconf 84' lang='lat' dir='ltr'><strong>pilae</strong></span> <span class='ocrx_word' id='word_1_43' title='bbox 964 950 1153 1036; x_wconf 79' lang='lat' dir='ltr'><strong>plumbeae,</strong></span> <span class='ocrx_word' id='word_1_44' title='bbox 1185 975 1271 1039; x_wconf 80' lang='lat' dir='ltr'><strong>quos</strong></span> 
     </span>
     <span class='ocr_line' id='line_1_7' title="bbox 148 1047 1273 1137; baseline 0.003 -18"><span class='ocrx_word' id='word_1_45' title='bbox 148 1053 266 1119; x_wconf 86' lang='lat' dir='ltr'><strong>milites</strong></span> <span class='ocrx_word' id='word_1_46' title='bbox 287 1052 322 1116; x_wconf 89' lang='lat' dir='ltr'><strong>in</strong></span> <span class='ocrx_word' id='word_1_47' title='bbox 340 1049 453 1117; x_wconf 87' lang='lat' dir='ltr'><strong>hostes</strong></span> <span class='ocrx_word' id='word_1_48' title='bbox 468 1049 670 1136; x_wconf 81' lang='lat' dir='ltr'><strong>jaculantur,</strong></span> <span class='ocrx_word' id='word_1_49' title='bbox 692 1054 810 1136; x_wconf 79' lang='lat' dir='ltr'><strong>graeca</strong></span> <span class='ocrx_word' id='word_1_50' title='bbox 830 1047 1069 1137; x_wconf 75' lang='grc' dir='ltr'><strong><em>μολιβόόβολοι</em></strong></span> <span class='ocrx_word' id='word_1_51' title='bbox 1087 1054 1195 1121; x_wconf 87' lang='lat' dir='ltr'><strong>dictae</strong></span> <span class='ocrx_word' id='word_1_52' title='bbox 1210 1057 1273 1123; x_wconf 82' lang='lat' dir='ltr'><strong>Du</strong></span> 
     </span>
     <span class='ocr_line' id='line_1_8' title="bbox 149 1150 1273 1240; baseline 0.002 -19"><span class='ocrx_word' id='word_1_53' title='bbox 149 1153 256 1240; x_wconf 81' lang='lat' dir='ltr'><strong>Gang.</strong></span> <span class='ocrx_word' id='word_1_54' title='bbox 300 1151 389 1218; x_wconf 88' lang='lat' dir='ltr'><strong>Hinc</strong></span> <span class='ocrx_word' id='word_1_55' title='bbox 415 1150 515 1238; x_wconf 82' lang='lat' dir='ltr'><strong>igitur</strong></span> <span class='ocrx_word' id='word_1_56' title='bbox 544 1151 617 1230; x_wconf 82' lang='lat' dir='ltr'><strong>ille,</strong></span> <span class='ocrx_word' id='word_1_57' title='bbox 646 1152 674 1217; x_wconf 88' lang='lat' dir='ltr'><strong>si</strong></span> <span class='ocrx_word' id='word_1_58' title='bbox 701 1150 781 1237; x_wconf 88' lang='lat' dir='ltr'><strong>quid</strong></span> <span class='ocrx_word' id='word_1_59' title='bbox 807 1151 922 1229; x_wconf 89' lang='lat' dir='ltr'><strong>video,</strong></span> <span class='ocrx_word' id='word_1_60' title='bbox 951 1153 1273 1238; x_wconf 81' lang='lat' dir='ltr'><strong>conjecturamiecit</strong></span> 
     </span>
     <span class='ocr_line' id='line_1_9' title="bbox 147 1249 1274 1341; baseline 0.001 -19"><span class='ocrx_word' id='word_1_61' title='bbox 147 1274 256 1322; x_wconf 83' lang='lat' dir='ltr'><strong>veram</strong></span> <span class='ocrx_word' id='word_1_62' title='bbox 278 1253 419 1320; x_wconf 89' lang='lat' dir='ltr'><strong>nominis</strong></span> <span class='ocrx_word' id='word_1_63' title='bbox 442 1253 635 1341; x_wconf 80' lang='lat' dir='ltr'><strong>scripturam</strong></span> <span class='ocrx_word' id='word_1_64' title='bbox 656 1275 730 1319; x_wconf 83' lang='lat' dir='ltr'><strong>esse</strong></span> <span class='ocrx_word' id='word_1_65' title='bbox 749 1249 891 1337; x_wconf 79' lang='grc' dir='ltr'><strong><em>βόλιμος</em></strong></span> <span class='ocrx_word' id='word_1_66' title='bbox 905 1263 942 1318; x_wconf 91' lang='lat' dir='ltr'><strong>ut</strong></span> <span class='ocrx_word' id='word_1_67' title='bbox 959 1276 980 1318; x_wconf 86' lang='lat' dir='ltr'><strong>a</strong></span> <span class='ocrx_word' id='word_1_68' title='bbox 996 1254 1105 1334; x_wconf 81' lang='grc' dir='ltr'><strong><em>λόπος</em></strong></span> <span class='ocrx_word' id='word_1_69' title='bbox 1117 1252 1274 1340; x_wconf 81' lang='grc' dir='ltr'><strong><em>λόπιμος</em></strong></span> 
     </span>
     <span class='ocr_line' id='line_1_10' title="bbox 147 1353 1274 1446; baseline 0.003 -24"><span class='ocrx_word' id='word_1_70' title='bbox 147 1355 347 1446; x_wconf 82' lang='lat' dir='ltr'><strong>proprieque</strong></span> <span class='ocrx_word' id='word_1_71' title='bbox 363 1356 525 1440; x_wconf 66' lang='lat' dir='ltr'><strong>jactam,</strong></span> <span class='ocrx_word' id='word_1_72' title='bbox 550 1357 667 1422; x_wconf 60' lang='lat' dir='ltr'><strong>marite</strong></span> <span class='ocrx_word' id='word_1_73' title='bbox 687 1353 881 1440; x_wconf 78' lang='lat' dir='ltr'><strong>significare.</strong></span> <span class='ocrx_word' id='word_1_74' title='bbox 925 1356 1046 1423; x_wconf 85' lang='lat' dir='ltr'><strong>Veram</strong></span> <span class='ocrx_word' id='word_1_75' title='bbox 1064 1367 1176 1421; x_wconf 89' lang='lat' dir='ltr'><strong>tamen</strong></span> <span class='ocrx_word' id='word_1_76' title='bbox 1193 1380 1274 1425; x_wconf 81' lang='lat' dir='ltr'><strong>esse</strong></span> 
     </span>
     <span class='ocr_line' id='line_1_11' title="bbox 147 1450 1272 1542; baseline 0.002 -18"><span class='ocrx_word' id='word_1_77' title='bbox 147 1457 231 1524; x_wconf 86' lang='lat' dir='ltr'><strong>hanc</strong></span> <span class='ocrx_word' id='word_1_78' title='bbox 251 1456 455 1523; x_wconf 86' lang='lat' dir='ltr'><strong>notationem</strong></span> <span class='ocrx_word' id='word_1_79' title='bbox 474 1455 606 1522; x_wconf 88' lang='lat' dir='ltr'><strong>minime</strong></span> <span class='ocrx_word' id='word_1_80' title='bbox 628 1456 805 1542; x_wconf 76' lang='lat' dir='ltr'><strong>persuadet</strong></span> <span class='ocrx_word' id='word_1_81' title='bbox 821 1455 881 1520; x_wconf 91' lang='lat' dir='ltr'><strong>sed</strong></span> <span class='ocrx_word' id='word_1_82' title='bbox 895 1450 1074 1541; x_wconf 80' lang='grc' dir='ltr'><strong><em>μόλιβδος,</em></strong></span> <span class='ocrx_word' id='word_1_83' title='bbox 1101 1458 1130 1522; x_wconf 91' lang='lat' dir='ltr'><strong>si</strong></span> <span class='ocrx_word' id='word_1_84' title='bbox 1153 1457 1272 1526; x_wconf 86' lang='lat' dir='ltr'><strong>hario-</strong></span> 
     </span>
     <span class='ocr_line' id='line_1_12' title="bbox 145 1554 1270 1644; baseline 0.004 -20"><span class='ocrx_word' id='word_1_85' title='bbox 145 1559 207 1626; x_wconf 86' lang='lat' dir='ltr'><strong>lari</strong></span> <span class='ocrx_word' id='word_1_86' title='bbox 226 1570 335 1638; x_wconf 83' lang='lat' dir='ltr'><strong>vacat,</strong></span> <span class='ocrx_word' id='word_1_87' title='bbox 357 1556 425 1623; x_wconf 84' lang='lat' dir='ltr'><strong>aive</strong></span> <span class='ocrx_word' id='word_1_88' title='bbox 447 1554 617 1641; x_wconf 77' lang='grc' dir='ltr'><strong>μόλυβδος</strong></span> <span class='ocrx_word' id='word_1_89' title='bbox 638 1557 749 1643; x_wconf 90' lang='lat' dir='ltr'><strong>potius</strong></span> <span class='ocrx_word' id='word_1_90' title='bbox 766 1578 841 1621; x_wconf 90' lang='lat' dir='ltr'><strong>cum</strong></span> <span class='ocrx_word' id='word_1_91' title='bbox 858 1559 963 1623; x_wconf 80' lang='lat' dir='ltr'><strong>mollis</strong></span> <span class='ocrx_word' id='word_1_92' title='bbox 981 1558 1095 1639; x_wconf 79' lang='grc' dir='ltr'><strong><em>μῶλος</em></strong></span> <span class='ocrx_word' id='word_1_93' title='bbox 1111 1561 1270 1644; x_wconf 82' lang='grc' dir='ltr'><strong><em>μαλακός</em></strong></span> 
     </span>
     <span class='ocr_line' id='line_1_13' title="bbox 145 1653 1270 1748; baseline 0 -20"><span class='ocrx_word' id='word_1_94' title='bbox 145 1661 307 1728; x_wconf 85' lang='lat' dir='ltr'><strong>cohaeret.</strong></span> <span class='ocrx_word' id='word_1_95' title='bbox 350 1658 506 1725; x_wconf 81' lang='lat' dir='ltr'><strong>Fluctuat</strong></span> <span class='ocrx_word' id='word_1_96' title='bbox 532 1656 622 1723; x_wconf 84' lang='lat' dir='ltr'><strong>urbis</strong></span> <span class='ocrx_word' id='word_1_97' title='bbox 647 1657 795 1745; x_wconf 78' lang='lat' dir='ltr'><strong>Libycae</strong></span> <span class='ocrx_word' id='word_1_98' title='bbox 821 1680 941 1723; x_wconf 90' lang='lat' dir='ltr'><strong>nomen</strong></span> <span class='ocrx_word' id='word_1_99' title='bbox 967 1653 987 1745; x_wconf 80' lang='grc' dir='ltr'><em>ἡ</em></span> <span class='ocrx_word' id='word_1_100' title='bbox 1021 1655 1164 1748; x_wconf 76' lang='grc' dir='ltr'><em>Τανάπη</em></span> <span class='ocrx_word' id='word_1_101' title='bbox 1194 1662 1270 1730; x_wconf 89' lang='lat' dir='ltr'><strong>Dio</strong></span> 
     </span>
     <span class='ocr_line' id='line_1_14' title="bbox 144 1755 1269 1847; baseline 0.001 -19"><span class='ocrx_word' id='word_1_102' title='bbox 144 1760 240 1828; x_wconf 80' lang='lat' dir='ltr'><strong>(lass.</strong></span> <span class='ocrx_word' id='word_1_103' title='bbox 262 1762 355 1829; x_wconf 83' lang='lat' dir='ltr'>LIV.</span> <span class='ocrx_word' id='word_1_104' title='bbox 377 1760 409 1825; x_wconf 80' lang='grc'><strong>5.</strong></span> <span class='ocrx_word' id='word_1_105' title='bbox 432 1769 465 1825; x_wconf 86' lang='lat' dir='ltr'><strong>et</strong></span> <span class='ocrx_word' id='word_1_106' title='bbox 483 1756 525 1826; x_wconf 77' lang='grc' dir='ltr'><strong>τὰ</strong></span> <span class='ocrx_word' id='word_1_107' title='bbox 549 1755 699 1826; x_wconf 78' lang='grc' dir='ltr'><em>Νάπατα</em></span> <span class='ocrx_word' id='word_1_108' title='bbox 720 1756 829 1826; x_wconf 84' lang='lat' dir='ltr'><strong>Strab.</strong></span> <span class='ocrx_word' id='word_1_109' title='bbox 852 1757 968 1845; x_wconf 89' lang='lat' dir='ltr'><strong>Steph.</strong></span> <span class='ocrx_word' id='word_1_110' title='bbox 990 1758 1032 1823; x_wconf 93' lang='lat' dir='ltr'><strong>In</strong></span> <span class='ocrx_word' id='word_1_111' title='bbox 1055 1760 1144 1826; x_wconf 86' lang='lat' dir='ltr'><strong>exitu</strong></span> <span class='ocrx_word' id='word_1_112' title='bbox 1166 1762 1269 1847; x_wconf 78' lang='lat' dir='ltr'><strong>hujus</strong></span> 
     </span>
     <span class='ocr_line' id='line_1_15' title="bbox 125 1859 1267 1947; baseline 0.001 -19"><span class='ocrx_word' id='word_1_113' title='bbox 125 1862 209 1930; x_wconf 67' lang='lat' dir='ltr'><strong>‘loci</strong></span> <span class='ocrx_word' id='word_1_114' title='bbox 231 1863 297 1928; x_wconf 91' lang='lat' dir='ltr'><strong>duo</strong></span> <span class='ocrx_word' id='word_1_115' title='bbox 320 1861 452 1928; x_wconf 79' lang='lat' dir='ltr'><strong>afferam</strong></span> <span class='ocrx_word' id='word_1_116' title='bbox 474 1883 560 1947; x_wconf 83' lang='lat' dir='ltr'><strong>quae</strong></span> <span class='ocrx_word' id='word_1_117' title='bbox 581 1859 662 1925; x_wconf 91' lang='lat' dir='ltr'><strong>nulli</strong></span> <span class='ocrx_word' id='word_1_118' title='bbox 682 1859 854 1925; x_wconf 85' lang='lat' dir='ltr'><strong>allatorum</strong></span> <span class='ocrx_word' id='word_1_119' title='bbox 875 1859 1020 1945; x_wconf 77' lang='lat' dir='ltr'><strong>perfecte</strong></span> <span class='ocrx_word' id='word_1_120' title='bbox 1041 1860 1160 1926; x_wconf 83' lang='lat' dir='ltr'><strong>similia</strong></span> <span class='ocrx_word' id='word_1_121' title='bbox 1177 1876 1267 1941; x_wconf 74' lang='lat' dir='ltr'><strong>sunt,</strong></span> 
     </span>
     <span class='ocr_line' id='line_1_16' title="bbox 142 1958 1265 2042; baseline -0.001 -12"><span class='ocrx_word' id='word_1_122' title='bbox 142 1958 244 2030; x_wconf 81' lang='lat' dir='ltr'><strong>tinum</strong></span> <span class='ocrx_word' id='word_1_123' title='bbox 273 1963 467 2042; x_wconf 87' lang='lat' dir='ltr'><strong>derivatum,</strong></span> <span class='ocrx_word' id='word_1_124' title='bbox 496 1962 632 2027; x_wconf 84' lang='lat' dir='ltr'><strong>alterum</strong></span> <span class='ocrx_word' id='word_1_125' title='bbox 658 1961 864 2027; x_wconf 85' lang='lat' dir='ltr'><strong>declinatum.</strong></span> <span class='ocrx_word' id='word_1_126' title='bbox 916 1959 1005 2025; x_wconf 87' lang='lat' dir='ltr'><strong>Illud</strong></span> <span class='ocrx_word' id='word_1_127' title='bbox 1027 1971 1078 2025; x_wconf 88' lang='lat' dir='ltr'><strong>est</strong></span> <span class='ocrx_word' id='word_1_128' title='bbox 1100 1959 1265 2032; x_wconf 73' lang='grc' dir='ltr'><strong>τάλαντον</strong></span> 
     </span>
     <span class='ocr_line' id='line_1_17' title="bbox 143 2059 1264 2150; baseline -0.002 -18"><span class='ocrx_word' id='word_1_129' title='bbox 143 2074 177 2132; x_wconf 85' lang='lat' dir='ltr'><strong>ot</strong></span> <span class='ocrx_word' id='word_1_130' title='bbox 196 2066 396 2147; x_wconf 75' lang='grc' dir='ltr'><strong><em>τανταλίζω,</em></strong></span> <span class='ocrx_word' id='word_1_131' title='bbox 427 2064 462 2129; x_wconf 92' lang='lat' dir='ltr'><strong>in</strong></span> <span class='ocrx_word' id='word_1_132' title='bbox 484 2083 549 2149; x_wconf 91' lang='lat' dir='ltr'><strong>quo</strong></span> <span class='ocrx_word' id='word_1_133' title='bbox 573 2063 696 2150; x_wconf 88' lang='lat' dir='ltr'><strong>duplex</strong></span> <span class='ocrx_word' id='word_1_134' title='bbox 718 2062 860 2129; x_wconf 86' lang='lat' dir='ltr'><strong>cernitur</strong></span> <span class='ocrx_word' id='word_1_135' title='bbox 880 2059 1104 2147; x_wconf 82' lang='lat' dir='ltr'><strong>hyperthesis,</strong></span> <span class='ocrx_word' id='word_1_136' title='bbox 1134 2085 1200 2128; x_wconf 87' lang='lat' dir='ltr'><strong>una</strong></span> <span class='ocrx_word' id='word_1_137' title='bbox 1219 2064 1264 2130; x_wconf 88' lang='lat' dir='ltr'><strong>li·</strong></span> 
     </span>
     <span class='ocr_line' id='line_1_18' title="bbox 142 2154 1267 2252; baseline 0 -18"><span class='ocrx_word' id='word_1_138' title='bbox 142 2177 229 2234; x_wconf 85' lang='lat' dir='ltr'><strong>terae</strong></span> <span class='ocrx_word' id='word_1_139' title='bbox 255 2154 289 2246; x_wconf 66' lang='grc' dir='ltr'><strong>ἶ,</strong></span> <span class='ocrx_word' id='word_1_140' title='bbox 312 2163 452 2251; x_wconf 83' lang='lat' dir='ltr'><strong>quaein</strong></span> <span class='ocrx_word' id='word_1_141' title='bbox 476 2165 639 2252; x_wconf 89' lang='lat' dir='ltr'><strong>primitivo</strong></span> <span class='ocrx_word' id='word_1_142' title='bbox 662 2164 799 2252; x_wconf 85' lang='lat' dir='ltr'><strong>primam</strong></span> <span class='ocrx_word' id='word_1_143' title='bbox 818 2161 978 2249; x_wconf 87' lang='lat' dir='ltr'><strong>syllabam</strong></span> <span class='ocrx_word' id='word_1_144' title='bbox 1001 2163 1125 2229; x_wconf 90' lang='lat' dir='ltr'><strong>claudit</strong></span> <span class='ocrx_word' id='word_1_145' title='bbox 1144 2165 1180 2231; x_wconf 91' lang='lat' dir='ltr'><strong>in</strong></span> <span class='ocrx_word' id='word_1_146' title='bbox 1202 2167 1267 2234; x_wconf 89' lang='lat' dir='ltr'><strong>de-</strong></span> 
     </span>
     <span class='ocr_line' id='line_1_19' title="bbox 142 2264 1266 2352; baseline 0.002 -19"><span class='ocrx_word' id='word_1_147' title='bbox 142 2268 245 2334; x_wconf 84' lang='lat' dir='ltr'><strong>rivato</strong></span> <span class='ocrx_word' id='word_1_148' title='bbox 269 2267 462 2346; x_wconf 84' lang='lat' dir='ltr'><strong>secundam,</strong></span> <span class='ocrx_word' id='word_1_149' title='bbox 484 2289 551 2352; x_wconf 87' lang='lat' dir='ltr'><strong>qua</strong></span> <span class='ocrx_word' id='word_1_150' title='bbox 571 2267 698 2332; x_wconf 87' lang='lat' dir='ltr'><strong>ratione</strong></span> <span class='ocrx_word' id='word_1_151' title='bbox 720 2265 890 2349; x_wconf 82' lang='grc' dir='ltr'><strong><em>Ζάμολξις</em></strong></span> <span class='ocrx_word' id='word_1_152' title='bbox 911 2264 953 2348; x_wconf 85' lang='lat' dir='ltr'><strong>(si</strong></span> <span class='ocrx_word' id='word_1_153' title='bbox 976 2264 1040 2330; x_wconf 91' lang='lat' dir='ltr'><strong>hoc</strong></span> <span class='ocrx_word' id='word_1_154' title='bbox 1058 2289 1118 2352; x_wconf 91' lang='lat' dir='ltr'><strong>pro</strong></span> <span class='ocrx_word' id='word_1_155' title='bbox 1141 2267 1266 2335; x_wconf 85' lang='lat' dir='ltr'><strong>affecto</strong></span> 
     </span>
     <span class='ocr_line' id='line_1_20' title="bbox 141 2364 1263 2455; baseline 0 -20"><span class='ocrx_word' id='word_1_156' title='bbox 141 2368 321 2455; x_wconf 84' lang='lat' dir='ltr'><strong>habemus)</strong></span> <span class='ocrx_word' id='word_1_157' title='bbox 346 2368 444 2434; x_wconf 86' lang='lat' dir='ltr'><strong>distat</strong></span> <span class='ocrx_word' id='word_1_158' title='bbox 471 2389 491 2433; x_wconf 87' lang='lat' dir='ltr'><strong>a</strong></span> <span class='ocrx_word' id='word_1_159' title='bbox 523 2366 711 2448; x_wconf 80' lang='grc' dir='ltr'><strong><em>Ζάλμοξις,</em></strong></span> <span class='ocrx_word' id='word_1_160' title='bbox 747 2365 848 2431; x_wconf 85' lang='lat' dir='ltr'><strong>altera</strong></span> <span class='ocrx_word' id='word_1_161' title='bbox 875 2364 990 2430; x_wconf 87' lang='lat' dir='ltr'><strong>literae</strong></span> <span class='ocrx_word' id='word_1_162' title='bbox 1018 2377 1089 2444; x_wconf 86' lang='lat' dir='ltr'><strong>tau,</strong></span> <span class='ocrx_word' id='word_1_163' title='bbox 1123 2390 1210 2452; x_wconf 88' lang='lat' dir='ltr'><strong>quae</strong></span> <span class='ocrx_word' id='word_1_164' title='bbox 1244 2392 1263 2434; x_wconf 88' lang='lat' dir='ltr'><strong>a</strong></span> 
     </span>
     <span class='ocr_line' id='line_1_21' title="bbox 139 2466 1264 2559; baseline -0.001 -22"><span class='ocrx_word' id='word_1_165' title='bbox 139 2471 303 2559; x_wconf 87' lang='lat' dir='ltr'><strong>principio</strong></span> <span class='ocrx_word' id='word_1_166' title='bbox 325 2469 439 2536; x_wconf 86' lang='lat' dir='ltr'><strong>tertiae</strong></span> <span class='ocrx_word' id='word_1_167' title='bbox 458 2468 567 2533; x_wconf 89' lang='lat' dir='ltr'><strong>ablata</strong></span> <span class='ocrx_word' id='word_1_168' title='bbox 581 2468 721 2533; x_wconf 91' lang='lat' dir='ltr'><strong>eundem</strong></span> <span class='ocrx_word' id='word_1_169' title='bbox 739 2466 773 2532; x_wconf 93' lang='lat' dir='ltr'><strong>in</strong></span> <span class='ocrx_word' id='word_1_170' title='bbox 792 2467 937 2532; x_wconf 83' lang='lat' dir='ltr'><strong>secunda</strong></span> <span class='ocrx_word' id='word_1_171' title='bbox 950 2468 1059 2533; x_wconf 90' lang='lat' dir='ltr'><strong>locum</strong></span> <span class='ocrx_word' id='word_1_172' title='bbox 1076 2471 1264 2557; x_wconf 84' lang='lat' dir='ltr'><strong>occupavit.</strong></span> 
     </span>
     <span class='ocr_line' id='line_1_22' title="bbox 143 2560 1260 2656; baseline 0.001 -19"><span class='ocrx_word' id='word_1_173' title='bbox 143 2573 328 2654; x_wconf 77' lang='grc' dir='ltr'><strong><em>Θέλυμνον,</em></strong></span> <span class='ocrx_word' id='word_1_174' title='bbox 353 2571 444 2656; x_wconf 88' lang='lat' dir='ltr'><strong>quod</strong></span> <span class='ocrx_word' id='word_1_175' title='bbox 468 2560 566 2635; x_wconf 87' lang='lat' dir='ltr'><strong>etiam</strong></span> <span class='ocrx_word' id='word_1_176' title='bbox 586 2567 748 2652; x_wconf 72' lang='grc' dir='ltr'><strong><em>θὲλιμνον</em></strong></span> <span class='ocrx_word' id='word_1_177' title='bbox 777 2576 809 2633; x_wconf 91' lang='lat' dir='ltr'><strong>et</strong></span> <span class='ocrx_word' id='word_1_178' title='bbox 829 2567 992 2650; x_wconf 73' lang='grc' dir='ltr'><strong>θέλεμνον</strong></span> <span class='ocrx_word' id='word_1_179' title='bbox 1016 2571 1167 2636; x_wconf 83' lang='lat' dir='ltr'><strong>scribitur</strong></span> <span class='ocrx_word' id='word_1_180' title='bbox 1191 2596 1260 2638; x_wconf 88' lang='lat' dir='ltr'><strong>nou</strong></span> 
     </span>
     <span class='ocr_line' id='line_1_23' title="bbox 139 2668 1258 2760; baseline 0.003 -23"><span class='ocrx_word' id='word_1_181' title='bbox 139 2673 298 2737; x_wconf 89' lang='lat' dir='ltr'><strong>diversam</strong></span> <span class='ocrx_word' id='word_1_182' title='bbox 321 2694 340 2735; x_wconf 89' lang='lat' dir='ltr'><strong>a</strong></span> <span class='ocrx_word' id='word_1_183' title='bbox 362 2671 535 2750; x_wconf 64' lang='grc' dir='ltr'><strong>θέμεθλον</strong></span> <span class='ocrx_word' id='word_1_184' title='bbox 556 2668 623 2734; x_wconf 87' lang='lat' dir='ltr'><strong>sive</strong></span> <span class='ocrx_word' id='word_1_185' title='bbox 645 2668 806 2751; x_wconf 71' lang='grc' dir='ltr'><strong>θεμέλιον</strong></span> <span class='ocrx_word' id='word_1_186' title='bbox 828 2669 986 2755; x_wconf 83' lang='lat' dir='ltr'><strong>originem</strong></span> <span class='ocrx_word' id='word_1_187' title='bbox 1008 2672 1128 2738; x_wconf 87' lang='lat' dir='ltr'><strong>habere</strong></span> <span class='ocrx_word' id='word_1_188' title='bbox 1153 2675 1258 2760; x_wconf 85' lang='lat' dir='ltr'><strong>signi·</strong></span> 
     </span>
     <span class='ocr_line' id='line_1_24' title="bbox 137 2769 1259 2841; baseline 0.003 -3"><span class='ocrx_word' id='word_1_189' title='bbox 137 2773 246 2838; x_wconf 88' lang='lat' dir='ltr'><strong>ticavit</strong></span> <span class='ocrx_word' id='word_1_190' title='bbox 267 2772 378 2840; x_wconf 87' lang='lat' dir='ltr'><strong>Schol.</strong></span> <span class='ocrx_word' id='word_1_191' title='bbox 401 2771 443 2835; x_wconf 87' lang='lat' dir='ltr'><strong>ad</strong></span> <span class='ocrx_word' id='word_1_192' title='bbox 466 2771 506 2836; x_wconf 87' lang='lat' dir='ltr'><strong>H.</strong></span> <span class='ocrx_word' id='word_1_193' title='bbox 528 2771 574 2836; x_wconf 71' lang='lat' dir='ltr'>X</span> <span class='ocrx_word' id='word_1_194' title='bbox 600 2771 649 2835; x_wconf 84' lang='lat'><strong>15.</strong></span> <span class='ocrx_word' id='word_1_195' title='bbox 677 2779 709 2835; x_wconf 89' lang='lat' dir='ltr'><strong>ct</strong></span> <span class='ocrx_word' id='word_1_196' title='bbox 728 2769 808 2836; x_wconf 88' lang='lat' dir='ltr'><strong>XV.</strong></span> <span class='ocrx_word' id='word_1_197' title='bbox 830 2771 904 2836; x_wconf 82' lang='lat'>479.</span> <span class='ocrx_word' id='word_1_198' title='bbox 937 2773 978 2837; x_wconf 91' lang='lat' dir='ltr'><strong>In</strong></span> <span class='ocrx_word' id='word_1_199' title='bbox 999 2773 1162 2838; x_wconf 86' lang='lat' dir='ltr'><strong>declinatu</strong></span> <span class='ocrx_word' id='word_1_200' title='bbox 1184 2799 1259 2841; x_wconf 90' lang='lat' dir='ltr'><strong>mu-</strong></span> 
     </span>
     <span class='ocr_line' id='line_1_25' title="bbox 136 2867 1257 2959; baseline 0.002 -20"><span class='ocrx_word' id='word_1_201' title='bbox 136 2884 223 2939; x_wconf 89' lang='lat' dir='ltr'><strong>tatur</strong></span> <span class='ocrx_word' id='word_1_202' title='bbox 238 2871 323 2954; x_wconf 69' lang='grc' dir='ltr'><strong>πνύξ</strong></span> <span class='ocrx_word' id='word_1_203' title='bbox 337 2867 462 2949; x_wconf 81' lang='grc' dir='ltr'><em>πυκνός</em></span> <span class='ocrx_word' id='word_1_204' title='bbox 476 2869 659 2953; x_wconf 58' lang='lat' dir='ltr'><strong>predicate</strong></span> <span class='ocrx_word' id='word_1_205' title='bbox 674 2870 745 2937; x_wconf 79' lang='grc' dir='ltr'><strong><em>ἐστι</em></strong></span> <span class='ocrx_word' id='word_1_206' title='bbox 760 2870 944 2953; x_wconf 77' lang='grc' dir='ltr'><strong><em>στοιχείου·</em></strong></span> <span class='ocrx_word' id='word_1_207' title='bbox 962 2871 1032 2941; x_wconf 75' lang='grc' dir='ltr'><strong>ἔδει</strong></span> <span class='ocrx_word' id='word_1_208' title='bbox 1049 2874 1114 2959; x_wconf 79' lang='grc' dir='ltr'><strong>γὰρ</strong></span> <span class='ocrx_word' id='word_1_209' title='bbox 1131 2872 1257 2954; x_wconf 60' lang='lat' dir='ltr'><strong>novate</strong></span> 
     </span>
     <span class='ocr_line' id='line_1_26' title="bbox 135 2971 1259 3059; baseline -0.002 -16"><span class='ocrx_word' id='word_1_210' title='bbox 135 2975 247 3043; x_wconf 86' lang='lat' dir='ltr'><strong>Schol.</strong></span> <span class='ocrx_word' id='word_1_211' title='bbox 270 2975 330 3038; x_wconf 86' lang='lat' dir='ltr'><strong>Ar.</strong></span> <span class='ocrx_word' id='word_1_212' title='bbox 356 2972 539 3059; x_wconf 81' lang='lat' dir='ltr'><strong>qu.165.</strong></span> <span class='ocrx_word' id='word_1_213' title='bbox 570 2973 630 3038; x_wconf 87' lang='lat' dir='ltr'><strong>sed</strong></span> <span class='ocrx_word' id='word_1_214' title='bbox 658 2984 708 3039; x_wconf 89' lang='lat' dir='ltr'><strong>est</strong></span> <span class='ocrx_word' id='word_1_215' title='bbox 738 2971 821 3037; x_wconf 85' lang='lat' dir='ltr'><strong>haec</strong></span> <span class='ocrx_word' id='word_1_216' title='bbox 843 2972 952 3057; x_wconf 86' lang='lat' dir='ltr'><strong>potius</strong></span> <span class='ocrx_word' id='word_1_217' title='bbox 974 2975 1135 3040; x_wconf 84' lang='lat' dir='ltr'><strong>restitutio</strong></span> <span class='ocrx_word' id='word_1_218' title='bbox 1164 2978 1259 3042; x_wconf 84' lang='lat' dir='ltr'><strong>vocis</strong></span> 
     </span>
     <span class='ocr_line' id='line_1_27' title="bbox 135 3062 465 3164; baseline -0.006 -23"><span class='ocrx_word' id='word_1_219' title='bbox 135 3076 349 3164; x_wconf 82' lang='lat' dir='ltr'><strong>primigeniae</strong></span> <span class='ocrx_word' id='word_1_220' title='bbox 366 3062 465 3141; x_wconf 52' lang='grc' dir='ltr'><strong>οἷο-οἷν.</strong></span> 
     </span>
    </p>

    <p class='ocr_par' dir='ltr' id='par_1_3' title="bbox 122 3173 1256 4376">
     <span class='ocr_line' id='line_1_28' title="bbox 217 3173 1256 3263; baseline -0.001 -21"><span class='ocrx_word' id='word_1_221' title='bbox 217 3182 243 3263; x_wconf 64' lang='grc' dir='ltr'><strong>ξ.</strong></span> <span class='ocrx_word' id='word_1_222' title='bbox 265 3178 296 3242; x_wconf 90' lang='grc'><strong>4.</strong></span> <span class='ocrx_word' id='word_1_223' title='bbox 340 3177 430 3241; x_wconf 89' lang='lat' dir='ltr'><strong>Hinc</strong></span> <span class='ocrx_word' id='word_1_224' title='bbox 453 3176 523 3260; x_wconf 88' lang='lat' dir='ltr'><strong>jam</strong></span> <span class='ocrx_word' id='word_1_225' title='bbox 551 3174 593 3239; x_wconf 89' lang='lat' dir='ltr'><strong>dc</strong></span> <span class='ocrx_word' id='word_1_226' title='bbox 620 3173 787 3240; x_wconf 84' lang='lat' dir='ltr'><strong>vocalibus</strong></span> <span class='ocrx_word' id='word_1_227' title='bbox 819 3173 1018 3240; x_wconf 85' lang='lat' dir='ltr'><strong>diversarum</strong></span> <span class='ocrx_word' id='word_1_228' title='bbox 1048 3176 1256 3261; x_wconf 79' lang='lat' dir='ltr'><strong>syllabarum,</strong></span> 
     </span>
     <span class='ocr_line' id='line_1_29' title="bbox 134 3274 1254 3365; baseline 0 -22"><span class='ocrx_word' id='word_1_229' title='bbox 134 3299 219 3365; x_wconf 85' lang='lat' dir='ltr'><strong>quae</strong></span> <span class='ocrx_word' id='word_1_230' title='bbox 245 3277 333 3344; x_wconf 88' lang='lat' dir='ltr'><strong>vices</strong></span> <span class='ocrx_word' id='word_1_231' title='bbox 361 3300 437 3343; x_wconf 89' lang='lat' dir='ltr'><strong>suas</strong></span> <span class='ocrx_word' id='word_1_232' title='bbox 467 3285 683 3351; x_wconf 87' lang='lat' dir='ltr'><strong>commutant,</strong></span> <span class='ocrx_word' id='word_1_233' title='bbox 718 3274 826 3339; x_wconf 85' lang='lat' dir='ltr'><strong>dicere</strong></span> <span class='ocrx_word' id='word_1_234' title='bbox 858 3275 1016 3362; x_wconf 89' lang='lat' dir='ltr'><strong>incipiam</strong></span> <span class='ocrx_word' id='word_1_235' title='bbox 1045 3299 1083 3342; x_wconf 89' lang='lat' dir='ltr'><strong>ac</strong></span> <span class='ocrx_word' id='word_1_236' title='bbox 1112 3278 1254 3364; x_wconf 91' lang='lat' dir='ltr'><strong>primum</strong></span> 
     </span>
     <span class='ocr_line' id='line_1_30' title="bbox 133 3376 1254 3466; baseline 0.001 -21"><span class='ocrx_word' id='word_1_237' title='bbox 133 3380 267 3466; x_wconf 87' lang='lat' dir='ltr'><strong>quidem</strong></span> <span class='ocrx_word' id='word_1_238' title='bbox 293 3381 334 3445; x_wconf 90' lang='lat' dir='ltr'><strong>de</strong></span> <span class='ocrx_word' id='word_1_239' title='bbox 362 3380 402 3445; x_wconf 92' lang='lat' dir='ltr'><strong>iis</strong></span> <span class='ocrx_word' id='word_1_240' title='bbox 432 3400 515 3464; x_wconf 89' lang='lat' dir='ltr'><strong>quae</strong></span> <span class='ocrx_word' id='word_1_241' title='bbox 537 3376 656 3441; x_wconf 91' lang='lat' dir='ltr'><strong>nullius</strong></span> <span class='ocrx_word' id='word_1_242' title='bbox 679 3398 842 3441; x_wconf 86' lang='lat' dir='ltr'><strong>consonas</strong></span> <span class='ocrx_word' id='word_1_243' title='bbox 863 3376 1060 3462; x_wconf 88' lang='lat' dir='ltr'><strong>interpositu</strong></span> <span class='ocrx_word' id='word_1_244' title='bbox 1083 3389 1254 3465; x_wconf 83' lang='lat' dir='ltr'><strong>separatae</strong></span> 
     </span>
     <span class='ocr_line' id='line_1_31' title="bbox 132 3475 1256 3564; baseline 0.001 -20"><span class='ocrx_word' id='word_1_245' title='bbox 132 3492 224 3557; x_wconf 90' lang='lat' dir='ltr'><strong>sunt,</strong></span> <span class='ocrx_word' id='word_1_246' title='bbox 253 3490 321 3544; x_wconf 88' lang='lat' dir='ltr'><strong>tum</strong></span> <span class='ocrx_word' id='word_1_247' title='bbox 350 3481 391 3545; x_wconf 86' lang='lat' dir='ltr'><strong>de</strong></span> <span class='ocrx_word' id='word_1_248' title='bbox 424 3479 603 3564; x_wconf 88' lang='lat' dir='ltr'><strong>disjunctis.</strong></span> <span class='ocrx_word' id='word_1_249' title='bbox 654 3475 778 3543; x_wconf 87' lang='lat' dir='ltr'><strong>Crebra</strong></span> <span class='ocrx_word' id='word_1_250' title='bbox 805 3486 855 3542; x_wconf 86' lang='lat' dir='ltr'><strong>est</strong></span> <span class='ocrx_word' id='word_1_251' title='bbox 875 3477 1066 3545; x_wconf 85' lang='lat' dir='ltr'><strong>vicissitudo</strong></span> <span class='ocrx_word' id='word_1_252' title='bbox 1087 3480 1256 3547; x_wconf 76' lang='lat' dir='ltr'><strong>literarum</strong></span> 
     </span>
     <span class='ocr_line' id='line_1_32' title="bbox 132 3570 1256 3668; baseline -0.002 -20"><span class='ocrx_word' id='word_1_253' title='bbox 132 3570 160 3648; x_wconf 75' lang='grc' dir='ltr'>ἆ</span> <span class='ocrx_word' id='word_1_254' title='bbox 179 3591 211 3645; x_wconf 91' lang='lat' dir='ltr'><strong>et</strong></span> <span class='ocrx_word' id='word_1_255' title='bbox 231 3570 307 3647; x_wconf 62' lang='lat' dir='ltr'><strong>{in</strong></span> <span class='ocrx_word' id='word_1_256' title='bbox 329 3580 554 3646; x_wconf 87' lang='lat' dir='ltr'><strong>terminatione</strong></span> <span class='ocrx_word' id='word_1_257' title='bbox 575 3578 808 3665; x_wconf 87' lang='lat' dir='ltr'><strong>adjectivorum</strong></span> <span class='ocrx_word' id='word_1_258' title='bbox 836 3601 920 3664; x_wconf 87' lang='lat' dir='ltr'><strong>quae</strong></span> <span class='ocrx_word' id='word_1_259' title='bbox 944 3580 1079 3645; x_wconf 89' lang='lat' dir='ltr'><strong>strictim</strong></span> <span class='ocrx_word' id='word_1_260' title='bbox 1102 3582 1198 3668; x_wconf 83' lang='lat' dir='ltr'><strong>attigi</strong></span> <span class='ocrx_word' id='word_1_261' title='bbox 1218 3580 1256 3647; x_wconf 89' lang='lat' dir='ltr'><strong>in</strong></span> 
     </span>
     <span class='ocr_line' id='line_1_33' title="bbox 128 3675 1255 3769; baseline 0 -20"><span class='ocrx_word' id='word_1_262' title='bbox 128 3680 232 3749; x_wconf 89' lang='lat' dir='ltr'><strong>Proll.</strong></span> <span class='ocrx_word' id='word_1_263' title='bbox 252 3681 326 3746; x_wconf 87' lang='grc'><strong>481.</strong></span> <span class='ocrx_word' id='word_1_264' title='bbox 356 3675 587 3769; x_wconf 52' lang='lat' dir='ltr'><strong>&amp;marpessas</strong></span> <span class='ocrx_word' id='word_1_265' title='bbox 614 3692 647 3746; x_wconf 91' lang='lat' dir='ltr'><strong>et</strong></span> <span class='ocrx_word' id='word_1_266' title='bbox 679 3681 898 3767; x_wconf 91' lang='lat' dir='ltr'><strong>quodminus</strong></span> <span class='ocrx_word' id='word_1_267' title='bbox 928 3682 1131 3748; x_wconf 82' lang='lat' dir='ltr'><strong>auctoritatis</strong></span> <span class='ocrx_word' id='word_1_268' title='bbox 1152 3682 1255 3749; x_wconf 87' lang='lat' dir='ltr'><strong>habet</strong></span> 
     </span>
     <span class='ocr_line' id='line_1_34' title="bbox 129 3775 1252 3866; baseline -0.001 -16"><span class='ocrx_word' id='word_1_269' title='bbox 129 3777 363 3865; x_wconf 77' lang='grc' dir='ltr'><strong><em>ὀκαδημιακός</em></strong></span> <span class='ocrx_word' id='word_1_270' title='bbox 386 3781 437 3866; x_wconf 89' lang='lat' dir='ltr'><strong>(ut</strong></span> <span class='ocrx_word' id='word_1_271' title='bbox 459 3779 664 3866; x_wconf 79' lang='grc' dir='ltr'><strong><em>κοιλιοκός),</em></strong></span> <span class='ocrx_word' id='word_1_272' title='bbox 691 3775 903 3864; x_wconf 61' lang='grc' dir='ltr'><strong><em>Ἀννιβαὶοός</em></strong></span> <span class='ocrx_word' id='word_1_273' title='bbox 923 3791 955 3858; x_wconf 88' lang='lat' dir='ltr'><strong>et</strong></span> <span class='ocrx_word' id='word_1_274' title='bbox 977 3782 1120 3848; x_wconf 88' lang='lat' dir='ltr'><strong>deterius</strong></span> <span class='ocrx_word' id='word_1_275' title='bbox 1141 3779 1252 3850; x_wconf 76' lang='grc' dir='ltr'><strong><em>Ἀννι-</em></strong></span> 
     </span>
     <span class='ocr_line' id='line_1_35' title="bbox 126 3879 1253 3971; baseline -0.002 -20"><span class='ocrx_word' id='word_1_276' title='bbox 126 3881 249 3970; x_wconf 71' lang='grc' dir='ltr'><strong><em>βῑακός</em></strong></span> <span class='ocrx_word' id='word_1_277' title='bbox 278 3883 312 3948; x_wconf 91' lang='lat' dir='ltr'><strong>in</strong></span> <span class='ocrx_word' id='word_1_278' title='bbox 334 3883 407 3949; x_wconf 89' lang='lat' dir='ltr'><strong>cod.</strong></span> <span class='ocrx_word' id='word_1_279' title='bbox 431 3884 508 3951; x_wconf 89' lang='lat' dir='ltr'><strong>Vat.</strong></span> <span class='ocrx_word' id='word_1_280' title='bbox 531 3883 671 3967; x_wconf 86' lang='lat' dir='ltr'><strong>Dionys.</strong></span> <span class='ocrx_word' id='word_1_281' title='bbox 694 3882 788 3946; x_wconf 87' lang='lat' dir='ltr'><strong>Antt.</strong></span> <span class='ocrx_word' id='word_1_282' title='bbox 815 3882 862 3948; x_wconf 90' lang='lat'><strong>11.</strong></span> <span class='ocrx_word' id='word_1_283' title='bbox 889 3884 940 3948; x_wconf 82' lang='lat'><strong>17.</strong></span> <span class='ocrx_word' id='word_1_284' title='bbox 971 3879 1191 3971; x_wconf 79' lang='grc' dir='ltr'><strong><em>πυῤῥιχιακός</em></strong></span> <span class='ocrx_word' id='word_1_285' title='bbox 1220 3897 1253 3950; x_wconf 90' lang='lat' dir='ltr'><strong>et</strong></span> 
     </span>
     <span class='ocr_line' id='line_1_36' title="bbox 126 3981 1253 4074; baseline 0.001 -23"><span class='ocrx_word' id='word_1_286' title='bbox 126 3983 346 4074; x_wconf 69' lang='grc' dir='ltr'><strong><em>πυρῤιχαϊκος</em></strong></span> <span class='ocrx_word' id='word_1_287' title='bbox 376 3985 466 4071; x_wconf 91' lang='lat' dir='ltr'><strong>apud</strong></span> <span class='ocrx_word' id='word_1_288' title='bbox 493 3981 676 4070; x_wconf 84' lang='lat' dir='ltr'><strong>Hephaast.</strong></span> <span class='ocrx_word' id='word_1_289' title='bbox 705 3982 842 4068; x_wconf 83' lang='lat' dir='ltr'><strong>ejusque</strong></span> <span class='ocrx_word' id='word_1_290' title='bbox 864 3984 976 4053; x_wconf 84' lang='lat' dir='ltr'><strong>Schol.</strong></span> <span class='ocrx_word' id='word_1_291' title='bbox 1005 3995 1038 4053; x_wconf 90' lang='lat' dir='ltr'><strong>et</strong></span> <span class='ocrx_word' id='word_1_292' title='bbox 1064 3985 1156 4071; x_wconf 87' lang='lat' dir='ltr'><strong>quod</strong></span> <span class='ocrx_word' id='word_1_293' title='bbox 1182 4009 1253 4052; x_wconf 85' lang='lat' dir='ltr'><strong>non</strong></span> 
     </span>
     <span class='ocr_line' id='line_1_37' title="bbox 125 4082 1250 4171; baseline 0.002 -20"><span class='ocrx_word' id='word_1_294' title='bbox 125 4085 231 4171; x_wconf 78' lang='lat' dir='ltr'><strong>magis</strong></span> <span class='ocrx_word' id='word_1_295' title='bbox 263 4084 421 4171; x_wconf 84' lang='lat' dir='ltr'><strong>probatur</strong></span> <span class='ocrx_word' id='word_1_296' title='bbox 449 4082 638 4166; x_wconf 63' lang='grc' dir='ltr'><strong>δοχμαὶὶιός</strong></span> <span class='ocrx_word' id='word_1_297' title='bbox 656 4104 716 4170; x_wconf 88' lang='lat' dir='ltr'><strong>pro</strong></span> <span class='ocrx_word' id='word_1_298' title='bbox 749 4083 939 4168; x_wconf 70' lang='grc' dir='ltr'><strong>δοχμιακός.</strong></span> <span class='ocrx_word' id='word_1_299' title='bbox 985 4085 1055 4155; x_wconf 90' lang='lat' dir='ltr'><strong>Sed</strong></span> <span class='ocrx_word' id='word_1_300' title='bbox 1077 4087 1250 4153; x_wconf 83' lang='lat' dir='ltr'><strong>ediverso</strong></span> 
     </span>
     <span class='ocr_line' id='line_1_38' title="bbox 126 4177 1252 4267; baseline 0.007 -19"><span class='ocrx_word' id='word_1_301' title='bbox 126 4184 269 4251; x_wconf 86' lang='lat' dir='ltr'><strong>themate</strong></span> <span class='ocrx_word' id='word_1_302' title='bbox 294 4184 416 4252; x_wconf 71' lang='grc' dir='ltr'><strong><em>Πυθία</em></strong></span> <span class='ocrx_word' id='word_1_303' title='bbox 440 4177 623 4265; x_wconf 50' lang='lat' dir='ltr'><strong>nodositate</strong></span> <span class='ocrx_word' id='word_1_304' title='bbox 642 4185 699 4250; x_wconf 80' lang='grc' dir='ltr'><strong>καὶ</strong></span> <span class='ocrx_word' id='word_1_305' title='bbox 716 4179 785 4250; x_wconf 71' lang='grc' dir='ltr'><strong>ἀπὸ</strong></span> <span class='ocrx_word' id='word_1_306' title='bbox 805 4191 867 4254; x_wconf 77' lang='grc' dir='ltr'><strong>τοῦ</strong></span> <span class='ocrx_word' id='word_1_307' title='bbox 881 4191 1045 4267; x_wconf 77' lang='grc' dir='ltr'><strong><em>Πυθαῖος</em></strong></span> <span class='ocrx_word' id='word_1_308' title='bbox 1064 4182 1252 4266; x_wconf 74' lang='grc' dir='ltr'><strong><em>διαλύσεως</em></strong></span> 
     </span>
     <span class='ocr_line' id='line_1_39' title="bbox 122 4278 1252 4376; baseline 0.002 -23"><span class='ocrx_word' id='word_1_309' title='bbox 122 4287 300 4373; x_wconf 69' lang='grc' dir='ltr'><strong><em>γενομένης</em></strong></span> <span class='ocrx_word' id='word_1_310' title='bbox 321 4278 534 4371; x_wconf 72' lang='grc' dir='ltr'><strong>Πυθαῖστής.</strong></span> <span class='ocrx_word' id='word_1_311' title='bbox 579 4283 681 4351; x_wconf 90' lang='lat' dir='ltr'><strong>Verbi</strong></span> <span class='ocrx_word' id='word_1_312' title='bbox 704 4283 790 4357; x_wconf 76' lang='grc' dir='ltr'><strong><em>ἱέναι</em></strong></span> <span class='ocrx_word' id='word_1_313' title='bbox 811 4287 940 4353; x_wconf 84' lang='lat' dir='ltr'><strong>vocales</strong></span> <span class='ocrx_word' id='word_1_314' title='bbox 963 4291 1085 4376; x_wconf 85' lang='lat' dir='ltr'><strong>primas</strong></span> <span class='ocrx_word' id='word_1_315' title='bbox 1103 4289 1252 4355; x_wconf 85' lang='lat' dir='ltr'><strong>converti</strong></span> 
     </span>
    </p>
   </div>
   <div class='ocr_carea' id='block_1_3' title="bbox 0 0 1372 4778">
    <p class='ocr_par' dir='ltr' id='par_1_4' title="bbox 0 0 1372 4778">
     <span class='ocr_line' id='line_1_40' title="bbox 0 0 1372 4778; baseline 0 8"><span class='ocrx_word' id='word_1_316' title='bbox 0 0 1372 4778; x_wconf 95' lang='lat' dir='ltr'><strong> </strong></span> 
     </span>
    </p>
   </div>
  </div>
 </body>
</html>
