2736 4778
126 359 190 429 248
509 355 787 427 ulssuurnmo
820 356 890 426 vu.

127 525 186 592 huo
207 525 247 591 ab
271 543 330 590 usu
352 525 513 607 repulsum
536 543 594 591 nee
615 525 719 590 minus
741 524 900 590 insolitum
923 527 973 589 est
993 541 1090 605 quam
1101 522 1256 588 Latinum

130 628 203 708 aule,
226 628 353 693 invites
377 627 531 693 subeunte
554 627 708 694 adiectivo
731 619 811 708 ολος,
834 639 868 690 λιι
885 649 947 712 per
968 638 997 689 te
1018 626 1125 712 ᾠσιισι
1144 648 1254 712 σοφισ-

126 753 192 795 acea
214 730 280 793 σιἰιε
301 730 365 794 utto
388 730 570 815 cuiusquam
592 727 725 814 indico,
758 750 821 797 uuo
843 729 938 794 verbo
968 728 1002 796 ἐκ
1025 731 1165 797 σαυτοῦ.
1205 727 1255 794 Sit

128 841 233 900 autem
256 833 399 899 adverbii
422 829 535 899 οἰόθεν
560 833 606 899 vis
618 833 727 898 localis
739 853 800 900 nun
812 852 941 916 prorsus
953 833 1113 898 oblitescit
1124 833 1254 898 eadem·

126 956 188 1020 que
211 936 417 1002 adumbratur
450 936 511 1002 alio
540 934 681 1000 eiusdem
709 935 781 1001 libri
804 937 872 1002 loeo
900 957 927 1001 v.
950 935 992 1002 39
1018 933 1148 1023 Ἕκτωρ
1187 934 1254 1001 ιινιὶ

126 1044 267 1106 Δαναῶν
301 1040 560 1126 προκαλέσσεται
599 1034 714 1106 οἰόθεν
751 1031 821 1118 ολος
854 1035 1003 1128 όνιιβόην
1036 1041 1253 1122 μαχέσασθαι

128 1144 187 1210 hoe
209 1150 352 1209 estante
374 1143 472 1207 σοι’σσι
488 1163 683 1228 ρνορσσεειιε
705 1143 860 1228 εοσίιεροο
875 1155 952 1228 post
973 1166 1006 1205 ae
1028 1141 1164 1222 relictio,
1187 1143 1253 1209 sive

127 1254 163 1313 ut
183 1247 310 1313 brevius
333 1246 478 1311 reddam:
502 1244 588 1307 εοΙιιε
610 1266 649 1306 ea
671 1244 737 1308 aoto
761 1245 837 1309 loco.
884 1247 943 1311 Hic
963 1245 1035 1311 libri
1058 1247 1163 1311 nostri
1180 1264 1252 1311 oon·

127 1368 223 1416 sensu
245 1349 394 1414 exhibent
415 1347 650 1426 nominativum,
674 1349 730 1413 sed
753 1347 865 1429 tuisse,
894 1351 947 1432 qui
969 1355 1118 1432 quartum
1143 1368 1252 1415 casnm

126 1451 331 1535 praeferrent,
355 1451 493 1518 ostendit
503 1451 801 1548 glossographomm
818 1454 1037 1535 interpretatio
1047 1449 1156 1536 μόνος
1168 1453 1253 1537 πρὸς

126 1553 228 1638 μόνον
243 1554 433 1642 provocabit
455 1553 652 1618 ΑσΙιαεοι-νιοι.
674 1554 818 1640 utiquam,
841 1569 989 1620 otacrum
1003 1567 1127 1643 paynet
1146 1556 1252 1637 εοΙιιιῑ

127 1656 243 1726 οἰόθεν
266 1657 447 1739 ambiguum
470 1661 528 1735 est,
552 1663 657 1722 utrum
680 1659 721 1723 ad
742 1658 954 1741 μαχέσασθαι
977 1659 1072 1724 referi
1095 1665 1252 1741 oporteat,

127 1782 176 1843 an,
205 1763 289 1844 quud
310 1759 504 1844 probabilius
533 1760 674 1841 videtur,
695 1762 736 1826 ad
760 1763 1037 1848 προκαλέσσεται,
1072 1762 1131 1827 sed
1165 1768 1253 1829 certe

127 1863 322 1948 significatur
354 1860 390 1943 ἐξ
412 1859 503 1942 οἴοιι,
536 1881 593 1944 pro
626 1882 688 1944 quo
714 1865 831 1930 Aratus
859 1865 937 1931 iilud
965 1866 1043 1932 dixit
1064 1887 1093 1932 v.
1115 1866 1161 1932 55
1195 1863 1253 1935 oia

127 1964 244 2035 οἰόθεν
267 1961 338 2040 orid'
364 1957 433 2044 οἷος
456 1962 682 2048 ἐπιλόμπεται
706 1962 810 2052 όοτιζρ
833 1968 892 2032 hoo
914 1974 964 2033 est
986 1990 1002 2031 ε
1025 1970 1252 2054 reqrbnecoelt‘,

127 2070 183 2134 uti
200 2070 305 2135 οιιόόοε
328 2069 411 2133 atine
433 2068 540 2132 atellae
562 2080 730 2154 appareat,
759 2071 806 2134 vei
829 2077 866 2136 ut
888 2072 983 2138 schol.
1018 2070 1078 2139 οόκ
1111 2075 1153 2156 ἐξ
1180 2074 1253 2156 ἑνός

125 2175 252 2260 μόρους.
287 2171 522 2238 Numinativnm
545 2177 653 2237 tuetur
664 2172 793 2238 Homeri
806 2174 947 2240 imitator
958 2177 1144 2259 Apollonius
1157 2167 1252 2263 11²8,

134 2276 188 2341 nbi
210 2276 250 2340 de
272 2276 361 2341 leone
383 2276 531 2356 loquitur,
554 2275 608 2356 qui
630 2276 799 2342 multorum
821 2278 893 2342 telis
916 2281 1035 2361 petitus
1056 2302 1158 2349 unum
1180 2304 1252 2367 pro-

126 2383 249 2462 spectat
270 2397 351 2460 eum,
374 2397 394 2443 a
416 2397 477 2460 quo
499 2379 612 2444 vulnus
629 2380 764 2462 accepit:
794 2384 855 2446 νῶι
876 2381 936 2465 μὲν
961 2378 1020 2449 οὐκ
1043 2381 1171 2470 ἀλέγει,
1195 2387 1251 2456 ἐπὶ

126 2478 155 2549 d'
179 2475 313 2548 όσσεται
338 2478 453 2548 οἰόθεν
475 2473 545 2561 οἶος
567 2474 671 2567 όνόρα
694 2482 765 2557 τόν,
801 2480 839 2561 ts·
867 2510 923 2568 μιν
946 2485 1058 2577 drama
1105 2487 1171 2556 Sed
1194 2491 1253 2557 hot

128 2604 252 2668 quoqne
278 2586 347 2651 loco
376 2585 542 2651 nonnullos
565 2587 777 2651 accusativum
799 2590 988 2668 praetulisse
1011 2595 1211 2673 cognoscitur
1234 2614 1251 2660 e

129 2689 245 2754 scholio
267 2685 369 2771 μόνος
392 2682 549 2772 όπόρχων
570 2686 673 2770 μόνον
695 2691 897 2775 προσβλέπει
922 2695 979 2758 τὸν
995 2693 1178 2779 ιριόοανία,
1202 2699 1251 2764 cui

129 2792 239 2856 similis
267 2797 317 2855 est
338 2790 490 2855 Herodoti
515 2791 620 2869 dictio,
646 2793 672 2855 si
701 2794 861 2873 sequimur
884 2796 1020 2861 Bekkeri
1049 2800 1249 2880 scripturam,

126 2895 142 2959 Ι
168 2892 226 2959 116
250 2890 324 2959 ἐπεὶ
346 2886 568 2960 ὑπελέλειπτο
598 2888 614 2959 ό
638 2892 812 2978 βουκόλος,
835 2898 1133 2980 μοῦνοςμοονόθεν
1148 2898 1250 2969 aicta

127 2994 232 3080 εἴρετο
254 2991 270 3061 ὃ
292 2991 524 3083 Ἀσισοὶγης*).

213 3099 482 3165 Terminationnm
506 3102 741 3184 syllabioarum,
777 3124 858 3186 quae
881 3107 1038 3172 adverbiis
1066 3110 1249 3193 assignatae

127 3210 214 3283 sunt,
250 3204 351 3268 altera
373 3210 422 3268 ost
450 3208 497 3284 οἶ,
533 3211 566 3269 et
592 3206 685 3271 huius
713 3226 837 3290 quoque
860 3212 984 3290 generis
1008 3218 1096 3276 ortus
1119 3196 1246 3297 duplex,

125 3308 240 3389 partim
263 3326 282 3371 a
304 3305 464 3371 vocabulis
487 3307 628 3372 eiusdem
651 3310 790 3376 merismi
819 3319 854 3377 ut
877 3309 1043 3397 ἀγχόθι,
1079 3315 1245 3402 τηλόθι,

125 3411 240 3492 partim
275 3409 566 3475 adeeiinabilibus:
606 3404 776 3497 ἄλλοθι,
811 3411 958 3481 οἴκοθι.
1005 3419 1064 3484 Illa
1086 3420 1125 3483 de
1149 3422 1247 3504 signi·

125 3512 269 3578 ficatione
296 3512 446 3593 primitivi
474 3515 522 3578 sui
550 3516 734 3598 plerumque
767 3518 844 3583 nihil
866 3527 1003 3597 mutarn
1038 3523 1076 3586 de
1110 3543 1246 3607 parony-

124 3634 246 3680 mornm
269 3616 426 3680 nonnullis
449 3616 559 3683 eadem
582 3638 663 3700 quae
686 3640 782 3703 supra
805 3622 909 3686 existit
934 3623 1104 3704 dubitatio,
1136 3633 1246 3693 utrum

125 3718 254 3801 syllaba,
277 3738 340 3800 qua
362 3718 528 3800 finiuntur,
550 3724 740 3804 paragogioa
762 3726 816 3805 sit,
851 3746 891 3790 an
914 3727 1127 3808 significativa.
1175 3730 1247 3796 Duo

124 3823 237 3888 horum
259 3821 352 3886 offert
374 3821 467 3887 schol.
490 3823 570 3889 Vici.
594 3824 629 3889 Il.
652 3826 680 3889 X
708 3829 745 3891 12
766 3823 914 3894 Ἰλιόθι
941 3827 1056 3915 πρό-
1083 3833 1165 3896 κατὰ
1179 3860 1246 3899 πα-

124 3919 245 4008 ρολκήν
269 3917 286 4010 ἦ
311 3922 508 4011 παραγωγή·
544 3929 638 4014 δηλοῖ
658 3929 720 4014 γὰρ
751 3929 786 3994 ui
807 3925 908 3995 Ἰλίου
942 3929 987 4010 ὡς
1018 3932 1053 3998 τό
1077 3929 1244 4020 οὐρανόθι

126 4023 200 4110 πρό.
256 4026 316 4091 Pro
350 4028 409 4093 hoc
442 4029 625 4110 Apollonius
660 4034 737 4099 Adv.
762 4033 833 4100 608.
857 4035 899 4100 20
932 4036 1042 4114 refert,
1076 4040 1247 4105 nonnullos

126 4126 311 4217 οόρονόθιο
341 4127 406 4214 πρό
440 4133 593 4215 scribere,
627 4137 710 4218 quod
733 4140 961 4220 quodammodo
985 4145 1126 4208 excusari
1150 4164 1248 4226 posse

123 4285 238 4292 -.-.--
262 4287 311 4293 ,..-..
321 4287 344 4294 ‹—

192 4348 221 4413 ’)
239 4352 335 4406 Dimid.
348 4373 411 4424 pay.
429 4375 482 4409 σοι.
500 4362 546 4412 rel.
