2736 4778
124 312 198 388 tat
413 304 732 374 nrssnnnnnro
760 304 807 370 11.
850 304 890 369 P.
912 301 941 369 1.

125 488 265 578 ἕρυμνός
287 503 320 559 et
343 492 407 557 alia
433 481 749 578 infflprcducta
768 488 1003 574 Proh169.·⁶)
1025 490 1244 575 Adjectivum

125 594 160 661 in
180 614 246 660 una
267 593 376 680 specie
399 594 541 660 defixum
563 602 613 659 est
632 592 840 674 notriapvcc,
866 591 1070 676 eandemque
1092 592 1245 657 vocalem

126 695 196 763 sine
227 695 353 762 offensa
383 695 501 761 iterant
530 692 737 779 πολὺυόρος,
768 691 996 777 βραχύυπνος,
1028 686 1241 772 nutriamus,

126 818 225 882 quare
253 796 289 861 in
313 797 533 885 suspicionem
562 794 651 860 venit
679 791 848 862 actuario
876 793 976 859 semel
1002 793 1121 860 lectum
1149 797 1243 883 apud

124 897 315 976 Philonem,
345 919 406 965 nec
427 898 534 962 minus
559 896 694 962 dubium
717 894 885 980 πόλυγρος
913 895 1038 979 (omiss.
1061 895 1096 960 in
1116 895 1240 982 Thes.)

125 999 240 1067 Diosc.
261 1000 345 1064 Mat.
366 1001 408 1067 V.
432 998 503 1074 116,
526 999 597 1065 782.
620 1019 805 1084 quanquam
830 1019 872 1061 ne
894 995 1082 1081 πολύυγρος
1104 997 1242 1082 quidem

125 1101 291 1169 inventum
321 1111 380 1167 est.
430 1099 500 1168 Sed
527 1100 648 1164 nullam
674 1098 896 1186 suspicionem
923 1098 1063 1163 admittit
1089 1099 1241 1187 appella·

127 1202 227 1267 tivum
241 1202 407 1281 χέλυδρος.
441 1204 529 1266 Ante
547 1201 626 1266 alias
641 1200 770 1266 vocales
785 1199 918 1286 ypsilon
936 1200 1068 1285 saepius
1087 1200 1243 1266 amittunt

127 1302 287 1386 adjectiva
305 1302 340 1367 in
356 1288 407 1380 a}
420 1302 586 1379 exeuntia3
610 1304 702 1388 cnjus
720 1301 849 1387 generis
872 1301 1021 1388 exempla
1036 1301 1142 1388 prima
1161 1325 1241 1390 pro-

127 1404 279 1471 diderunt
308 1403 493 1489 Aeschylus
523 1413 556 1470 et
585 1404 762 1491 Euripides
796 1396 983 1487 ἅμβλωπός
1011 1413 1044 1467 ct
1073 1397 1240 1487 εὖρωπός.

126 1505 189 1573 His
217 1504 320 1571 simile
341 1505 441 1594 piscis
467 1527 587 1572 nornen
612 1507 797 1589 τράχουρος
820 1502 914 1568 affert
937 1501 1145 1580 Athenaeus,
1175 1510 1241 1588 βα-

126 1609 313 1691 hiansque
350 1605 524 1694 θηλάρσην
558 1618 590 1695 et
623 1602 817 1690 θρασαῦχην
851 1602 1028 1669 Christiani
1063 1606 1241 1692 scriptores

127 1707 300 1796 praebent,
326 1730 464 1794 quornm
485 1709 550 1774 duo
573 1717 757 1793 congruunt
778 1729 851 1772 cnm
872 1706 1014 1793 propriis
1038 1705 1240 1785 Βόθιππος,

132 1808 353 1891 Θράσιππος,
388 1809 505 1895 hisque
539 1809 642 1874 simile
676 1818 725 1872 est
751 1804 946 1886 Edtsnrrng.
997 1808 1110 1874 Unum
1141 1808 1241 1893 hujus

129 1910 251 1998 ellipsis
281 1911 468 2000 exemplum
497 1935 517 1976 a
546 1909 773 1978 Grammaticis
803 1908 984 1994 profertum
1017 1905 1169 1975 Δάσκιον
1200 1908 1239 1974 τὸ

127 2009 306 2080 donnicatas
337 2011 424 2080 κατὰ
455 2008 624 2101 συγκοπήν
654 2010 764 2079 Schol.
790 2009 903 2097 Apoll.
929 2010 975 2075 11.
1004 2009 1096 2076 1283.
1127 2009 1181 2074 cui
1212 2010 1241 2074 si

128 2114 346 2191 accredimus,
380 2138 454 2181 cnm
482 2114 588 2180 vocali
621 2112 716 2179 simul
748 2110 889 2176 ablatum
922 2120 972 2176 est
1004 2111 1109 2196 sigma
1136 2119 1175 2174 ut
1207 2110 1242 2175 in

128 2211 284 2294 ὁύστονος
306 2239 343 2282 ac
368 2217 545 2294 similibus3
571 2226 672 2302 negat
692 2237 768 2279 vero
791 2213 872 2278 alter
894 2213 1123 2299 interpretum,
1146 2212 1240 2296 cujus

129 2315 296 2382 adnotatio
323 2318 405 2383 lorte
433 2329 557 2383 servata
586 2328 635 2382 est
664 2317 698 2380 in
721 2316 801 2380 EM.
828 2313 966 2390 δάσκιος
994 2309 1052 2380 οὐκ
1080 2307 1148 2380 ἀπὸ
1179 2317 1241 2401 sci

129 2416 311 2496 dacdcasog
342 2417 427 2484 κατὰ
459 2418 627 2505 συγκοπήν
659 2412 735 2484 ἀλλ’
768 2411 837 2484 ἀπὸ
868 2419 925 2483 τοῦ
949 2406 1008 2482 dn
1033 2414 1239 2481 tartaraeos.

128 2518 302 2584 Machinae
323 2519 560 2586 Archimedeae
582 2541 700 2585 nomen
724 2519 855 2606 saepius
878 2512 1079 2602 βαρυολκός,
1103 2538 1170 2580 non
1195 2515 1240 2581 ita

130 2641 229 2706 saepe
252 2615 440 2703 βαρουλκός
466 2620 629 2698 scribitur,
661 2621 751 2706 quod
780 2621 808 2685 si
834 2617 990 2706 probatur
1017 2617 1060 2681 ad
1088 2616 1239 2682 snbstan-

129 2721 229 2784 tivum
255 2719 589 2803 (tricocrelerendum
615 2735 673 2788 est,
724 2723 780 2791 Sic
809 2721 905 2787 etiam
933 2715 1086 2798 ὀξὲλαιον
1112 2743 1178 2784 non
1205 2731 1242 2783 ut

129 2816 292 2905 ὀξύγαρον
314 2832 346 2887 et
364 2814 534 2910 ὀξύβαφον
555 2825 614 2890 sed
637 2848 710 2891 cum
729 2817 804 2904 ὅξος
825 2821 1043 2909 compositum
1060 2821 1187 2886 videtur
1210 2833 1242 2888 et

130 2921 323 3010 nattam
336 2947 403 2989 non
420 2925 511 2990 aliter
527 2949 623 3011 quam
641 2923 877 3012 ylnxdspnllov,
899 2936 1070 3008 utrumque
1091 2923 1241 3009 ignotum

130 3025 271 3110 antiquis
294 3026 349 3111 qui
371 3027 578 3114 ytoarinqtov
600 3041 632 3094 et
654 3026 866 3115 γλυκύθυμος
889 3028 1009 3091 dicunt.
1052 3025 1119 3089 Pro
1144 3026 1241 3111 καρέ-

128 3129 225 3195 λαιον
247 3128 337 3216 apud
359 3127 522 3193 Galenum
545 3131 668 3195 Hosius
690 3130 724 3194 in
747 3129 847 3196 Thes.
871 3130 1069 3215 καρυέλαιον
1095 3125 1241 3191 scriben-

130 3230 207 3295 dum
229 3251 301 3294 esse
323 3230 515 3315 suspicatur,
539 3254 704 3317 quumque
726 3232 865 3317 plurima
887 3232 952 3295 sint
970 3229 1135 3305 vocabula,
1156 3251 1241 3313 quae

128 3332 260 3419 ypsilon
285 3332 319 3396 in
345 3331 488 3417 paralexi
516 3331 673 3407 habeant,
705 3334 759 3396 vix
784 3334 873 3398 credi
895 3333 971 3397 licet
998 3331 1072 3394 huic
1099 3329 1155 3393 uni
1183 3330 1241 3394 de·

130 3446 265 3508 tractum
281 3456 363 3498 esse.
395 3434 514 3518 Aeque
528 3433 728 3498 incredibilis
746 3445 796 3498 est
814 3434 978 3498 derelictio
992 3433 1113 3497 vocalis
1128 3454 1243 3496 vocem

131 3534 222 3598 alteri
246 3533 449 3618 subjunctam
470 3535 670 3610 inchoantis,
703 3533 832 3619 qualem
857 3533 1110 3599 comminiscitur
1132 3534 1241 3619 Etym.

132 3634 219 3698 Gud.
241 3635 293 3711 89,
314 3637 365 3700 31.
387 3628 550 3722 drspnvcg
572 3631 589 3700 si
614 3630 781 3724 ἄγρυπνος
803 3635 898 3721 παρὰ
911 3632 1070 3723 ‘qusvoig
1091 3629 1136 3712 ὡς
1157 3627 1242 3721 παρ’

201 3837 228 3903 t)
242 3834 272 3889 Si
288 3839 402 3906 Θέογνις
418 3854 474 3891 non
491 3855 527 3892 ex
543 3837 672 3909 Θεόγνιος
684 3843 856 3893 contractum
870 3843 911 3892 est
928 3845 959 3892 ut
970 3833 1100 3896 Διονύσις
1112 3854 1137 3889 v.
1151 3834 1242 3890 Proll.

132 3925 191 3977 501.
211 3923 261 3977 sad
283 3922 566 3977 metasebematismns
588 3922 679 3978 usitati
704 3920 869 3993 Θεόγνητος,
894 3917 1035 3994 Πόλυμνις
1059 3938 1172 3993 quoqne
1190 3940 1243 3993 pro

131 4006 330 4080 Πολύμνησιος
351 4007 440 4079 accipi
460 4017 554 4080 potest
575 4019 603 4064 et
625 4012 743 4064 fortasse
763 4014 912 4081 Κλέομνις,
934 4012 1010 4081 quod
1031 4028 1082 4080 pro
1102 4013 1245 4079 Kttoppsc

132 4104 161 4148 st
171 4101 304 4157 ιΚλέοννις
316 4095 493 4150 scribendum
506 4094 624 4161 videtur,
638 4116 689 4169 pro
702 4093 904 4166 Κλεόμνησιος.
919 4113 1077 4168 quanquam
1089 4096 1144 4147 hoc
1159 4093 1243 4147 etiam

133 4200 196 4235 eum
213 4186 370 4252 Κλεομένης
391 4182 522 4238 convenit
543 4191 572 4236 et
594 4186 708 4254 Θέογνις
728 4202 790 4240 cum
812 4187 955 4253 Θεογένης.
991 4182 1071 4236 Adeo
1092 4180 1182 4235 libera
1202 4187 1245 4234 est

134 4266 273 4322 norninunr
292 4269 468 4344 propriorum
488 4268 571 4325 fictio.
