2736 4778
134 392 196 461 162
527 390 805 460 DISSERTATIO
826 391 898 460 vn.

130 557 220 637 loeis,
253 556 307 622 ubi
339 558 456 623 vocalis
488 558 646 640 sequitur,
681 576 701 623 a
733 557 851 623 criticis
880 555 1096 624 introductum
1130 562 1188 623 est
1208 574 1266 639 pro

131 657 251 744 ἔμμην’,
276 660 360 741 quod
381 659 570 742 reprobatur
585 666 715 742 propter
726 661 888 727 elisionem
899 659 1027 726 minime
1038 661 1266 727 necessariam

130 783 193 829 una
226 782 297 828 cum
329 764 475 845 genitivis
509 762 624 829 Ionicis
657 769 690 829 et
712 763 901 830 Thessalicis
930 757 1012 839 σεῖ’,
1041 757 1109 830 τοῖ’
1151 763 1265 846 etc²i

129 866 212 932 Hinc
233 871 344 947 patere
376 865 527 946 arbitror,
561 884 659 947 quare
691 866 726 931 in
757 865 927 932 novissimo
959 865 1041 948 pede
1064 884 1134 932 non
1160 864 1265 951 ἔμμεν

130 971 262 1053 legatur,
283 968 366 1051 quod
389 969 543 1035 duntaxat
564 969 658 1033 metri
670 969 773 1051 gratia
784 970 965 1050 assumitur,
987 969 1264 1035 sedordinarium

131 1065 224 1140 εἶναι.
248 1064 262 1079 ‘
278 1070 368 1148 Quod
390 1091 464 1137 vero
498 1072 635 1154 amplius
668 1072 816 1139 adiicitur
837 1085 888 1155 „ct
919 1071 1071 1152 arleff,
1107 1073 1264 1155 equidem

128 1176 222 1258 plura
243 1175 381 1257 reperio,
415 1193 496 1256 quae
530 1176 660 1257 regulae
687 1177 733 1242 illi
756 1181 934 1258 repugnent
954 1192 1051 1257 quam
1073 1193 1167 1257 quae
1190 1193 1265 1243 eon-

130 1279 244 1345 cinant.
289 1277 429 1343 Primum
450 1266 661 1359 particulae

214 1417 303 1481 Inter
315 1416 377 1481 alia
389 1415 660 1481 animadversione
672 1416 871 1498 dignumst,
893 1414 977 1498 quod
988 1414 1022 1480 in
1034 1414 1110 1481 EM.
1126 1412 1207 1481 32⁴.
1224 1414 1263 1481 15

131 1520 252 1602 dicitur,
259 1520 524 1602 praepositionem
537 1517 578 1599 ἐξ
588 1524 662 1585 ante
674 1523 882 1585 consonantes
894 1519 926 1583 in
939 1516 979 1585 la
991 1519 1113 1584 mutari
1127 1523 1263 1602 praeter

130 1624 277 1708 syntheta
311 1622 392 1703 διίξ,
429 1623 535 1708 παρέξ
561 1627 751 1706 praeterque
774 1621 931 1687 clausulas
954 1639 1124 1688 versuum:
1162 1617 1194 1689 εἰ
1214 1620 1261 1709 μὴ

130 1720 255 1815 εὑρεθῇ
280 1725 312 1793 ἐν
335 1726 420 1792 τέλει
442 1724 555 1808 στίχου
578 1720 622 1805 ὡς
644 1726 734 1814 παρὰ
761 1722 930 1811 Θεοκρίτιμ
964 1722 1073 1806 (XXII
1096 1723 1161 1808 30)
1183 1721 1261 1809 ’Ap-

130 1831 279 1918 φοτέρων
302 1828 339 1908 ἐξ
360 1843 369 1914 p
390 1825 518 1909 τοίχων,
543 1847 624 1910 quae
649 1830 746 1895 verba
768 1831 794 1895 si
816 1831 850 1895 in
871 1848 934 1894 uno
959 1827 1140 1909 eodemque
1162 1844 1258 1894 versu

128 1935 319 2017 legerentur,
341 1950 433 1998 nemo
456 1931 618 1998 dubitaret
639 1933 814 1999 rescribere
836 1933 869 1999 id
890 1932 976 2014 quod
997 1948 1140 2013 sequena
1163 1930 1257 1997 litera

128 2037 252 2120 flagitat
284 2035 329 2112 ἐκ,
365 2041 397 2101 et
418 2035 478 2100 hoe
498 2034 601 2116 ipsum
623 2035 756 2116 praebet
777 2035 873 2101 editio
897 2033 1005 2116 Steph.
1026 2033 1164 2101 etsshuic
1186 2052 1256 2117 pro

5 2184 7 2188 .
128 2141 240 2219 rimae,
264 2138 321 2204 scd
343 2156 426 2203 nunc
447 2138 526 2202 illud
546 2138 720 2219 repositum
742 2144 806 2219 est,
829 2138 913 2220 quod
934 2136 1072 2202 offerunt
1094 2137 1255 2204 editiones

128 2242 285 2327 principes
299 2240 406 2305 addito
418 2247 563 2307 accentu:
580 2239 602 2306 ἔ
604 2240 631 2318 ξ.
670 2240 738 2306 Hoc
749 2241 867 2327 rectius
878 2240 994 2323 legitur
1005 2239 1038 2305 in
1056 2238 1252 2324 anastrophe

128 2350 202 2412 ante
224 2343 363 2410 vocalem
385 2342 514 2409 Theocr.
537 2342 627 2409 XXV
649 2341 691 2410 38
715 2338 754 2409 ob
777 2344 851 2429 σέγε
875 2342 960 2432 φημὶ
984 2346 1095 2410 κακῶν
1119 2339 1181 2427 &H
1197 2340 1254 2428 ἔμ·

127 2473 224 2533 pavea
247 2454 281 2512 et
301 2445 351 2511 bis
373 2445 458 2528 apud
479 2445 653 2510 Homerum
676 2450 764 2512 θεῶν
786 2441 1171 2531 cappellanorum
1193 2442 1254 2513 518

128 2557 162 2618 ei
172 2551 208 2616 Il.
220 2550 295 2615 XIV
307 2547 370 2612 472
383 2543 423 2614 oli
444 2573 503 2629 μοι
527 2549 627 2626 κακὸς
649 2544 771 2615 εἴδεται
796 2545 875 2616 οὐδὲ
897 2556 1005 2614 κακῶν
1017 2545 1062 2629 ἒξ,
1076 2549 1095 2633 Η
1109 2544 1254 2629 ἀλλᾶ-,

129 2673 223 2736 quem
260 2653 363 2715 locum
404 2650 604 2715 Herodianus
641 2659 770 2733 proptor
807 2658 971 2717 accentum
1008 2652 1110 2717 solum
1152 2651 1254 2733 affert,

128 2775 155 2820 v.
168 2755 276 2820 Lehrs.
290 2752 416 2828 Quaest.
429 2749 479 2815 97.
513 2752 573 2818 Hic
591 2773 649 2819 vox
665 2755 697 2819 in
710 2756 866 2836 duplicem
878 2772 1046 2820 consonam
1060 2755 1175 2821 exiens
1187 2756 1256 2821 iure

129 2857 309 2941 praefertur
320 2860 450 2938 propter
462 2855 600 2920 vocalem
614 2859 775 2940 sequentis
787 2877 907 2938 versura,
919 2857 973 2939 qui
985 2875 1055 2921 cnm
1067 2856 1122 2923 illo
1141 2859 1256 2924 arctis·

128 2963 206 3027 sime
229 2962 385 3027 cohaeret.
431 2958 494 3024 Sed
507 2960 706 3026 Theocritum
730 2961 766 3039 ἐξ
777 2969 892 3044 τοίχων
910 2960 1083 3042 scripsisse,
1106 2965 1255 3053 tantum·

127 3067 219 3132 modo
242 3069 278 3128 ut
299 3064 425 3145 longam
448 3065 651 3130 concinnaret
666 3064 827 3153 syllabam,¹
850 3064 953 3129 adhuc
967 3060 1257 3145 mihipersuadere

126 3187 188 3234 non
211 3168 308 3250 potui.

220 3306 492 3386 Praepositionum
524 3303 751 3388 bisyllabarum
783 3324 878 3370 unam
911 3306 943 3371 in
976 3305 1039 3375 huc
1072 3304 1256 3381 hexametri

126 3412 261 3493 positam
284 3410 432 3476 exhibent
453 3408 525 3475 libri
548 3408 676 3490 quidam
689 3407 747 3498 Old.
758 3407 865 3475 XXIV
876 3407 917 3474 45
934 3408 1045 3475 πολλὰ
1057 3408 1096 3475 δέ
1107 3403 1257 3498 σ’ἀμφὶΙ

127 3513 254 3600 δάκρυα
279 3512 390 3596 θερμὰ
410 3516 496 3596 χέον,
520 3512 695 3595 probatque
717 3510 897 3591 Ernestius‚
932 3512 989 3577 sed
1011 3515 1180 3593 receptum
1203 3518 1255 3578 est

128 3611 147 3681 d
155 3614 237 3704 μφί
243 3642 273 3696 ς,
295 3618 380 3698 quod
402 3635 496 3699 saepe
520 3616 647 3698 quidem
670 3615 912 3696 praepositionis
938 3615 1007 3680 loco
1029 3615 1170 3696 ponitur,
1194 3614 1253 3680 sed

128 3789 356 3799 n--m-——n-
372 3792 375 3797 ,

194 3892 223 3952 2)
236 3886 348 3959 ”Eppev'
368 3893 488 3943 Parmam.
499 3889 532 3943 38
549 3892 696 3944 Karstenua
707 3894 822 3944 correxit
838 3897 939 3944 remota
953 3892 1123 3959 apostrophe,
1142 3894 1251 3944 retinnit

127 3995 189 4031 vero
208 3980 337 4045 Ilerglrius
357 3978 456 4044 Sapph.
475 3979 565 4044 Frgm.
584 3979 610 4029 11
628 3978 645 4031 ‘I
672 3984 698 4030 et
714 3981 853 4031 novissimi
870 3981 982 4031 editores
1001 3978 1082 4045 Orph.
1100 3979 1167 4046 Arg.
1186 3976 1250 4043 579,

124 4066 195 4118 Lith.
214 4063 273 4129 ool,
292 4064 569 4132 Oppian.Hal.1519,
588 4065 615 4115 11
632 4061 693 4130 232,
713 4067 802 4128 Quint.
820 4068 832 4117 I
852 4063 912 4131 332,
932 4066 968 4117 IX
987 4063 1047 4129 ola,
1066 4066 1137 4132 quod
1157 4065 1251 4117 dubito

124 4167 157 4201 an
178 4153 297 4218 Koechly
316 4160 446 4204 servatum
473 4168 531 4203 esse
549 4152 625 4214 noiit3
643 4168 703 4202 nam
735 4155 762 4202 iu
793 4153 875 4218 praef.
899 4148 1250 4218 adblandiatur

123 4236 265 4289 infinitivus
282 4239 433 4290 huiusmodi
455 4239 586 4304 improbet
613 4235 745 4303 [menda.
765 4238 794 4290 ia
813 4239 871 4290 edit.
896 4236 1013 4305 Trebel.
1048 4239 1091 4300 (In
1110 4238 1143 4292 Ia.
1162 4239 1176 4290 1
1194 4235 1249 4293 302

125 4325 170 4374 καὶ
189 4319 218 4375 τὸ
237 4322 291 4387 μὲν
309 4321 440 4394 ἀτρεκέως
458 4319 512 4395 φῂς
528 4322 647 4389 ἔμμεναι
665 4327 798 4392 optativus
817 4328 971 4394 requiritur:
991 4330 1075 4396 q-clqc
1093 4324 1181 4388 ἔμεν.)
