2736 4778
187 340 236 413 54
259 322 261 327 ’
551 326 868 400 DISSERTATIO
902 325 929 392 1.

181 516 325 605 ἜρεΙπαι
349 517 415 583 duo
442 516 539 583 verba
563 518 598 582 in
625 515 765 582 confinio
795 511 894 578 habet
917 509 1027 600 ρι’πιω
1049 521 1083 573 et
1106 507 1209 598 ῥέπειν.
1252 507 1297 574 Et

186 619 225 685 rb
248 614 384 708 ῥήσσειν
404 616 462 686 καὶ
483 617 621 703 ἐρείκειν
637 617 777 702 λέγεται,
797 614 850 683 διὸ
869 612 926 680 καὶ
944 611 1001 680 τὸν
1016 609 1155 699 ῥαγέντα
1173 613 1299 693 χιτῶνα

187 717 380 803 ἔριίκεσθαι
401 718 490 804 λέγει
514 719 610 789 Euat
632 718 709 796 341,
732 717 784 783 31.
809 736 875 801 quo
897 711 1024 780 accedit
1049 709 1199 810 ἔρέχθειν
1218 708 1297 776 ΕΜ.

187 819 327 899 371,15.
350 819 477 887 Techn.
490 820 542 886 97.
564 819 758 904 tertiumque
777 816 858 906 ἒρᾷν
873 814 1029 904 (ἒξερᾷν)
1049 821 1124 880 sunt
1146 809 1204 897 qui
1225 832 1299 876 cnm

187 920 255 1008 (leui
280 933 457 1010 cognatum
482 931 600 1008 putent
625 944 655 987 v.
679 920 723 985 ad
742 919 799 1006 Aj.
821 940 855 1005 p.
878 916 930 983 96.
944 908 1087 999 Ἒθειρα
1114 913 1142 979 si
1165 912 1299 1000 proprie

185 1021 247 1099 tole
263 1023 511 1108 τημιλονμὲνας
527 1022 642 1109 τρίχας
659 1021 836 1109 signifieat,
851 1041 919 1085 non
933 1015 1138 1083 incommode
1150 1014 1194 1081 ad
1206 1015 1298 1099 θέρω
1335 1022 1340 1027 ’

186 1121 225 1191 τὸ
246 1119 428 1209 θεραπεύω
450 1123 561 1189 referri
582 1134 691 1211 potest
712 1145 742 1188 v.
755 1119 881 1188 Techn.
894 1118 966 1186 138.
990 1118 1112 1206 Κηλεῖν
1129 1138 1171 1183 ex
1183 1114 1300 1202 ἕκηλος

187 1223 309 1289 iactum
339 1245 411 1290 esse
446 1247 514 1291 non
545 1225 659 1291 eadem
693 1247 759 1310 qua
788 1225 1005 1290 Buttmannus
1035 1217 1143 1284 Lexil.
1168 1217 1197 1283 1.
1226 1215 1298 1282 145.

188 1324 425 1391 asseveratione
447 1325 612 1405 affirmem,
634 1327 774 1413 primum
792 1324 869 1411 quia
886 1325 997 1410 κηλεῖν
1011 1343 1079 1387 non
1096 1320 1137 1387 de
1154 1316 1301 1404 quolibet

188 1424 417 1510 tranquillandi
435 1427 534 1494 modo
555 1427 673 1494 dicitur
686 1429 738 1510 ¹¹)
762 1426 821 1492 sed
839 1426 906 1491 lere
928 1424 975 1489 sic
996 1434 1033 1489 ut
1053 1420 1187 1505 θέλγειν
1209 1420 1251 1486 de
1267 1417 1300 1483 vi

188 1525 374 1593 cantionum
400 1538 433 1594 et
458 1529 688 1596 veneficiorum
717 1542 750 1596 et
776 1523 941 1616 ἀκήλητος
961 1548 1028 1592 non
1049 1522 1230 1610 inquietum
1254 1521 1299 1586 si-

188 1628 322 1714 gnificat
342 1630 402 1695 sed
422 1630 656 1697 inexorabilem
677 1631 728 1696 vel
752 1626 979 1702 insanabilem,
1002 1623 1161 1712 ὁέςνηλας
1184 1620 1203 1693 ὁ
1226 1625 1301 1703 dre·

187 1727 401 1816 θεράπεντας
422 1730 500 1798 Soh.
512 1731 741 1799 Aesch.Eum.
754 1731 825 1796 789.
848 1740 916 1795 turn
936 1727 1033 1794 etiam
1055 1738 1190 1814 propter
1210 1727 1300 1812 aspi·

188 1829 346 1896 rationem
370 1832 537 1918 adjectivi3
565 1857 640 1901 nam
660 1833 789 1899 vocales
817 1821 977 1919 aspiratae
999 1827 1126 1894 elisioni
1148 1828 1303 1893 resistunt

189 1931 404 2017 pertinacius3
436 1934 631 2021 adjectivum
659 1935 768 2022 ipsum
795 1932 1003 1999 Herodianus
1030 1932 1073 1996 ad
1098 1931 1138 1996 Il.
1161 1933 1202 1998 V.
1228 1929 1300 1996 759.

189 2029 231 2099 ab
248 2028 332 2100 ἑκών
351 2037 484 2123 repetit,
507 2037 561 2103 elii
581 2059 654 2103 cum
676 2031 814 2114 ἆκαλός,
835 2028 959 2122 ἤκαλος
981 2042 1195 2120 componunt,
1217 2054 1302 2118 quae

189 2157 209 2201 a
233 2126 472 2222 significatione
500 2139 590 2207 verbi
621 2139 732 2226 κηλεῖν
759 2136 891 2223 longius
920 2134 1102 2202 discedunt
1127 2171 1165 2184 -
1186 2133 1303 2201 ‘liram

189 2238 323 2324 proprie
355 2238 477 2305 donum
505 2239 605 2319 δᾶνας
633 2238 832 2325 significare,
860 2238 1073 2324 vocalemque
1101 2237 1302 2304 extrinsecus

189 2335 324 2402 ascitam
343 2337 464 2405 habere
485 2339 729 2425 Wyttenbacbii
751 2340 863 2426 opinio
887 2340 949 2405 fuit
972 2340 1016 2406 ad
1036 2339 1125 2405 Plnt
1149 2339 1191 2405 de
1210 2338 1301 2405 Aue.

189 2435 285 2504 Poet.
305 2438 378 2504 228.
410 2437 567 2525 Epsilou,
590 2461 656 2524 quo
678 2438 777 2505 verba
797 2442 971 2527 praeterita
994 2453 1147 2528 tanquam
1168 2440 1303 2528 propria

190 2550 269 2605 nota
290 2539 542 2627 distinguuntru,
564 2542 698 2627 quando
721 2542 824 2608 omitti
844 2543 951 2629 possit
965 2542 1177 2610 Cnnmmatiei
1198 2541 1302 2609 nostri

190 2639 224 2705 in
242 2652 336 2727 parte
357 2640 533 2708 thematica
554 2641 684 2708 abunde
702 2642 931 2711 demonstrant
975 2644 1143 2711 Hionihil
1163 2644 1302 2731 amplius

191 2740 343 2827 adjiciam
370 2742 434 2808 nisi
463 2743 637 2831 scriptores
652 2745 804 2812 -incultos
831 2757 1006 2833 augmento
1031 2746 1176 2832 legitimo
1202 2768 1304 2834 saepe

191 2865 415 2931 superponere
442 2867 717 2934 supervacaneum
746 2846 933 2933 ἐπροέιαξα
961 2846 1129 2915 Theodos.
1158 2848 1303 2915 Gramm.

190 2944 244 3022 40,
256 2943 286 3009 8.
303 2944 482 3029 ἐκανέλαβε
497 2946 609 3015 Schol.
622 2948 657 3014 in
667 2948 768 3016 Dion.
781 2948 925 3017 Gramm.
937 2948 1010 3014 650.
1026 2946 1304 3038 παρεσννεβλήθι)

50 3113 58 3125 ,
192 3046 292 3126 Phot
315 3045 400 3115 cod.
423 3048 602 3119 CCXXII.
627 3051 700 3118 580.
731 3062 764 3118 et
792 3050 908 3116 similia
937 3073 956 3117 e
984 3049 1129 3117 faecibus
1159 3071 1303 3116 emarce-

192 3148 310 3216 scentis
334 3149 466 3238 linguae
489 3152 633 3220 collecte.
683 3154 727 3219 Et
753 3175 988 3239 nonnunquam
1011 3151 1106 3218 etiam
1127 3161 1304 3239 augmento

191 3252 363 3339 temporali
376 3255 581 3321 accumulant
594 3254 793 3340 syllabieum‚
810 3277 906 3340 quem
921 3255 1145 3341 pleonasmum
1156 3255 1303 3327 Homero

192 3352 258 3440 ipsi
281 3354 420 3421 obtrusit
440 3356 628 3423 Zenodotns
657 3378 718 3443 pro
739 3352 813 3437 οὐχὶ
830 3353 947 3435 μεθίει
968 3355 1007 3419 Π.
1025 3355 1104 3422 XV.
1128 3355 1199 3432 716.
1222 3355 1304 3422 scri-

192 3453 274 3520 bens
296 3449 354 3522 οὖν
378 3455 508 3538 ἐμεθίει
531 3458 621 3542 quod
642 3455 809 3523 cavillatur
827 3452 1015 3522 scholiastes
1034 3454 1080 3535 ιὸς
1096 3453 1132 3524 εἴ
1141 3481 1191 3535 τις
1212 3457 1305 3540 λέγοι

193 3550 392 3639 ἂμετεκάλει.
437 3555 513 3623 Ηοα
534 3548 643 3645 aptius
665 3555 849 3643 exemplum
876 3565 945 3623 erat
967 3555 1179 3639 ε’μεθιόδινσε
1199 3557 1303 3644 Diog.

191 3655 254 3724 La.
276 3653 373 3726 vm.
396 3655 447 3722 82.
492 3657 543 3724 Illi
566 3659 717 3728 convenit
739 3657 829 3744 quod
848 3656 987 3725 Photiue
1010 3659 1125 3725 tradit:
1154 3662 1305 3747 μεθῆκεν

200 3790 524 3805 ——W——o-

262 3856 309 3928 ll)
321 3852 476 3928 Hesychius
488 3851 639 3928 Κηλνξιιιρα
656 3848 825 3926 ἡσυχᾶσιρια
836 3851 1008 3910 Hesiodeum
1026 3850 1201 3928 εὐκηλήτειρα
1218 3853 1306 3909 inter·

192 3941 298 4020 proteri
316 3941 429 3999 videtur
447 3943 524 4014 qnod
544 3940 572 3996 in
585 3942 649 3997 EM.
668 3940 767 3996 eodem
783 3940 868 3994 modo
888 3938 1053 4010 explicatur,
1072 3937 1102 3993 id
1119 3938 1305 4011 compositum

194 4049 256 4088 ease
273 4036 360 4086 ratus.
396 4027 522 4082 Verbum
539 4025 664 4097 ιύκηλιῖν
681 4044 737 4082 non
755 4023 858 4094 legitur
874 4023 928 4079 uisi
947 4024 1107 4096 copulatum
1127 4028 1307 4095 καιενκηλεῖν

194 4127 224 4175 et
239 4120 424 4193 παρευκηλεῑν
439 4112 629 4184 tranquillare.
666 4112 730 4168 Hoc
744 4110 823 4166 nullo
840 4112 925 4167 modo
938 4112 973 4165 de
987 4110 1130 4167 sirenibus
1142 4111 1199 4165 dici
1211 4116 1307 4183 potest

195 4205 247 4260 sed
264 4207 371 4274 κηλεῖν,
390 4204 466 4259 unde
486 4203 624 4270 Κηὶέαιηι
645 4194 773 4255 ιἰνιαιεών
792 4195 870 4251 Snid.
889 4203 918 4251 et
935 4194 1090 4266 Κηληδόνες
1107 4197 1305 4258 incantatrices

195 4289 324 4348 Sirenum
344 4300 373 4346 et
392 4291 509 4362 lyngum
528 4286 639 4345 similes.
