2736 4778
459 269 517 336 DE
538 266 741 336 APOOOPE.
785 267 820 335 G.
841 268 895 343 IV.
1186 269 1249 337 297

130 438 187 503 τοῦ
210 433 302 514 ἐντὸς
323 433 377 501 καὶ
400 432 494 513 ἀκτὰς
514 438 615 521 βῆναι
636 431 691 499 καὶ
714 431 752 498 τὸ
776 431 1002 518 προγενέσθαι
1017 429 1250 520 τοῦπρότερον

132 538 291 622 γενέσθαι
313 535 368 601 καὶ
390 537 427 601 τὸ
451 535 604 617 καθίζειν
624 539 684 601 τοῦ
706 531 795 601 κάνω
816 532 899 617 ἵζειν
921 539 990 615 eta,
1012 535 1063 601 cui
1074 537 1249 601 contranius

130 645 290 705 ostensor
312 656 429 719 eorum,
451 639 506 721 qui
527 635 843 720 praepositiones2ex
863 635 1024 702 vocabulis
1056 637 1248 719 longioribus

130 741 272 806 extitisse
295 745 433 806 censent.
459 777 494 788 —
519 739 558 805 In
580 739 616 805 Il.
638 738 701 805 VH
723 738 801 820 334,
824 738 879 805 ubi
905 755 988 804 nunc
1011 734 1174 828 ἀποπρό
1198 758 1249 805 re-

130 847 257 924 ceptum
278 848 336 922 est
370 843 465 909 schol.
487 843 595 923 uadit
616 841 782 908 nonnullos
803 836 945 929 o'cinpo
968 841 1133 922 scripsisse
1156 860 1249 923 prae·

129 945 284 1027 positione
304 963 363 1026 per
383 947 600 1028 pleonasmnm
634 943 757 1011 addim:
792 944 876 1022 τινὲς
908 944 946 1012 δὲ
978 950 1038 1012 τοῦ
1070 939 1248 1028 ἀπόπροθι

74 1053 79 1061 “
129 1041 309 1133 ἀποκοπὴν
330 1041 413 1114 αὐτὸ
430 1046 625 1130 νομίζουσιν.
652 1082 688 1094 -
712 1046 984 1129 Praepositionem
1004 1039 1109 1113 ὑπαί
1130 1045 1250 1128 Tyran-

128 1149 180 1214 nio
201 1149 393 1229 gravandam
407 1149 530 1216 tensuit
545 1143 726 1236 ἡγούμενος
747 1144 818 1215 ἀπὸ
840 1150 901 1216 κοῦ
923 1145 1058 1215 ὕπαιθα
1071 1140 1155 1215 εἶναι
1167 1149 1249 1215 κατὰ

129 1245 305 1328 πάθοςτὸ
328 1255 387 1338 τῆς
409 1247 587 1336 ἀποκοπῆς
616 1250 851 1318 3010111111
874 1249 910 1333 4,
943 1268 1047 1334 neque
1080 1251 1248 1317 dissentire

127 1351 253 1418 videtur
272 1352 375 1434 Epim.
397 1350 414 1415 I
436 1349 500 1415 418
521 1338 542 1437 ἦ
565 1346 653 1420 ὑπαί
673 1352 804 1437 λέγεται
825 1351 882 1419 καὶ
906 1345 984 1420 ἀνιυ
1016 1356 1075 1437 τῆς
1094 1357 1135 1423 οἱ
1168 1350 1246 1438 παρ’

125 1448 288 1538 Ἀλκμᾶνι.
333 1454 396 1520 Sed
417 1454 508 1519 illum
530 1454 719 1537 deprecatur
739 1454 954 1536 Herodianus,
986 1455 1151 1538 ipsamque
1172 1474 1246 1538 apo-

128 1574 229 1638 copen
249 1556 389 1622 excludit
409 1556 577 1622 &versitas
599 1557 739 1624 mesismi
761 1556 805 1641 [p.
828 1554 915 1642 244].

213 1657 525 1725 coniunctiones
557 1659 651 1725 huius
679 1659 836 1741 passionis
857 1650 986 1726 *minimo
1008 1664 1155 1742 expertes
1177 1676 1248 1745 esse

127 1761 310 1842 Apollonius
332 1759 522 1827 vociferatur
534 1758 607 1826 490.
624 1761 666 1826 20
688 1759 726 1827 τὸ
749 1764 828 1846 γοῦν
849 1759 896 1843 ,,ὅ
916 1785 975 1844 μοι
999 1763 1093 1849 μέρος,
1117 1761 1247 1844 ἔρχαται

127 1856 236 1951 ἀλλῃ“
270 1858 330 1928 οάκ
352 1854 394 1929 ἀν
428 1886 512 1929 ποια
549 1857 800 1949 ἀποδεξαίμην,
834 1859 926 1929 καθά
959 1886 1047 1941 τινες
1075 1856 1247 1951 ᾠήθησαν,

127 1958 258 2054 ἀρθρον
281 1961 353 2032 ἀντὶ
375 1964 556 2049 συνδέσμου
579 1966 827 2052 παριιλῆφθαι,
859 1963 987 2048 μᾶλλον
1010 1965 1048 2034 δὲ
1070 1960 1249 2055 ἀποκοπὴν

127 2059 213 2133 elme
239 2062 312 2134 ἀντὶ
334 2070 393 2133 τοῦ
417 2063 476 2132 ὅκα
522 2064 586 2133 Sed
606 2084 648 2131 ne
669 2066 780 2133 eodem
802 2066 1165 2135 modo-coniunctionem
1190 2069 1248 2136 du·

125 2167 291 2235 bitativam
313 2159 331 2254 ἦ
355 2186 395 2234 ex
416 2160 481 2256 ἦρα
503 2161 599 2258 (ἄρα)
621 2169 881 2253 concisamputet
901 2165 981 2238 ὡσοὶ
1005 2172 1099 2254 σῶμα
1120 2173 1177 2251 δῶ,
1200 2172 1247 2237 di·

125 2271 277 2337 versitate
298 2269 534 2354 significationis
555 2271 702 2353 impediri
724 2290 759 2338 se
781 2272 835 2338 ait
879 2271 983 2338 Huius
1004 2272 1143 2340 rationes
1176 2274 1246 2340 illu·

126 2372 240 2438 stravit
258 2371 410 2438 Lehrsius
433 2373 561 2452 Quaest
583 2372 636 2439 58.
678 2372 726 2440 Ac
748 2374 788 2439 de
815 2374 921 2456 priore
953 2375 1038 2457 quod
1070 2375 1161 2456 dicit,
1193 2376 1247 2443 diu

123 2491 182 2556 pro
203 2472 365 2555 explorato
387 2475 461 2542 fuit:
497 2475 535 2542 κό
559 2471 579 2541 δ’
607 2470 768 2564 ἀποκοπή
789 2479 850 2542 τοῦ
883 2472 935 2543 ὅτι
958 2476 1054 2543 schol.
1076 2463 1152 2545 It'l
1176 2478 1246 2560 120,

125 2574 183 2640 Od.
206 2574 256 2640 ΠΙ
280 2574 356 2657 146;
378 2578 436 2644 sed
457 2578 551 2645 hodie
571 2578 664 2658 iacet,
686 2596 790 2660 neque
804 2578 972 2661 quisquam
988 2579 1119 2648 dubium
1140 2580 1246 2661 habet

127 2678 376 2746 coniunctionem
398 2682 556 2747 causalem
579 2680 666 2746 etin
688 2678 810 2748 Graeco
836 2700 980 2750 sermone
1013 2687 1047 2749 et
1078 2683 1111 2748 in
1132 2683 1246 2750 Latino

123 2785 294 2863 nostroque
318 2779 508 2850 Germanico
530 2787 565 2849 et
585 2783 771 2864 aequalibus
792 2803 965 2866 pronomen
986 2786 1245 2852 esserelativum.

124 2881 172 2949 De
194 2883 295 2949 altero
318 2882 476 2950 disserere
498 2901 769 2965 supervacaneum
791 2892 849 2951 est.
875 2922 910 2933 -
938 2885 1028 2963 Quod
1043 2891 1154 2953 auctor
1165 2886 1244 2970 Syn·

123 3002 242 3067 agogas
264 2985 297 3050 in
318 2984 547 3054 neminem
565 2985 637 3052 353.
664 2985 703 3051 18
725 2988 892 3070 expromit:
916 2979 959 3053 el
981 2985 1019 3053 zi
1042 2979 1165 3074 ὄφελον
1187 3011 1243 3072 οη·

121 3084 232 3168 μαίνει
253 3081 322 3152 κατ’
349 3081 525 3173 ἀποκοπὴν
560 3094 621 3154 τοῦ
654 3084 734 3156 otta
769 3089 802 3155 in
823 3089 1108 3156 Proschematismo
1128 3110 1159 3174 p.
1183 3090 1245 3157 245

121 3188 261 3254 breviter
282 3189 462 3269 perstrinxi.
478 3226 510 3237 —
532 3189 580 3256 De
602 3191 752 3257 adverbio
774 3189 827 3267 il,
851 3192 935 3274 qnod
956 3191 1165 3273 Epicharmus
1187 3212 1244 3275 pro

123 3289 196 3357 λίαν
229 3292 373 3373 posuisse
405 3291 534 3371 dicitur,
568 3292 652 3359 idem
673 3293 757 3376 qnod
790 3295 830 3360 de
856 3293 1009 3360 consimili
1040 3292 1109 3380 βρί
1141 3298 1243 3379 suspi-

122 3398 212 3460 catus
233 3411 318 3473 sum,
341 3398 452 3474 poetas
473 3412 512 3459 ox
534 3390 693 3478 synthetis'
713 3391 894 3484 λιπόνρρος
915 3401 949 3462 et
968 3392 1135 3484 βριήπυος
1156 3417 1243 3466 occa·

122 3497 242 3561 sionem
265 3498 411 3576 captasse
432 3494 570 3579 fingendi
587 3498 749 3580 simplicia,
771 3504 887 3564 natura
908 3503 1015 3564 autem
1037 3505 1151 3566 neutra
1173 3521 1243 3568 esse

121 3596 348 3663 adiectivorum
368 3594 445 3681 βρίς
466 3604 499 3664 et
521 3597 588 3679 λίς,
615 3602 699 3682 quod
731 3601 759 3666 si
792 3618 864 3666 eum
886 3600 1083 3668 substantivo
1112 3601 1164 3683 λίς
1196 3605 1242 3667 leo

109 3698 354 3781 componimus,
393 3701 519 3781 proprie
560 3700 682 3787 sortem
720 3701 913 3786 significasse
947 3705 1080 3772 videtur.
1103 3706 1147 3790 [p.
1170 3706 1242 3787 292,

122 3819 188 3883 cap.
211 3800 282 3881 VII,
306 3799 622 3883 1200sq.‚Parell.
648 3803 732 3891 lan]
