2736 4778
133 366 199 435 tot
389 434 393 440 ,
514 360 793 431 DISSEBTATIO
825 360 897 429 vla

135 522 257 617 πέρυσιΙ
288 534 323 597 et
354 530 478 610 looaiia,
512 546 595 613 quae
621 527 742 612 syllaba
762 529 798 600 δὲ
819 525 1044 605 terminantur,
1078 542 1268 609 paragogen

132 639 209 715 apta
230 638 318 715 suut,
347 634 404 700 sed
425 634 552 699 minime
574 627 655 712 ὕψι,
685 623 774 715 ἄγχι,
800 646 860 697 nee
880 646 962 712 quae
983 630 1017 694 in
1038 631 1085 711 αἲξ
1108 630 1159 714 ὅῖ,
1181 631 1211 710 ἴε
1231 636 1268 698 ut

134 735 323 821 11111111),
347 729 483 814 ἄλλοσε,
505 734 649 818 χαμᾶζε,
671 751 775 816 neque
797 732 933 817 1111111
955 733 1130 800 secundam
1152 752 1265 816 perso-

133 857 207 907 nam
230 838 303 906 ἐσσί
324 840 365 906 ad
381 838 618 906 similitudinem
640 838 755 904 tertiae
778 834 867 904 ἐστίν
888 837 1049 920 redigeret
1069 837 1124 903 vel
1147 839 1265 905 tertiae

132 935 190 1031 ἦεν
222 943 357 1011 fulcrum
387 961 479 1009 suum
512 940 695 1007 detraheret
727 939 771 1024 [p.
797 935 858 1004 176
885 940 957 1006 adn.
979 938 1024 1025 2].
1086 939 1264 1024 Comperta

133 1051 240 1114 autom
263 1046 385 1113 Atticos
411 1051 446 1111 et
467 1045 640 1128 generatim
663 1042 801 1110 Graecos
823 1060 961 1109 consona
980 1045 1177 1128 paragogioa
1199 1045 1262 1114 ire·

134 1156 283 1234 quanter,
321 1150 379 1216 sed
399 1167 462 1215 non
483 1152 638 1231 perpetuo
659 1165 735 1213 usos
757 1165 841 1227 esse,
878 1147 988 1230 quovis
1020 1147 1054 1213 11
1075 1146 1148 1214 looo
1170 1148 1263 1217 libris

133 1253 309 1337 potioribus
332 1251 613 1336 obtemperandum
635 1258 698 1332 est,
725 1269 788 1317 non
810 1268 873 1334 quo
893 1250 941 1316 illi
961 1249 1097 1316 multum
1119 1254 1261 1321 auotmi·

127 1357 209 1424 <tana
230 1355 377 1437 habeant,
400 1356 457 1422 sed
478 1357 553 1439 quia
574 1356 656 1421 aliae
676 1355 817 1421 rationes
838 1354 879 1418 ad
900 1350 1109 1419 decidendum
1133 1355 1260 1424 desunt

133 1459 236 1538 Quum
258 1466 365 1526 autem
386 1458 622 1538 voeabulorum,
650 1459 684 1525 in
706 1457 821 1542 quibus
843 1457 987 1539 quaestio
1009 1454 1171 1541 versatur,
1197 1460 1261 1529 duo

131 1564 197 1630 sint
217 1580 344 1645 genera,
365 1579 463 1626 unum
483 1561 517 1627 in
539 1563 660 1645 epsilon
686 1566 720 1627 et
740 1561 806 1627 iota
827 1561 949 1646 emensi:
979 1559 1111 1642 ἔλεξεν,
1140 1567 1259 1643 πᾶσιν,

131 1666 268 1732 alterum
288 1664 353 1731 tria
373 1665 601 1747 pronominaiia
621 1666 677 1732 illa
698 1664 908 1747 complexum,
938 1664 978 1730 de
1000 1683 1062 1747 quo
1083 1667 1261 1735 novissime

132 1771 283 1850 diximus,
310 1786 374 1835 nou
395 1769 505 1834 eadem
528 1777 579 1836 est
599 1770 765 1852 utriusque
786 1768 931 1835 conditio.
976 1767 1043 1833 iliis
1065 1769 1153 1837 enim
1174 1790 1261 1855 qnae

132 1872 254 1939 amedit
274 1889 419 1954 oonsona,
442 1878 546 1940 certas
568 1872 666 1939 habet
686 1872 787 1956 leges,
815 1890 895 1955 quas
918 1892 1016 1957 supra
1037 1873 1259 1956 explicuimus.

131 1974 276 2042 aiterum
310 1993 424 2058 genus,
463 1976 547 2059 quod
568 1977 661 2060 longe
683 1977 803 2044 minore
830 1979 989 2058 pomoerio
1010 1974 1136 2058 1111111,
1168 1980 1261 2048 nullu

130 2078 320 2146 observabili
340 2080 410 2163 lege
430 2080 560 2163 regitur,
583 2080 640 2146 sed
661 2081 753 2147 modo
775 2084 849 2146 ante
871 2083 1087 2148 consonamvd
1110 2083 1260 2164 assumit,

130 2182 222 2249 modo
251 2188 325 2249 ante
346 2183 487 2250 vocalem
508 2184 645 2266 respuit,
678 2200 782 2275 neque
804 2183 977 2267 quidquam
998 2183 1136 2266 amplius
1159 2202 1259 2269 snper

127 2285 190 2354 baa
210 2287 418 2354 retonstitui
439 2292 559 2370 potest,
596 2286 658 2353 nisi
684 2286 938 2355 terminationem
963 2305 1077 2371 purum
1103 2287 1259 2374 frequen·

129 2390 243 2457 tiorum
265 2407 336 2457 esse
358 2397 410 2471 ea,
444 2409 526 2474 quae
547 2390 662 2457 Attidis
685 2382 782 2457 tribui
803 2390 892 2456 solet
936 2389 983 2457 Au
1008 2391 1037 2457 si
1063 2393 1258 2474 11111111-

14 2487 17 2491 ’
129 2494 213 2576 giam
240 2492 465 2561 adiectivorum
492 2495 703 2561 communium
734 2495 767 2560 in
797 2494 1036 2571 {feremdum
1063 2495 1257 2577 iudicantur,

128 2614 170 2679 ny
191 2614 254 2663 non
275 2600 474 2680 arcessitum,
498 2599 554 2665 sed
575 2599 738 2681 proprium
756 2598 961 2680 innatumque
983 2597 1166 2664 habendum
1191 2604 1257 2667 est:

128 2707 301 2783 τοσοῦτον,
324 2705 492 2783 τοιοῦτον,
527 2702 721 2789 τηλικοῦτον
742 2701 876 2784 perinde
908 2707 945 2767 ut
966 2696 1113 2787 ἀγαθόν,
1139 2699 1255 2770 κακόν.

130 2804 195 2871 Sed
216 2806 291 2888 quia
312 2806 444 2872 totidem
466 2806 627 2887 primitiva
655 2803 751 2887 αὐτό,
783 2811 898 2882 τοῦτο,
933 2805 1034 2875 datlen
1066 2806 1128 2873 hat
1160 2806 1257 2874 litera

129 2912 253 2988 carent,
287 2909 397 2975 eodem
418 2909 571 2977 inclinant
592 2912 766 2979 derivativa
792 2912 859 2991 iila,
898 2929 979 2994 quae
1007 2915 1081 2976 sunt
1108 2909 1256 2977 eiusdem

128 3013 268 3079 merismi
290 3013 521 3096 pronominairs.
639 3089 641 3093 y

613 3271 689 3354 Cap.
710 3272 768 3338 IIL

360 3486 363 3493 -
455 3430 513 3505 De
540 3423 659 3526 sigma
682 3430 937 3533 prostbetico,

214 3599 241 3682 ς.
268 3598 294 3664 1.
340 3598 448 3665 Trium
480 3599 644 3666 literarum
677 3597 817 3666 finalium
849 3599 954 3666 media
990 3604 1024 3666 et
1049 3601 1160 3682 paucis
1196 3603 1254 3670 ad·

127 3700 238 3766 stricta
260 3708 311 3767 est
331 3702 504 3769 vocabulis:
528 3701 603 3788 ἔαρ,
636 3704 723 3792 χείρ,
755 3697 830 3793 φώρ
854 3709 912 3769 eto.
934 3708 966 3768 et
989 3703 1173 3780 mutationis
1198 3725 1254 3773 ex·

126 3822 214 3885 pers3
248 3807 305 3872 sed
338 3788 378 3871 de
411 3807 522 3872 ultima
549 3808 674 3874 illarum
712 3827 807 3891 saepe
835 3806 989 3874 dubitatio
1022 3806 1151 3886 accidit,
1187 3811 1255 3876 utri

127 3909 260 3975 duarum
273 3907 472 3977 affectionum
495 3910 637 3994 subjecta
658 3913 708 3992 sit,
731 3912 913 3993 pleonasmo
935 3912 1100 3994 anellipsi.
1135 3909 1255 3980 Gram-

126 4013 259 4078 maticus
282 4013 314 4077 in
336 4016 437 4095 primo
459 4015 552 4099 hujus
575 4013 796 4097 disputationis
818 4015 950 4080 introitu
972 4015 1004 4080 iu
1015 4015 1154 4080 medium
1176 4035 1254 4099 pro·

212 4272 240 4335 1)
260 4268 408 4326 'evadato
433 4276 528 4328 vitione
554 4275 679 4340 seriptum
707 4281 748 4328 eat
772 4277 801 4326 in
827 4275 885 4329 eod.
913 4274 1025 4342 qnodsm
1051 4275 1149 4330 desub.
1177 4278 1257 4334 sain.

124 4359 191 4427 Lep.
209 4356 269 4412 358.
288 4357 340 4413 131)
356 4361 405 4413 Bk.
