2736 4778
140 331 216 404 loo
488 324 808 394 DISSERTATIO
836 326 902 393 111.

140 511 285 576 'l'zetzae
304 506 427 574 Anteh.
452 509 526 574 360.
549 510 606 594 qui
631 510 817 600 exemplum
842 511 958 576 sumsit
981 509 1024 576 ab
1045 507 1256 596 ἑβδόμαιος,

139 607 309 698 άγάόατος.
354 609 423 677 Sed
447 608 571 699 σιφλός
595 609 757 689 σιίιαλος,
789 607 945 696 στεγανός
970 611 1119 698 σσιγνάς,
1151 614 1255 680 satius

61 786 70 800 ι
138 713 234 778 luerit
266 711 477 777 diostalexiae
508 711 667 798 exemplis
695 712 855 797 adjicere,
885 713 963 799 qnia
991 735 1053 800 par
1082 714 1255 800 utriusque

138 812 383 890 terminationis,
403 834 506 901 purae
526 822 559 877 et
577 834 646 879 non
664 834 777 900 purae,
798 815 975 880 auctoritas
996 825 1030 881 et
1047 815 1163 881 eadem
1172 840 1254 904 pro-

124 916 256 1002 portio.
299 913 394 979 Idem
414 914 553 979 fortasse
575 914 750 980 dicendum
772 925 823 980 est
843 917 886 982 de
898 912 1034 994 Αἰανάς
1055 913 1151 996 αἰνός
1167 919 1253 985 Hes.

137 1014 256 1102 quibus
276 1016 487 1081 Hermannu's
513 1015 557 1080 ad
580 1016 637 1100 Aj.
658 1015 732 1081 657.
756 1039 859 1081 unum
884 1015 1030 1102 assignat
1052 1017 1253 1103 primitivum

136 1113 215 1184 niel.
265 1117 383 1199 Neque
408 1113 633 1202 improbabilis
656 1117 847 1182 Buttmanni
873 1117 1034 1183 sententia
1058 1115 1194 1202 κόμπος
1218 1131 1253 1186 et

92 1253 98 1258 ·
135 1216 281 1301 κόναβος
301 1217 390 1283 idem
412 1239 484 1283 esse
503 1216 739 1285 Lexilnaas.
754 1219 786 1305 ι)
825 1221 949 1287 Verum
965 1219 1062 1285 etiam
1076 1218 1252 1287 verborum

97 1396 102 1409 1
135 1315 286 1382 iacienda
317 1328 367 1384 est
397 1317 541 1384 mentio:
576 1316 766 1400 στασιάζειν
793 1315 1004 1406 Ἡρωδιανὸς
1037 1319 1252 1401 πλεονασμὸν

134 1418 223 1502 λέγει
244 1410 331 1486 εἶναι
353 1412 424 1486 άπὸ
447 1422 507 1486 τοῦ
530 1415 647 1499 στάσις
670 1419 752 1487 ΕΜ.
775 1421 852 1499 725,
876 1421 927 1486 10.
954 1420 1014 1487 sed
1039 1420 1175 1508 proprie
1197 1420 1251 1488 'sic

134 1519 244 1584 vocari
264 1541 332 1586 non
351 1530 478 1608 potest3
499 1542 575 1586 nam
593 1543 702 1606 neque
724 1521 890 1604 σσασίζοιν
908 1521 1027 1587 dicitur
1045 1542 1155 1608 neque
1174 1542 1249 1587 ver·

133 1617 222 1684 belia
239 1618 352 1706 βάσις,
376 1620 493 1710 φάσις,
516 1623 629 1701 θέσις,
652 1620 776 1707 κρίσις,
799 1621 907 1709 ράσις,
930 1618 1032 1706 φάσις
1055 1632 1116 1689 ete.
1140 1621 1250 1688 verbis

133 1721 300 1807 pariendis
335 1732 415 1810 apta
445 1732 541 1799 sunt3
577 1745 677 1807 quare
708 1719 900 1805 στασιάζειν
931 1723 978 1787 its
1009 1732 1047 1787 ut
1079 1722 1246 1805 θνσιάζω,

133 1818 349 1905 συνουσιάζω,
373 1821 579 1908 λκιλησιάζω
604 1833 665 1889 etc.
688 1824 783 1908 qnasi
806 1846 827 1888 a
849 1823 982 1889 nomine
1002 1823 1127 1891 οιασία
1148 1844 1246 1910 zepe-

133 1921 226 1987 titnm
253 1923 415 2015 videtur„
443 1923 638 2009 Eademque
668 1925 780 2011 opinio
810 1934 860 1990 est
890 1924 933 1989 de
964 1924 1088 1990 altero:
1119 1921 1158 1991 dt
1183 1928 1246 1990 voti

132 2019 290 2114 αὐθάδης
328 2023 454 2112 γίνεται
493 2020 670 2106 mentitu
711 2024 769 2091 καὶ
808 2027 1009 2112 πλεονασμῷ
1048 2020 1247 2106 αὐθαδιάζω

130 2123 241 2211 Epim.
261 2125 308 2192 11.
328 2126 403 2192 338.
423 2125 505 2192 ΕΜ.
547 2125 634 2192 Nam
660 2148 746 2211 quae
770 2125 811 2190 ab
838 2125 1006 2210 adjectivis
1032 2114 1135 2213 in's'p}
1159 2125 1246 2190 deri-

131 2236 205 2289 vata
225 2237 300 2291 sunt
320 2227 428 2304 verba,
447 2249 547 2292 unam
567 2225 691 2293 habent
711 2226 970 2292 tesminationem
985 2216 1059 2307 ι’ζό,
1082 2221 1245 2310 άληθίζω,

130 2325 318 2413 σαφηνίζω,
345 2321 516 2407 α’νιλεΐζω,
545 2321 721 2410 οάμονίζω·
749 2327 941 2393 dicataleeta
968 2348 1061 2404 vero,
1095 2349 1181 2412 quae
1210 2327 1245 2391 in

128 2425 314 2497 ΡιοΠ.481
339 2451 389 2514 sq.
414 2427 521 2506 attuli,
550 2438 697 2494 autnon
728 2429 807 2494 satis
833 2428 958 2493 firmata
983 2437 1039 2492 aut
1063 2449 1084 2492 a
1108 2428 1245 2494 diversis

129 2527 279 2595 thematis
303 2530 450 2617 proiecte
472 2539 557 2594 sunt.
1256 2541 1257 2544 ’

214 2635 239 2716 ξ.
262 2633 293 2696 2.
336 2633 482 2698 Dem
408 2629 599 2728 compositis
616 2628 856 2709 dubitatum&
818 2623 1013 2713 ἓξαέιης’
975 2650 1036 2694 ουκ
1051 2623 1122 2694 ἐστι
1141 2629 1245 2696 πλεο·

129 2732 274 2848 νασμός·
305 2733 347 2799 τά
377 2729 426 2810 οἷς
454 2757 486 2810 ις
515 2727 771 2849 dntdpp'pow‘
755 2755 789 2795 εν
816 2733 857 2816 τῇ
877 2726 1035 2796 συνθέσει
1056 2723 1245 2811 ἀποβάλλει

129 2832 167 2898 τὸ
191 2855 254 2908 κις,
277 2826 484 2921 ἑπτάμηνος,
504 2828 720 2952 νετράμηνος·
740 2827 845 2908 οὕτως
861 2822 918 2895 οὖν
934 2824 1046 2908 ἑξάκις
1062 2824 1243 2908 ἓξάκλινος,

129 2929 286 3016 ἕξαέτης·
326 2928 536 3017 Ηρωάιανάς
565 2932 645 3014 περὶ
676 2935 803 2999 παθῶν
833 2929 914 2996 ΕΜ.
947 2928 1027 3006 346,
1059 2931 1111 2995 33.
1166 2931 1243 2996 Hoc

129 3055 292 3120 syncopae
309 3032 458 3098 auxilio
443 3057 513 3119 Jsm
533 3044 607 3098 ante
624 3034 723 3120 paulo
738 3030 911 3119 repudiato
933 3030 1069 3097 inDiss.
1080 3032 1127 3097 Π.
1141 3032 1182 3097 Ρ.
1195 3032 1242 3097 ll.

128 3159 156 3204 c.
180 3138 209 3201 1.
235 3140 261 3222 d.
279 3138 309 3201 3.
334 3136 377 3201 ad
399 3136 625 3221 pleonasmum
647 3134 880 3220 compellimur,
904 3155 969 3217 quo
993 3133 1055 3198 soli
1078 3132 1244 3198 abstinent

125 3238 229 3304 Attici
250 3259 457 3302 numerorum
478 3236 673 3322 simplicium
694 3236 829 3301 formum
857 3236 892 3300 in
923 3234 1067 3320 synthesi
1089 3236 1242 3321 religiose

128 3349 293 3406 servantes
319 3335 529 3421 ἓξμέάιμνος,
560 3332 750 3422 ὀκοιόμηνος
778 3349 840 3402 ete.
883 3336 993 3403 Ceteri
1014 3337 1159 3402 vocalem
1179 3360 1241 3402 no·

126 3442 249 3506 minum
275 3461 360 3525 quae
386 3438 420 3503 in
449 3427 479 3517 ε’,
503 3426 574 3517 ι’,ὧ
602 3448 721 3501 exeunt
752 3439 923 3524 parilitatis
954 3460 1054 3505 eausa
1080 3439 1114 3503 in
1143 3438 1243 3525 alpha

126 3552 269 3618 mutant,
291 3562 356 3627 quo
379 3541 535 3627 pleraque
558 3537 667 3604 omnia
694 3539 865 3619 finiuntur,
896 3542 1119 3627 πενιάμηνος,
1152 3536 1242 3606 εἶκο-

127 3643 294 3719 σάκλινος,
323 3637 523 3726 ιλνιάιιηνος,
555 3641 757 3727 eandemque
784 3642 928 3707 vocalem
950 3641 1079 3706 duobus
1102 3642 1136 3704 in
1158 3663 1241 3706 con·

126 3765 240 3808 sonam
257 3740 449 3806 exeuntibus
470 3741 669 3807 extrinsecus
686 3742 842 3827 adjiciunt
864 3739 1026 3830 ἑξάμηνος
1044 3752 1077 3806 et
1098 3739 1239 3819 ἑνάενος,

194 3929 223 3996 5)
244 3928 322 3980 Idem
341 3933 385 3980 cst
403 3923 529 4000 Κοναράς
547 3921 683 3999 arimaspis
704 3930 778 3979 πίων
794 3925 863 3980 Hes.
884 3936 912 3979 et
930 3922 1058 3997 Χάνάρος
1079 3923 1169 3995 παχάς
1191 3922 1241 3986 dic

124 4014 204 4069 Suid.
218 4015 295 4084 quod
311 4012 368 4066 sive
382 4012 584 4066 substantivum
600 4019 643 4065 est
658 4010 714 4064 sive
728 4011 906 4080 adjectivum,
920 4012 980 4066 actii
992 4011 1076 4081 jubet
1088 4009 1237 4066 Arcadius.

123 4100 301 4169 Adiectivum
325 4099 434 4154 acuitur
454 4098 539 4152 Arist.
562 4096 656 4151 Probl.
676 4096 757 4149 XXI.
777 4100 802 4148 o.
828 4098 936 4150 Anecd.
958 4097 1048 4152 Bekk.
1072 4097 1145 4148 1287.
1172 4098 1238 4149 sub-

124 4185 273 4239 stantivum
293 4185 405 4256 saepius
424 4192 557 4253 gravatur
579 4201 604 4235 v.
623 4181 738 4236 Jacobs.
760 4182 879 4236 animm.
899 4185 936 4237 ad
954 4183 1049 4237 Auell.
1068 4182 1101 4236 T.
1120 4182 1157 4237 II.
1179 4183 1237 4244 1¹3.

124 4271 218 4325 Elmsl.
239 4274 275 4325 ad
293 4272 413 4324 Acharn.
435 4271 493 4321 526.
