2736 4778
177 357 242 425 DE
262 356 390 425 ALIIS
414 354 651 424 SYNCOPAE
670 354 945 424 GENERIBUS.
967 355 1007 424 C.
1015 357 1061 422 11.
1074 359 1136 443 §.3.
1165 361 1239 434 397

129 542 236 607 datum
264 563 348 608 esse.
402 540 457 606 De
489 539 591 603 altero
619 537 764 624 loquitur
795 537 907 605 Sebol.
931 540 971 604 B.
995 540 1037 603 ad
1055 539 1095 606 11.
1116 541 1144 607 1.
1166 543 1238 609 148.

126 641 164 709 τδ
179 639 337 728 ὑποδρόξ
360 636 538 724 ἇποβαλδν
559 636 597 704 τό
612 625 829 723 {erectuans
849 637 907 706 τὸν
922 637 1018 705 τόνον
1038 634 1082 717 ὡς
1098 635 1241 731 ἀνυστής

125 739 260 832 δνόττγς,
292 740 482 826 δεσποστής
512 737 688 827 δεσπότης.
739 743 787 804 At
815 761 893 804 vero
918 739 1118 826 Apollonius
1146 742 1242 808 docet

123 842 198 908 548.
219 838 356 929 ὑπόδρα
379 862 399 905 a
419 839 518 906 verbo
541 841 650 927 priseo
671 840 769 928 δρᾷν,
784 841 933 906 'alterum
955 863 976 906 a
997 842 1133 924 δρακεῖν
1154 842 1240 908 deri·

123 955 235 1008 vatum
257 964 329 1008 esse
352 953 487 1008 accentu
508 963 548 1007 eo
570 963 636 1027 quo
659 950 766 1007 cetera
788 942 942 1008 adverbia
969 942 1004 1007 in
1029 930 1067 1022 E]
1091 939 1241 1024 ἐναλλάξ,

123 1038 286 1122 ὖπαντόξ.
328 1043 419 1130 Ergo
442 1042 494 1108 bie
516 1064 649 1128 quoque
671 1042 881 1121 anabibasmi‚
905 1044 962 1129 qui
985 1043 1119 1121 dicium,
1142 1065 1243 1110 causa

125 1165 195 1209 non
221 1142 256 1207 in
282 1165 431 1232 apocope
463 1144 573 1232 posita
599 1154 649 1209 est
675 1144 795 1211 sedin
823 1145 1037 1230 synecdrome
1067 1166 1241 1231 apocopen

124 1243 355 1330 subsequente.
408 1246 520 1312 Nihilo
555 1245 697 1311 firmiora
729 1256 807 1311 sunt
837 1267 924 1331 quae
955 1244 997 1310 de
1025 1245 1240 1330 ellipticarum

123 1343 332 1411 affectionum
353 1347 447 1413 tertia
467 1347 714 1435 praedicantur:
744 1343 780 1414 ui
808 1345 976 1432 συγκοπαὶ
998 1340 1239 1432 ἀναβιβάζουσι

123 1445 200 1522 τοὺς
229 1445 361 1527 τόνους,
388 1440 565 1515 latonae
592 1443 753 1524 όπισδεν,
784 1441 982 1532 δμόπατρος
1007 1439 1173 1533 όπατρος·
1200 1447 1237 1515 τό

124 1546 161 1613 δὲ
183 1544 313 1630 πατρός
337 1548 394 1615 καὶ
420 1545 541 1634 ἀνδρός
569 1547 626 1613 καὶ
646 1545 774 1635 μητρός
799 1545 1007 1632 συγκοπέντα
1030 1540 1241 1634 ἠκολούθησε

122 1649 170 1732 τῷ
190 1651 376 1735 χαρακτῆρι
402 1653 469 1713 τῶν
492 1644 701 1732 δισυλλάβων
722 1651 856 1734 γενικῶν
876 1648 955 1712 Arc.
980 1646 1052 1711 129.
1084 1640 1153 1712 cinci
1181 1651 1241 1714 τοῦ

122 1748 294 1834 θυγατέρα
323 1748 435 1833 γέγονα
461 1746 616 1835 θύγατρα
644 1742 690 1826 ὡς
719 1745 899 1836 Δήμητρα·
933 1745 968 1815 ui
987 1747 1050 1833 γὰρ
1073 1747 1241 1833 συγκοπαὶ

123 1841 395 1931 ἂναβιβόζουσιν,
440 1840 601 1926 dumea,
643 1846 790 1927 ἔξαιτος,
826 1841 1039 1936 όπατροςΗ)
1073 1847 1239 1915 Choerob.

124 1946 205 2014 Can
237 1948 312 2013 420.
346 1960 380 2014 et
408 1948 481 2015 836.
514 1944 707 2034 δεόδμιγτος
739 1949 775 2016 &a
809 1955 871 2015 τοῦ
908 1951 1117 2038 δεοδόμητος
1155 1951 1241 2018 κατὰ

122 2048 294 2135 συγκοπήν
318 2041 379 2115 ’τοῦ
406 2047 504 2116 τόνου
526 2049 616 2117 Gud.
642 2050 722 2127 258,
748 2050 801 2115 24.
843 2050 908 2115 His
928 2043 1034 2135 όρσας
1056 2050 1187 2116 additur
1207 2051 1242 2115 in

121 2150 203 2215 ΕΜ.
220 2149 295 2227 457,
316 2149 369 2215 25.
391 2151 501 2237 Epim.
526 2152 554 2217 1.
580 2150 650 2216 199.
674 2150 751 2218 Sch.
773 2153 812 2216 Β.
829 2152 869 2216 11.
892 2152 920 2215 Ι.
940 2151 991 2216 13.
1035 2151 1158 2218 Verum
1177 2151 1241 2217 boc

123 2251 321 2339 primitivum
343 2259 408 2328 est,
431 2246 622 2339 διόδμιγτος
642 2273 730 2329 vero,
751 2261 788 2315 ut
813 2274 913 2338 supra
936 2251 1014 2329 dixi,
1036 2272 1056 2315 a
1077 2251 1240 2338 primitivo

124 2354 293 2439 δέδμιμιαι
312 2352 497 2416 traductum
504 2376 513 2428 3
545 2348 677 2430 ἔξαιτος
705 2375 746 2417 ex
775 2350 944 2438 ἐξαίρετος
972 2352 1140 2418 concisum
1168 2376 1241 2419 csse

122 2451 314 2538 neutiquam
338 2463 484 2531 constat,
506 2447 704 2538 δμόπατρος
725 2465 758 2519 et
775 2448 951 2521 όπίσωθεν
977 2463 1110 2519 auctora
1130 2466 1242 2519 carent

123 2576 232 2640 neque
254 2553 336 2640 fingi
360 2576 445 2641 opus
468 2563 527 2618 est.
571 2552 640 2619 Sed
662 2565 814 2640 poterant
835 2555 961 2619 usitatis
982 2554 1030 2618 uti
1050 2551 1239 2642 χτρόνιγσος,

123 2649 307 2740 όινόβατος,
331 2650 529 2740 παρόμοιος
544 2652 617 2739 sive
637 2651 892 2740 παραμόνιμος,
919 2655 1057 2741 aliisque
1080 2676 1240 2741 propare-

92 2756 255 2845 nytonis
284 2777 369 2842 quae
399 2754 426 2819 si
455 2753 613 2839 syllabam
640 2742 807 2833 amittunt,
835 2779 947 2822 narsus
973 2766 1242 2844 proparoxytona

122 2858 206 2922 fiunt
226 2866 363 2922 accentu
385 2878 444 2921 sua
462 2866 580 2941 sponte
601 2856 636 2919 in
653 2857 836 2943 proximam
853 2859 1113 2924 antecedentium
1134 2870 1240 2939 trans·

123 2969 231 3024 eunte.
265 2958 355 3023 Hinc
372 2959 518 3043 sequitur
535 2957 658 3022 nummi
674 2979 794 3022 nomen
812 2954 1059 3043 τετράδραχμον
1071 2959 1241 3024 deficiente

124 3059 250 3146 syllaba
279 3060 374 3124 tertia
402 3060 449 3124 sic
479 3057 577 3123 scribi
612 3068 764 3143 oportere
798 3068 835 3119 ut
860 3057 1053 3123 Eustathius
1081 3059 1241 3144 praecipit

126 3162 219 3240 1398,
253 3160 303 3226 16.
334 3159 521 3244 τετράπεζα
550 3157 607 3223 καὶ
634 3160 787 3243 συγκοπῇ
816 3152 861 3222 δι’
891 3152 1061 3245 εὐφωνίαν
1089 3155 1241 3242 τράπεζα

124 3260 237 3350 ιδ’ςπερ
266 3261 325 3327 καὶ
349 3258 598 3347 τετράδραχμον
627 3257 810 3342 τὲτραχμαν
842 3256 927 3323 κατὰ
956 3255 1034 3333 τοὺς
1061 3257 1240 3336 παλαιούς.

125 3364 276 3447 Quorum
307 3385 327 3426 a
348 3360 477 3448 judicio
505 3357 624 3444 injuria
652 3355 805 3422 desciscit
828 3357 908 3423 EM.
938 3357 1014 3435 754,
1038 3358 1091 3423 40.
1119 3356 1157 3425 τό
1186 3383 1240 3425 τε·

122 3468 267 3550 τρᾶχμον
288 3457 326 3529 οδ
350 3459 488 3528 δύναται
510 3456 594 3526 κατὰ
614 3456 785 3544 συγκοπὴν
805 3460 963 3544 γενέσθαι
984 3455 1042 3525 διὰ
1056 3459 1115 3525 τὸν
1129 3455 1240 3525 τόνον.

123 3560 155 3631 εἰ
178 3565 243 3651 γὰρ
265 3560 415 3648 συγκοπὴ
438 3561 583 3645 γένοιτο,
607 3553 801 3654 παράλογος
817 3552 836 3624 ὃ
850 3555 956 3634 τόνος.
981 3550 1093 3626 ’Ἔστιν
1110 3552 1168 3629 οὖν
1185 3586 1240 3628 το-

123 3663 334 3749 τράδραχμον
357 3662 414 3726 καὶ
437 3652 591 3747 ἀποβολῇ
615 3663 673 3724 τοῦ
696 3662 736 3745 δρ
758 3653 964 3742 τετρόαχμον
987 3657 1046 3725 καὶ
1070 3665 1241 3748 περισπᾶ-

122 3791 179 3831 ται
200 3786 231 3828 v.
254 3765 279 3847 ξ.
303 3763 331 3826 1.
375 3761 452 3828 Non
475 3760 560 3825 enim
584 3761 684 3836 duae,
706 3781 787 3844 quas
809 3757 862 3823 hic
886 3758 981 3838 dicit,
1010 3759 1123 3827 literae
1152 3762 1240 3828 exci-

125 3867 243 3931 derunt
265 3865 324 3930 sed
345 3875 410 3928 tres
429 3848 498 3948 δ’ρα
521 3883 625 3947 eaque
647 3859 791 3948 perfecta
807 3870 857 3925 est
875 3883 1021 3947 syncope
1039 3861 1241 3927 anabibasmi

125 3965 282 4032 effectrix.
334 3965 620 4049 Paroxytonorum
655 3973 825 4028 accentum
861 3963 980 4027 retrahi
1017 3971 1147 4026 sumunt
1185 3959 1239 4044 qui

124 4072 217 4154 μῆρα
241 4089 282 4132 ex
300 4064 406 4153 μιγρία
428 4063 595 4131 concisum
616 4062 826 4140 arbitrantur3
847 4087 908 4127 nos
931 4063 994 4127 hoc
1012 4075 1046 4125 et
1062 4060 1177 4125 similia
1197 4061 1241 4125 ad

125 4211 460 4226 W

198 4286 244 4352 ll)
261 4284 325 4338 Hoc
343 4284 538 4355 reponendum
556 4281 813 4345 estCan.127,13.
831 4297 883 4349 pro
901 4273 1078 4350 όμοπότριος.
