2736 4778
171 363 247 438 tto
437 306 787 426 ’περικατέατο
815 358 863 424 τι.
906 359 950 426 Ρ.
967 359 998 425 1.
1035 388 1039 401 ·

174 545 261 615 Cum
275 544 392 631 γραῦς,
408 547 509 628 γραῖα
529 552 716 630 congruunt
733 544 920 630 gemmea
935 543 1029 612 creo
1050 552 1085 608 et
1097 562 1197 628 orote,
1220 566 1296 610 cum

174 641 309 735 γεραιός
330 665 409 710 vero
435 643 542 731 γέρων
570 656 603 710 et
626 646 737 732 γέρας,
764 645 854 712 unde
880 640 1000 732 γρννός
1020 645 1144 711 diotum
1164 645 1296 712 volunt:

174 743 310 836 γραννοί
334 739 356 834 ἢ
381 744 497 831 γραναλ
521 744 566 815 τὰ
592 748 660 812 τῶν
685 742 896 832 γερανιλρόων
917 742 999 827 ξύλα
1026 741 1074 823 ὥς
1092 744 1133 813 τὸ
1157 748 1298 832 γέροντα

173 846 311 936 ydoneo·
336 845 484 915 κλίνεται
507 846 643 933 γέρανος
664 842 826 934 γρννόςῖ)
849 847 930 915 ΕΜ.
952 848 1033 926 241,
1055 848 1108 914 57.
1133 868 1218 933 quoe
1238 869 1299 912 sn·

174 948 286 1037 spiccr
311 947 359 1012 ite
386 945 574 1034 supplenda
600 969 691 1013 esse:
717 945 777 1014 τὸν
796 949 935 1035 γέροντα
959 950 1079 1036 γέρννα
1100 949 1203 1037 φασὶν
1224 941 1299 1016 ἀπὸ

173 1055 233 1118 ταῦ
255 1047 371 1137 γέρνν·
399 1053 498 1116 τοῦτο
525 1045 672 1115 κλλνεται
698 1048 797 1134 γέρνν
825 1049 959 1135 γέρανος
983 1048 1041 1117 καὶ
1067 1043 1248 1136 μετάγεται
1275 1044 1296 1137 ἡ

175 1150 285 1240 γενικὴ
315 1143 366 1226 εἷς
394 1141 577 1215 editiori
607 1147 743 1235 γέρανος
770 1148 828 1216 καὶ
855 1153 1010 1238 σιιγκαπῇ
1037 1146 1170 1235 γρννός,
1204 1150 1297 1235 quod

174 1273 297 1318 nomen
319 1246 622 1336 8ολτο1.Ινγαορ1ιτ.
645 1247 697 1313 86.
724 1270 784 1335 per
810 1243 914 1326 δαλός
939 1249 1096 1335 explicat,
1124 1249 1297 1316 titionibus

177 1363 288 1421 eutem
317 1359 546 1438 comparentur
571 1349 727 1435 vetuli⁸).
772 1349 841 1417 Sed
866 1371 1012 1437 pergem.
1046 1347 1099 1418 At
1125 1345 1298 1429 Πλειάδες

176 1456 328 1541 λέγονται
349 1453 494 1519 Πέλειαι
516 1449 574 1518 καὶ
594 1448 779 1529 Πελειάδες
799 1450 922 1516 Athen.
944 1450 1011 1516 XI.
1032 1451 1106 1517 490.
1128 1453 1169 1519 E.
1193 1453 1296 1538 idque

177 1556 347 1624 confirmet
373 1563 544 1640 poetarum
570 1550 779 1629 testimoniis,
809 1551 867 1636 qui
892 1551 1035 1617 tabulam
1058 1553 1148 1618 illum
1172 1553 1214 1620 de
1237 1575 1296 1620 oo·

176 1656 295 1724 lumbis
317 1652 413 1722 Jovis
437 1650 618 1717 nutricibus
641 1653 852 1737 postmodum
876 1653 911 1718 in
936 1654 1064 1719 coelum
1092 1654 1228 1720 sublatis
1253 1677 1296 1720 ex

179 1756 390 1825 similitudine
407 1752 594 1840 appellativi
610 1752 744 1817 finxisse
757 1753 923 1830 videntur3
942 1755 1002 1838 sed
1019 1754 1101 1821 hoec
1116 1755 1296 1822 similitudo

177 1858 311 1926 fortuite
338 1864 398 1920 est.
448 1854 534 1919 Nem
557 1851 734 1919 »columboe
764 1877 832 1920 non
860 1853 1020 1934 πλειάδες
1051 1867 1208 1922 vocentur
1235 1859 1298 1924 sed

177 1954 354 2035 πελειάδες
370 1955 422 2019 vel
439 1955 575 2022 πέλειαι
596 1953 693 2042 παρὰ
713 1952 751 2021 τὰ
774 1954 899 2021 πελλόν
916 1954 1005 2022 Gud.
1016 1957 1090 2035 458,
1102 1957 1154 2024 25.
1173 1958 1296 2024 Perell.

177 2061 251 2128 347.
271 2055 425 2144 vergiliae
446 2064 555 2120 eutem
574 2047 644 2123 dud
666 2059 729 2122 τοῦ
750 2056 857 2134 πλεῖν,
879 2053 935 2122 ὅτι
953 2055 1115 2144 χρήσιμοί
1134 2053 1203 2126 εἰσι
1222 2064 1297 2137 ταῖς

177 2162 331 2228 πλέουσι.
374 2158 453 2225 Jam
474 2167 511 2222 ut
532 2155 575 2220 ad
597 2155 750 2239 synthetc
772 2155 915 2232 venium,
942 2157 1083 2242 primum
1102 2157 1297 2224 Euststliius

179 2260 257 2338 ⁷10,
279 2259 332 2324 50.
355 2256 485 2322 dubitet
509 2266 617 2321 utrum
640 2249 873 2344 έρθόκραιρας
896 2256 985 2322 idem
1008 2259 1052 2323 sit
1074 2260 1164 2345 quod
1185 2255 1296 2346 loco-

179 2361 327 2450 νέφαλος
347 2381 390 2423 sn
411 2351 642 2442 dodonienses
668 2355 848 2440 significet,
874 2379 913 2422 ec
935 2358 964 2423 si
989 2381 1058 2424 rem
1084 2361 1217 2428 alonte
1242 2383 1297 2427 re·

178 2461 330 2551 petimus,
351 2458 466 2543 utique
483 2479 551 2522 non
572 2455 708 2520 multum
726 2456 876 2534 interest3
894 2481 970 2524 nem
991 2458 1091 2546 κάρα,
1115 2468 1241 2550 κραῐρα
1262 2474 1298 2527 et

178 2566 279 2648 κέρας
306 2561 453 2646 ejusdem
476 2557 616 2624 familiae
642 2568 718 2622 sunt
726 2582 736 2634 ;
767 2559 827 2624 sed
852 2559 880 2624 si
902 2560 1030 2626 comuti
1055 2556 1295 2651 ὄρθόκραιροι,

178 2661 408 2746 τανὺκραιραι,
431 2653 604 2744 εὕκραιροι
620 2669 787 2737 vocentur,
808 2662 944 2746 propius
962 2671 1013 2725 est
1028 2662 1129 2748 κέρας
1145 2673 1178 2728 et
1192 2663 1297 2749 signi-

178 2765 312 2828 ficanter
340 2758 504 2845 Agathiue
535 2759 570 2822 in
598 2761 715 2847 Epigr.
748 2758 912 2848 δικραίρῳ
946 2762 1086 2848 opponit
1119 2765 1295 2847 δικέρωτα,

58 2915 61 2925 ,
180 2885 345 2949 quumque
369 2860 467 2946 κέρας
490 2861 531 2925 de
553 2862 641 2926 omni
667 2860 815 2927 acumine
838 2861 972 2940 dicutur,
999 2862 1096 2928 etism
1116 2885 1216 2931 neves
1239 2861 1297 2932 εὖ·

177 2965 337 3053 κραίρους
359 2973 392 3029 et
411 2958 662 3048 ὀρθακραέραυς
680 2973 813 3029 vocstss
836 2983 909 3027 esse
930 2986 998 3029 non
1018 2964 1182 3030 mimmiu.
1227 2971 1294 3032 Ile·

178 3065 327 3154 ράςβολα
350 3076 383 3130 et
404 3061 572 3149 κράςβρλα
589 3063 776 3148 Hesychius
795 3085 861 3128 uno
879 3065 979 3129 modo
1001 3065 1145 3152 explicet
1163 3061 1197 3132 oi
1214 3067 1297 3149 περὶ

176 3167 219 3235 τὰ
242 3168 367 3252 κέρατα
389 3164 551 3247 κόλλαβοι
572 3163 773 3247 δερμάτινοι.
805 3165 1016 3231 Zenodotene
1037 3167 1214 3252 scriptume
1231 3188 1294 3245 με·

177 3265 251 3356 λίην
280 3263 465 3334 ἰθυκτίωνα
496 3262 706 3328 Aristarchus
733 3267 889 3350 praetulit
921 3263 1115 3335 ἰθυπτίωνα
1148 3264 1212 3330 hcc
1244 3275 1298 3329 est

178 3364 238 3434 232)
257 3365 442 3450 πετομένην
457 3364 525 3441 vel,
541 3373 580 3428 ut
597 3386 663 3428 uno
680 3363 780 3430 verbo
797 3367 945 3444 reddum,
963 3365 1144 3455 λθυπτῆνα.
1176 3367 1297 3453 Rejicit

177 3599 229 3652 sed
247 3614 264 3650 ι
282 3602 368 3670 γρηῦς
386 3595 541 3653 derivuum
559 3605 591 3653 ut
611 3594 693 3666 νήτας.
728 3596 780 3653 lile
799 3598 847 3671 qui
866 3607 950 3672 γραῖα
970 3619 1145 3673 paronymou
1164 3618 1225 3656 esse
1245 3618 1296 3656 ne-

177 3682 256 3752 garit
272 3700 298 3736 ν.
311 3684 410 3738 Lehrs.
427 3685 463 3738 nd
474 3684 583 3739 Herod.
599 3685 658 3737 352.
675 3691 723 3738 sut
739 3702 792 3756 pro
806 3684 946 3756 primitivo
962 3686 1061 3741 habuit
1077 3694 1139 3752 tut,
1159 3693 1191 3741 ut
1206 3687 1296 3753 multi,

176 3769 214 3823 ed
232 3768 349 3822 verbum
367 3771 436 3842 ῥαίιι
454 3768 550 3824 retulit
567 3777 596 3826 et
616 3786 731 3840 comper
747 3775 816 3839 γαῖα
834 3773 872 3825 ed
891 3777 971 3841 γαλω.

246 3863 274 3930 l)
294 3859 363 3915 Trio
382 3860 480 3914 ultimo
499 3863 585 3917 verbo
605 3862 785 3932 negligenter
805 3862 897 3917 omisit
917 3864 1094 3920 Goissordus.
1132 3870 1223 3939 Γέρνν
1241 3883 1295 3938 pro

175 3952 269 4023 γέρων
286 3949 407 4004 fortusse
427 3944 565 4002 aeolicum
583 3954 628 4000 est
644 3955 677 4000 ut
692 3952 788 4003 τένιαν
804 3948 908 4004 Persii.
923 3952 984 4005 200.

245 4042 276 4111 8)
293 4035 376 4097 Arctoi
395 4037 411 4109 ἦ
431 4036 560 4112 inscitae
574 4040 645 4094 Hes.
658 4057 684 4094 v.
699 4040 816 4096 Jacobs.
829 4042 950 4098 Animm.
962 4047 1000 4097 sd
1012 4043 1108 4098 Auell.
1123 4042 1159 4097 T.
1173 4043 1197 4096 Ι.
1209 4062 1237 4114 p.
1250 4045 1293 4099 td.

176 4133 207 4180 et
218 4129 256 4182 Il.
266 4131 327 4184 281.
340 4127 390 4183 ubi
404 4124 578 4182 Artemidori
594 4126 681 4179 verbs
699 4128 767 4198 δρῦς
781 4129 865 4198 δηλοῖ
879 4127 928 4184 τὸν
944 4124 1100 4202 πρεσβύτην
1117 4137 1147 4183 et
1164 4127 1296 4183 similiter

176 4212 310 4267 translat·
328 4215 451 4280 oensem
472 4209 592 4266 vicissim
609 4229 711 4266 nomen
727 4221 813 4283 γραῖα
830 4213 986 4269 traducitur
1005 4216 1043 4268 ed
1060 4214 1178 4268 frutices
1198 4213 1294 4268 sridss

177 4302 207 4349 et
222 4297 385 4364 retorridus,
400 4303 487 4369 rosto
503 4299 594 4371 λρείνη
610 4305 665 4352 etc.
684 4303 776 4374 γέρων
789 4299 882 4374 γλρννὸς
899 4300 1034 4356 Proverb.
1048 4301 1123 4373 App.
1136 4301 1161 4355 1.
1177 4301 1220 4355 72.
