2736 4778
136 336 202 406 DE
223 334 490 405 PROSTHESI
512 328 574 402 ET
596 330 858 405 APHAERESI.
883 333 980 404 ΕΠ.
1004 337 1029 423 ξ.
1043 335 1071 400 1.
1121 332 1170 410 47

62 523 134 603 809,
156 525 208 589 24.
231 523 341 611 Epim.
362 523 390 588 I.
412 522 487 586 437.
513 518 566 588 δτι
587 520 625 588 a}
652 519 748 603 ἐχθές
770 515 1015 608 ἆναλογώτερον
1034 520 1092 589 καὶ
1113 545 1177 588 sto--
1278 579 1281 587 .

63 622 221 711 ριώιερον
240 629 301 693 τοῦ
321 625 405 706 χθές
424 619 526 710 δῆλόν
548 621 618 690 ἐστι
639 626 774 705 πρῶτον
794 622 854 704 μὲν
877 620 912 689 es
933 629 993 711 τῆς
1013 621 1170 707 ἐτυμολο-

62 726 135 812 γίας
162 725 217 792 ὅτι
239 725 338 807 ἐχθές
360 719 488 811 εἴρηται
509 721 604 804 παρὰ
626 722 663 791 τὸ
693 718 789 800 ἐκτὸς
808 727 1007 810 γεγενῆσθαι
1031 729 1090 812 τῆς
1112 719 1171 810 σή-

60 851 172 912 μερον,
191 822 346 908 δεύτερον
364 825 400 892 δὲ
420 823 474 891 ὅτι
494 828 563 891 πᾶν
578 820 828 908 μονοσύλλαβον
848 821 1018 913 dividique
1034 821 1055 912 l
1072 821 1171 912 φύσει

61 924 197 1016 iiddom
214 921 343 1009 μακρόν
362 921 445 1004 ἔστι,
464 924 531 1003 ναί,
553 922 602 1012 νή,
625 920 709 1008 γνύξ,
730 921 819 1011 μάψ,
839 923 941 1011 χωρὶς
958 927 1020 993 τοῦ
1038 922 1172 1009 arolfi),

63 1027 155 1115 quod
182 1024 223 1090 ab
244 1025 432 1092 Herodiano
450 1049 592 1112 ›quoque
624 1026 775 1091 solitariis
797 1027 1026 1093 adnumeratur
1046 1026 1106 1092 sed
1129 1026 1171 1093 ob

64 1129 161 1194 ubam
186 1127 340 1192 rationem
366 1126 420 1196 ὅτι
448 1125 545 1196 οὐδὲν
572 1125 622 1206 εἷς
643 1114 695 1197 ἐἶ
712 1126 961 1214 μονοσύλλαβον
994 1128 1172 1218 baldinico,

62 1250 172 1315 neque
191 1229 333 1293 nativum
353 1228 491 1294 habetur
512 1231 571 1295 sed
595 1241 794 1296 contractum
815 1252 855 1295 ex
877 1227 981 1317 πόριν
1000 1230 1079 1297 ΕΜ.
1097 1230 1171 1309 688,

63 1331 114 1399 19.
158 1330 346 1397 Suntvero
380 1331 447 1395 duo
479 1331 541 1397 alia
570 1332 723 1397 adverbia
754 1331 1032 1417 brachycatalecto
1062 1333 1112 1414 δίς
1140 1344 1173 1398 et

61 1431 144 1520 τρίς,
167 1454 251 1519 quae
268 1432 314 1496 illi
336 1431 469 1518 quidem
491 1456 509 1498 e
533 1432 656 1513 δυάκις,
678 1430 809 1521 τριάκις
832 1435 962 1499 concisa
978 1434 1092 1500 dicum
1112 1436 1171 1501 sed

61 1537 162 1603 fidem
185 1557 253 1601 non
274 1535 451 1600 inveniunt.
497 1537 549 1600 Ac
571 1535 598 1599 si
620 1535 744 1601 nullum
770 1546 856 1603 esset
875 1535 1040 1601 brevitatis
1062 1558 1171 1603 exem-

60 1639 167 1727 plum,
197 1648 305 1702 tamen
326 1636 618 1704 Grammaticorum
648 1637 808 1703 sententia
828 1659 895 1703 uon
916 1637 1076 1714 vincerem
1097 1658 1171 1706 uam

60 1738 238 1828 particulae
253 1739 371 1824 jugum
393 1739 563 1824 analogiae
585 1741 772 1806 detrectant.
806 1740 1072 1827 Monosyllabum
1091 1744 1174 1824 χθές

60 1865 129 1908 non
149 1841 256 1906 solum
277 1840 467 1926 antiquitate
482 1851 649 1909 auctorum
665 1843 765 1909 vineit
780 1843 840 1907 sed
858 1853 1055 1908 sustentatur
1077 1844 1172 1910 etiam

62 1942 413 2009 sinilimdinoetiacae
431 1940 521 2009 vocis
533 1939 636 2027 Σερός
654 1944 736 2024 χθές
756 1945 838 2009 Hes.
850 1944 882 2026 ⁸)
906 1953 939 2008 et
958 1944 1077 2008 letinae
1097 1949 1172 2021 lesi,

62 2066 241 2130 eorumque
269 2065 353 2128 quae
381 2044 417 2108 in
446 2043 630 2128 germanica
657 2042 770 2127 lingua
798 2055 830 2109 et
850 2044 927 2109 huic
949 2043 1100 2108 affinibus
1122 2067 1173 2108 re·

61 2147 241 2235 pariuntur.
294 2142 396 2212 Verbi
430 2143 539 2209 ἐθέλω
573 2142 790 2229 principatum
827 2142 944 2230 quibus
976 2145 1173 2232 argumentis

64 2245 333 2314 demonstraverit
356 2242 557 2331 Apollonius
580 2254 613 2310 et
633 2264 699 2330 quo
718 2243 791 2310 looo
813 2247 989 2325 nescimus,
1012 2246 1071 2313 sed
1092 2270 1172 2337 pos·

62 2365 141 2415 sunt
158 2349 243 2414 duae
258 2346 399 2412 rationes
415 2345 567 2433 proponi,
591 2368 656 2411 uua
674 2346 764 2432 quod
783 2348 980 2434 antiquiores
998 2350 1172 2438 scriptores
1219 2406 1228 2420 .

61 2452 126 2518 hoc
155 2450 286 2536 saepius
314 2469 411 2534 quam
432 2446 591 2534 bisyllabo
614 2449 665 2514 nsi
690 2460 775 2529 sunt,
798 2451 864 2517 duo
886 2464 994 2518 autem
1015 2452 1173 2539 antiquis-

63 2553 136 2619 simi
164 2572 331 2636 nunquam
357 2549 449 2614 aliter
477 2551 605 2627 dixere;
636 2550 735 2616 altera
756 2553 846 2639 quod
868 2552 951 2619 hanc
967 2553 1103 2620 formam
1120 2574 1172 2621 se·

63 2665 208 2743 quantur
245 2651 395 2738 syntbeta
434 2662 466 2718 et
501 2674 670 2740 paragoge
701 2651 936 2734 ἐθελόδουλος,
969 2653 1174 2743 ἐθέλεχθρος

62 2752 259 2834 ἐθελούσιος
294 2765 354 2821 eto.
389 2754 607 2842 fflscrepantia
640 2764 747 2821 autem
775 2755 928 2843 θέλημα,
959 2756 1100 2842 &tinore
1132 2758 1173 2825 ab
1211 2766 1212 2770 ’

62 2857 197 2944 antiqua
228 2857 464 2923 consuetudine
497 2855 678 2922 abhorrent.
742 2855 779 2923 Si
815 2877 891 2922 vero
927 2859 1174 2945 proportionem

62 2959 324 3036 consideramus,
352 2957 387 3023 in
416 2958 610 3024 contrarium
638 2957 795 3035 ducimur,
823 2959 859 3024 τὰ
890 2958 951 3045 γὰρ
975 2959 1083 3027 ἐθέλω
1107 2966 1174 3028 τῶν

61 3058 267 3148 παραλόγων
304 3058 391 3126 κατὰ
430 3057 525 3125 τόνον
561 3058 630 3124 lori
662 3054 883 3141 τρισύλλαβον
917 3060 1097 3126 Herodian.
1131 3064 1173 3128 ad

61 3161 101 3228 11.
123 3161 152 3226 Ι.
174 3159 247 3226 227.
277 3170 310 3225 et
336 3160 416 3225 EM.
440 3159 514 3237 318,
537 3157 589 3224 25.
622 3158 722 3223 relato
750 3156 921 3244 Apollonii
954 3158 1084 3227 decreto
1110 3187 1175 3252 μη-

61 3401 161 3472 ueqns
175 3376 309 3454 creantis
323 3398 401 3470 quoa
413 3396 580 3470 Apollonius
593 3398 612 3453 1.
625 3414 650 3452 c.
663 3397 742 3453 aean
754 3397 821 3453 aaa
837 3396 867 3453 ot
882 3401 928 3453 nu
944 3395 991 3467 ur
998 3404 1082 3473 χεῖρα
1097 3397 1173 3474 παρὰ

63 3484 91 3541 si
108 3487 183 3556 ἔχειν
195 3488 285 3556 φασὶν
298 3485 498 3556 ἐσχηματίσθαι
515 3485 569 3538 boo
585 3491 627 3538 est
642 3484 677 3539 ab
690 3486 763 3556 ἔχειρ
775 3483 841 3538 ΕΜ.
855 3485 913 3551 cot,
927 3486 966 3539 tt.
980 3485 1174 3545 consentiente

63 3570 228 3627 Herodiano
248 3568 276 3625 in
295 3567 484 3641 Epimerismis
503 3568 833 3641 Theognost.0an.133.

131 3675 162 3742 2)
177 3673 242 3729 EM.
257 3674 316 3728 tot.
326 3671 407 3727 addit
423 3671 456 3728 oti
472 3669 590 3742 μάχεται
606 3672 634 3726 rb
649 3669 696 3743 ψό,
714 3673 880 3746 ἐπίφθεγμα
895 3670 957 3747 γάρ.
985 3673 1116 3750 Plerique
1131 3684 1174 3733 tu-

64 3777 127 3816 men
145 3759 375 3832 epipbthegmata
392 3757 531 3813 adverbiis
549 3760 747 3825 adnumerant,
766 3778 793 3814 v.
807 3759 960 3816 Addenda.

131 3861 162 3928 3)
173 3861 217 3915 Ex
229 3861 283 3915 hoc
296 3859 392 3931 colligi
403 3867 500 3933 potest
510 3860 678 3935 principium
689 3861 764 3916 vocis
775 3862 860 3918 luisse
873 3864 903 3939 ἔρ
915 3864 973 3919 sive
984 3863 1012 3926 le
1023 3866 1173 3938 aspiratum

63 3954 91 4000 et
108 3946 176 4000 binc
197 3944 367 4016 processisse
383 3951 446 4016 χές,
464 3952 548 4018 χθές,
572 3946 721 4018 interjecto
740 3951 818 4003 theta
838 3958 870 4005 ut
885 3946 1033 4022 χθαμαλός
1051 3961 1080 4005 et
1091 3945 1175 4022 χθών

63 4050 87 4086 v.
100 4029 225 4087 Meinelr.
239 4031 276 4084 ad
291 4031 390 4103 Stepb.
404 4051 432 4105 p.
445 4035 504 4086 ott.
519 4040 661 4105 postremo
678 4032 766 4104 ἐχθές.
791 4033 941 4091 Piersonus
959 4033 1042 4089 etiam
1058 4054 1110 4108 pro
1121 4038 1176 4098 tte

63 4119 161 4178 {lause
180 4114 360 4174 scribendum
379 4126 461 4192 putat
481 4119 568 4189 ὶχθές.
602 4118 702 4189 Neque
721 4118 889 4175 incredibile
911 4120 1024 4174 videtur
1044 4138 1125 4179 uerus
1145 4128 1174 4178 et

62 4203 147 4265 ἕωλος
166 4202 284 4276 proprie
303 4205 465 4260 hesternum
485 4204 542 4259 sire
561 4203 720 4277 pridianum
742 4203 899 4274 significare
921 4204 1088 4280 ipsumque
1109 4208 1176 4264 tert

61 4288 216 4361 genitivum
233 4305 295 4347 esse
312 4291 357 4347 vel
374 4289 525 4347 ablativum
544 4298 575 4346 ut
595 4289 644 4345 dte
662 4291 798 4354 marm,
812 4291 959 4363 maisel.
1155 4288 1158 4294 ’
