2736 4778
132 391 193 456 110
507 388 785 497 Dlssmuramo
818 389 872 456 VL

129 549 314 633 τιθέασι,
338 553 527 636 ζεσγνῦστ
551 545 778 638 ζευγνιίασι·
803 546 849 630 ὡς
870 552 932 639 γὰρ
954 549 988 618 ἒν
1010 557 1085 630 ταῖς
1106 547 1259 619 circata·

128 659 202 733 ιιαῖς
223 654 258 720 τὸ
277 649 304 726 ἐ’
326 653 380 720 καὶ
402 655 423 723 ἆ
448 651 495 732 εἷς
517 652 576 740 τὴν
595 651 822 742 ᾗόίφθογγον
845 661 1046 742 σοναιρεῐται
1069 654 1126 722 καὶ
1150 653 1188 722 ἓν
1209 659 1258 743 τῷ

129 754 280 840 ἰχθύας
301 753 417 840 ἰχθῦς
443 756 480 822 τὸ
504 756 540 826 υἷι
558 758 612 824 καὶ
636 757 670 825 ἐν
692 765 738 845 τῷ
759 753 861 843 βόας
881 762 975 839 βοῦς
997 763 1035 823 τό
1064 755 1258 840 ἦῆιῧτως

128 859 162 928 ἐν
184 865 231 948 τῷ
253 864 408 927 τιθεῖσι
431 861 598 928 τιθέασι
621 856 641 948 ἡ
665 864 695 933 {I
726 857 772 939 εἰς
794 860 873 931 zo}
900 861 954 926 aei
980 861 1176 949 ἷόιῃρέθη
1200 862 1257 927 καὶ

128 961 231 1050 ἐντῷ
265 965 429 1030 derosae
467 960 671 1047 όιόόασιῆ
703 965 744 1034 HJJ
780 959 940 1039 εἰςτόῖ
965 964 1022 1030 καὶ
1045 963 1081 1034 ἶ.
1127 963 1256 1030 Deae·

129 1066 279 1131 cuaativis
301 1072 458 1149 repugnat
480 1066 722 1148 homophoniam
743 1066 928 1131 nominativi
950 1070 1100 1132 causatus
1124 1063 1162 1134 ai
1176 1064 1257 1148 βόες

131 1166 189 1244 τὰς
199 1172 279 1251 βοῦς
290 1173 348 1235 etc
392 1168 440 1233 De
463 1169 568 1235 verbis
582 1170 713 1251 apponit
723 1167 879 1250 'Apollonii
895 1170 1094 1248 sententiam,
1117 1170 1256 1253 integris

129 1270 224 1353 alpha
244 1273 399 1339 insertum
421 1271 577 1355 simulque
597 1271 804 1353 penultimam
825 1275 1002 1352 correptam
1018 1289 1104 1336 esse:
1124 1276 1253 1340 τιθεῖσι

2 1450 6 1456 ⁸
128 1373 281 1451 τιθέασι,
316 1375 446 1442 διδοῦσι
480 1372 631 1455 όιόόασι;
665 1373 847 1457 synaeresin
879 1373 983 1438 reiicit
1014 1392 1066 1453 eo,
1100 1375 1191 1456 quod
1212 1410 1246 1447 ιι

128 1491 190 1538 non
212 1474 294 1545 ina]
321 1477 533 1558 contrahatur,
556 1478 667 1543 sedin
689 1480 722 1563 ᾗ
744 1482 777 1547 ia
799 1494 862 1541 non
883 1476 915 1540 in
937 1479 989 1555 εἷ,
1012 1475 1070 1541 sed
1092 1479 1125 1556 ὦ,
1148 1495 1254 1560 neque

129 1578 231 1659 magis
252 1577 367 1660 probat
389 1568 531 1662 diasysim
556 1577 607 1646 ότι
630 1581 672 1646 τὰ
695 1575 912 1666 διαιρούμενα
935 1575 982 1656 εἷς
997 1579 1038 1645 τὰ
1062 1577 1149 1646 αὐτὰ
1162 1584 1252 1647 όιαι-

127 1683 274 1765 ροῦνται,
309 1678 346 1760 ἐξ
379 1670 424 1747 ὧν
457 1683 512 1748 ani
546 1680 755 1749 συνίστανται
788 1682 876 1748 velut
897 1680 1007 1768 Ξέρξη
1043 1682 1077 1746 in
1108 1680 1255 1749 Ionicum

128 1779 253 1868 Ξέρξεα
277 1784 424 1868 (Bredov.
447 1783 534 1865 228),
568 1786 642 1868 quia
664 1790 717 1851 eta
738 1786 869 1867 pluralis
891 1786 967 1872 βέλη
990 1788 1189 1856 contractum
1212 1786 1256 1851 sit

127 1901 167 1950 ex
187 1886 295 1967 βέλεα.
340 1886 399 1951 His
421 1887 512 1952 nodis
534 1886 625 1954 facile
648 1889 837 1954 exsolvimur
859 1894 987 1972 recepta
1009 1889 1172 1970 opinione,
1194 1906 1254 1970 pro

128 1989 307 2070 §propter
339 1989 630 2072 inconsequentiam
662 1993 826 2057 literarum
860 1994 880 2064 ᾗ
892 1994 913 2063 ᾗ
938 1991 1148 2057 substitutum
1180 2008 1254 2057 esse

127 2091 236 2172 alpha:
259 2089 578 2169 τίθενσι-τιόίασι,
603 2092 918 2167 δίδονσι-όιόόασι,
942 2100 1034 2160 aucto
1057 2092 1253 2177 syllabarum

126 2212 258 2259 numero
273 2199 401 2275 praeter
418 2192 500 2272 iniec,
523 2215 585 2279 quo
597 2215 766 2262 concursus
781 2197 878 2263 trium
889 2197 1042 2264 vocalium
1054 2195 1252 2278 prohibetur.

127 2295 349 2379 Diphthongus
379 2299 468 2369 {vin
501 2303 628 2365 τιθεῖσι
661 2300 773 2364 eadem
807 2306 897 2382 trope
919 2305 1009 2380 nata,
1043 2317 1106 2381 qua
1136 2299 1171 2364 in
1193 2290 1252 2379 εἷς,

126 2398 247 2484 τιθείς,
271 2395 372 2479 ὀόοός
393 2406 462 2484 etc„
476 2400 517 2485 [v.
540 2420 570 2483 p.
591 2401 634 2466 86
657 2409 690 2468 et
710 2420 740 2484 p.
766 2402 849 2489 112}

214 2535 322 2601 Tertia
344 2538 442 2603 erasis
465 2539 585 2619 species
608 2557 665 2619 per
688 2558 795 2605 omncs
812 2560 904 2606 casus
917 2538 1250 2605 adstrictaestadiec·

126 2639 199 2703 tivv's
222 2640 482 2721 multiplicativis:
512 2636 636 2719 ἁπλᾶ,
662 2645 804 2720 διπλᾶ,
829 2646 983 2729 τριπλᾶ
1007 2641 1060 2707 καὶ
1084 2641 1123 2705 ιὰ
1148 2639 1250 2725 ὅμοια

127 2746 346 2829 περισπῶσιν,
371 2738 555 2808 ὑποπίπτει
591 2743 725 2834 papas]
760 2742 874 2834 ιἰονικῇ
910 2748 1072 2833 διαιρέσει
1095 2735 1169 2810 οἷον
1193 2746 1249 2811 δι·

128 2838 235 2909 πλόοι
259 2843 377 2911 καὶτὰ
401 2842 503 2928 ὅμοια
526 2844 640 2930 Phrpm.
664 2848 743 2930 App.
767 2850 817 2913 25.
843 2849 891 2928 11,
909 2847 1066 2913 ¹Choerob.
1084 2847 1160 2912 Can.
1176 2845 1250 2912 245.

128 2945 282 3030 Spntheta
304 2967 378 3013 vero
401 2955 529 3014 servant
554 2953 587 3021 0‘:
612 2949 788 3036 τυμβοχόα,
815 2949 981 3036 πολόχροα
1005 2956 1063 3017 etc.

213 3083 254 3149 Il.
297 3087 330 3155 ὃ
355 3104 425 3150 cum
459 3088 598 3154 secunda
620 3089 773 3154 vocalium
797 3089 992 3155 contrahitur
1015 3089 1047 3152 iu
1069 3087 1251 3154 nominihus

125 3189 248 3271 paucis:
272 3184 410 3265 σπάνιός
432 3187 520 3256 ἐστιν
542 3186 561 3275 ἡ
584 3194 699 3278 χρῆσις
722 3197 780 3279 τῆς
801 3198 824 3276 β
832 3196 899 3269 οῦς
923 3188 1060 3269 εὐθείας
1082 3198 1146 3256 τῶν
1165 3197 1249 3281 alp·

126 3295 299 3357 θοντικιῖιν·
322 3293 451 3372 μᾶλλον
474 3293 509 3360 όὲ
534 3291 571 3358 ai
594 3294 688 3374 βόες
711 3293 862 3360 Choerob.
886 3294 966 3365 Cart,
984 3291 1055 3358 242.
1082 3293 1130 3360 13.
1166 3293 1251 3360 Tho·

127 3411 194 3458 mas
211 3393 456 3476 Aristophanem
478 3396 690 3478 monosyllabo
713 3416 806 3461 usum
829 3414 899 3461 esse
913 3401 1057 3475 testatur,
1075 3396 1133 3461 sed
1150 3397 1251 3462 semel

126 3501 249 3561 tantum
272 3501 305 3561 et
326 3495 359 3560 id
381 3497 474 3560 metri
497 3504 623 3579 coactu;
646 3501 678 3564 in
701 3500 841 3583 reliquiis
864 3500 932 3578 eius
954 3519 1016 3563 non
1038 3498 1157 3580 reperi,
1193 3499 1252 3583 sed

125 3596 307 3680 frequenter
342 3596 374 3665 ai
397 3596 476 3681 βόες
507 3606 544 3666 ut
563 3600 648 3685 χόες.
717 3603 867 3669 Dativum
888 3601 1045 3667 Homerus
1080 3600 1251 3683 dupliciter

125 3698 215 3783 fingit
228 3699 344 3784 βόεσσι
370 3710 402 3767 et
416 3702 525 3783 βουσί,
549 3706 633 3787 quod
656 3706 756 3771 solum
780 3706 916 3770 sermoni
939 3705 1040 3770 soluto
1063 3721 1250 3770 concessum

125 3812 184 3871 est.
203 3843 237 3852 --
263 3806 325 3871 Pro
346 3806 487 3888 legitimo
511 3798 600 3874 εὖνοι
623 3808 764 3873 Philemo
786 3807 891 3888 Frgm.
915 3807 949 3872 T.
961 3807 1006 3871 IV
1019 3805 1059 3870 65
1082 3808 1250 3889 usurpavit

127 3898 238 3988 είίνοος
259 3909 342 3977 κατὰ
370 3913 502 3997 κρᾶσιν,
535 3915 572 3975 ut
604 3911 637 3974 in
669 3910 741 3975 EM.
765 3910 888 3975 [licitur.
913 3948 948 3957 —
974 3909 1152 3975 Verborum
1175 3928 1249 3976 con·

125 4017 299 4078 tractorum
322 4014 408 4079 tertii
431 4013 550 4078 ordinis
573 4014 666 4079 litera
688 4014 945 4078 characteristica
968 4030 1039 4078 cum
1061 4013 1249 4095 epsilocon-

124 4112 232 4180 flatur:
256 4121 422 4203 χροσοῦτε,
447 4113 609 4203 ε’χρόοοος.
668 4117 899 4199 Borytouorum
926 4116 1028 4181 minor
1051 4117 1250 4196 constantia;

126 4215 200 4284 ἔλοε
222 4218 380 4285 Homerus
403 4220 490 4300 dixit
514 4222 563 4286 eui
576 4220 721 4285 convenit
731 4220 935 4301 imperativus
950 4215 1011 4298 ζόε,
1035 4218 1182 4283 v.Rhem.
1196 4220 1249 4300 21,

124 4321 181 4386 sed
204 4317 330 4389 ἀπέλου
352 4322 580 4404 Aristophanes
603 4323 697 4406 Vesp.
724 4323 793 4389 118.
838 4318 957 4387 illive
986 4321 1174 4403 productum
1198 4326 1252 4387 est
