2736 4778
130 383 191 451 180
511 380 791 449 DISSERTATIO
812 379 884 449 vlt
953 414 955 418 .

126 544 245 633 μετοχὴ
260 539 331 611 ἀντὶ
353 538 511 634 ῥήματος.
546 545 650 628 Magis
660 550 767 611 tamen
784 544 846 612 huc
856 546 1047 628 propendeo,
1059 551 1101 612 ut
1114 543 1272 612 Nonnum

126 647 359 714 hemistichium
370 647 573 714 Homericum
592 648 701 731 θυμὸς
723 649 761 716 δέ
782 672 835 715 τοι
858 645 929 717 αἰὲν
951 643 1101 727 ἄπιστος
1113 646 1179 714 od.
1193 647 1271 715 XIV

130 750 191 817 150
211 752 244 816 in
268 769 360 816 suum
382 769 475 817 usum
508 752 701 818 convertisse
723 757 840 833 putem.
885 751 1030 817 Alterum
1053 751 1138 818 XIV
1162 750 1233 818 264

172 852 241 921 Καὶ
263 853 380 942 λασιήν
404 855 595 941 Κένταυρος
617 852 700 936 ἔχων
723 852 932 943 φρίσσουσαν
954 850 1088 943 ὑπήνην

171 953 219 1037 εἷς
242 957 338 1041 ζυγὸν
359 953 615 1035 αὐτοκέλευστος
637 953 789 1025 ἑκούσιον
812 953 933 1040 αὐχένα
957 964 1104 1026 τεῖνεν.

170 1060 224 1128 καὶ
246 1057 402 1148 Σατύρων
426 1059 512 1126 πολὺ
534 1061 660 1143 μᾶλλον
681 1058 764 1143 ἔχων
786 1056 900 1128 πόθον
924 1056 1021 1146 ἡδέος
1046 1057 1146 1129 οἴνου

168 1158 326 1252 ἡμιτελὴς
345 1161 532 1247 χρεμέτιζον
554 1157 636 1251 ἀνὴρ
658 1167 893 1250 κεκερασμένος
913 1160 1011 1252 ἵππῳ

169 1262 298 1349 ἱέμενος
320 1262 481 1332 Διόνυσον
504 1261 572 1344 ἑοῖς
595 1260 733 1348 ὤμοισιν
756 1261 891 1355 ἀείρειν·

127 1368 168 1435 ab
190 1369 301 1435 eodem
323 1367 530 1434 substitutum
552 1372 603 1433 est
624 1388 681 1450 pro
703 1370 869 1453 participio
892 1367 1010 1447 τείνας,
1039 1371 1129 1452 quod
1152 1373 1266 1439 nescio

105 1488 168 1538 ‘an
190 1490 229 1537 ex
251 1472 313 1538 alio
335 1490 430 1537 versu
453 1488 641 1553 suspensum
665 1473 707 1537 sit
728 1471 801 1538 huic
822 1473 1011 1556 praeposito,
1036 1473 1157 1540 deinde
1182 1496 1204 1540 a
1227 1476 1265 1540 li·

125 1577 249 1656 branis,
272 1581 309 1640 ut
329 1575 421 1640 multi
442 1574 475 1640 in
497 1574 546 1639 bis
568 1574 667 1655 libris,
689 1576 928 1657 praetermisso,
952 1576 1009 1641 tali
1031 1574 1101 1642 fere
1127 1584 1264 1644 senteu-

126 1681 191 1745 tia:
212 1678 323 1766 χερσὶν
345 1675 623 1746 ὀπισθοτόνοιοιν
646 1673 800 1766 ε’ΐτρσχσν
810 1670 914 1745 εἷλκεν
927 1673 1066 1767 ἀπήνην,
1092 1680 1190 1761 cuius
1209 1700 1264 1749 ac·

126 1783 259 1848 cusativi
281 1800 352 1848 oum
374 1789 534 1864 postremo
556 1781 650 1864 primi
671 1799 782 1847 versus
804 1783 930 1847 nomine
947 1784 1158 1849 consonantia
1183 1803 1262 1851 cnu-

127 1904 196 1951 sam
217 1886 504 1966 praetermissionis
526 1884 740 1951 ostenditnou
753 1884 1000 1967 improbabilem.
1045 1885 1198 1953 Eandem
1214 1889 1262 1955 lu-

127 2007 226 2054 cunae
250 1989 460 2070 suspicionem
482 1987 615 2070 praebet
637 1988 751 2052 tertius
779 1981 866 2053 locus
899 1988 938 2053 de
972 1988 1157 2056 excubitare
1180 1991 1262 2059 XXI

127 2091 190 2158 342
202 2088 356 2159 ἐνόπλιον
373 2087 474 2158 ὕπνον
498 2087 599 2156 icium
612 2087 630 2175 ΙΙ
645 2090 800 2174 δέγμενος
823 2091 999 2180 ἐρχομένης
1021 2097 1184 2183 στρατιῆς
1208 2089 1262 2162 εὖ·

126 2202 258 2283 ρνομαν
278 2191 388 2262 Ἐνυώ·
410 2213 484 2259 nam
506 2192 557 2258 hio
578 2211 702 2275 quoque
714 2193 863 2261 credibile
878 2201 928 2260 est
937 2202 1009 2277 post
1030 2191 1146 2273 ἰαίνων,
1170 2198 1260 2279 quoti

126 2295 272 2363 Graefius
294 2298 326 2363 in
348 2295 567 2379 impensorum
578 2296 681 2373 vertit,
705 2297 846 2379 clapsum
869 2317 939 2364 esse
950 2299 1153 2381 seniculum,
1178 2319 1259 2383 qua·

125 2401 172 2467 les
194 2401 310 2467 multos
333 2399 451 2482 fingere
473 2417 641 2481 possumus
663 2417 689 2464 e.
713 2417 737 2465 c.
772 2397 935 2485 πάννυχος
969 2398 1116 2491 ὡμίλησε
1151 2405 1256 2490 φιλο-

127 2505 340 2588 πτολέμοισιν
363 2497 531 2588 ὄνείροιςΙΙ
546 2502 741 2588 ὁὲγμενος.*)
767 2539 802 2552 -
829 2505 920 2583 Quod
940 2512 1087 2589 superest
1106 2506 1168 2572 XL
1195 2505 1258 2574 192

169 2607 336 2694 κικλήσκει
360 2606 397 2672 σὲ
421 2603 551 2691 δράκων
574 2603 675 2671 πάλιν
700 2604 736 2684 ὅς
759 2632 795 2674 σε
819 2607 948 2690 diona,

171 2709 319 2796 φρανρὸν
342 2704 521 2793 ἆσυλὴτοιο
544 2702 652 2791 γάμου
675 2710 835 2795 συριγμὸν
857 2707 977 2777 ι’ἀλλιυν

127 2812 272 2876 Siruvius
302 2811 333 2875 in
366 2810 473 2891 Progr.
508 2810 603 2876 schol.
640 2809 677 2874 de
709 2814 795 2876 aazia
818 2836 961 2877 ceronam
994 2813 1025 2876 ιἰι
1049 2811 1165 2878 Nonm·
1183 2839 1255 2880 σαν-

125 2914 259 2978 intrabas
282 2934 352 2978 τινα.
379 2913 457 2979 1831
482 2933 511 2996 p.
535 2912 577 2979 21
599 2914 680 2980 hanc
701 2913 819 2981 Graefii
842 2918 1066 2982 correctionem
1089 2917 1129 2983 ob
1153 2919 1253 2985 aliam

125 3036 253 3083 causam
274 3018 455 3099 improbans
489 3023 544 3082 aut
577 3036 728 3098 praescus
751 3016 1060 3101 idiiarponendum
1082 3026 1140 3087 aut
1175 3041 1252 3104 par·

124 3121 265 3202 ticipium
287 3139 373 3185 more
395 3127 507 3201 poetae
529 3121 695 3202 participia
706 3122 894 3187 cumulantis
907 3122 1119 3187 excusandum
1130 3132 1252 3190 censet

211 3227 237 3310 ξ.
262 3227 289 3290 7.
335 3223 412 3288 Pars
436 3223 538 3288 altera
560 3223 712 3288 sermonis
736 3225 872 3290 instituti
896 3226 1074 3291 versabitur
1095 3226 1127 3290 in
1157 3246 1251 3308 poe·

125 3329 176 3394 tis
199 3330 380 3394 scenicis,
425 3326 506 3391 Nam
530 3327 568 3391 de
591 3325 640 3389 his
663 3344 787 3407 quoque
804 3333 963 3393 certamen
977 3329 1114 3408 incessit
1139 3336 1252 3397 utrum

125 3432 278 3513 syllabam
290 3430 520 3508 indifferentem
532 3430 685 3508 auxerint,
703 3449 744 3494 an
755 3450 825 3496 non.
860 3432 896 3496 In
909 3431 1129 3513 Aristophanis
1142 3432 1250 3499 Nubb.

122 3532 184 3598 317
209 3534 263 3600 καὶ
288 3542 363 3600 νοῦν
387 3531 462 3616 ὑμῖν
484 3531 780 3618 παρέχουσινΗκαὶ
815 3533 985 3620 τερατείαν
1007 3535 1177 3602 Ernestius
1211 3541 1251 3603 νῦ

124 3636 292 3701 delendum
315 3641 431 3714 censet,
466 3654 560 3717 quern
593 3634 735 3717 sequitur
757 3635 948 3718 Emathiae,
982 3643 1138 3721 repugnat
1173 3658 1251 3706 vero

124 3738 338 3805 Hermannus:
362 3736 699 3820 „Etaiultr'mahorum
721 3761 868 3803 versuum
891 3741 1013 3828 syllaba
1034 3742 1163 3807 carneri
1174 3743 1251 3830 'leqe

123 3841 226 3906 brevis
248 3854 302 3924 est,
328 3855 429 3904 tamen
452 3838 553 3903 adid
574 3841 678 3925 prount
700 3840 825 3904 inventa
848 3857 892 3906 est
915 3841 1101 3930 κατάληξις,
1135 3858 1173 3909 ut
1197 3844 1249 3910 ‹le-

123 3944 253 4010 hilaratis
275 3945 400 4009 αιιινιενί
418 3943 538 4008 cirrhos
560 3966 621 4007 σανα
644 3944 832 4029 requiescat;
866 3948 919 4010 eui
943 3947 995 4010 rei
1014 3946 1086 4011 benc
1109 3949 1251 4013 σοιιοιιὶί-

124 4175 232 4184 -ffl-—
238 4170 378 4182 --—-a---

174 4307 203 4370 *ν
223 4309 258 4361 [ν
271 4327 361 4376 propr.
379 4309 487 4362 σανα
503 4309 569 4362 nar.
589 4308 656 4363 reas
668 4326 698 4377 p.
713 4311 729 4363 5
747 4310 787 4363 aa
800 4311 947 4380 popm,
963 4321 1013 4367 m,

223 4394 379 4465 „pporrtda
396 4397 573 4463 βουκολέεσκε
592 4396 840 4466 φιλοπτολέμοισιν
858 4395 1002 4471 ὀνείροις.“
