2736 4778
138 249 214 379 stt
432 297 751 366 orasnsmvm
774 299 818 364 11.
862 298 902 365 P.
925 299 953 365 1.
1039 263 1043 282 '

141 485 203 551 lior
223 482 424 570 Apollonius
445 484 532 550 Adv.
556 485 630 553 603.
661 480 772 555 ὀνείατα
795 483 970 555 ὄπτ’σωθεν
998 479 1044 563 ὥς
1071 474 1140 549 diuo
1161 474 1256 548 άνω-

137 597 200 652 θεν
222 583 278 652 καὶ
300 589 452 674 συγκοπῇ
475 577 622 654 devocer
644 589 700 655 καὶ
729 585 798 657 ἀπὸ
831 591 891 654 τοῦ
919 582 1031 669 ἔντερον
1061 583 1098 650 τὸ
1125 581 1258 661 ἐντελὲς

138 686 293 773 toloneo
316 686 393 772 (sic)
415 688 472 753 καὶ
501 686 586 754 κατὰ
616 690 787 777 συγκοπὴν
812 684 957 771 ἔνερθεν.
1002 686 1069 755 Sed
1091 685 1145 750 hic
1166 706 1256 770 quo·

138 808 203 874 que
227 811 247 852 a
268 811 343 855 vero
367 788 510 865 aberrat3
535 811 610 854 nam
640 784 814 858 ὀπίσωθεν
843 790 991 876 ignotum
1014 799 1079 866 est,
1105 779 1257 854 ὄπισθεν

139 902 246 957 autem
269 913 309 956 ex
333 883 458 959 ὄπιθεν
480 903 586 956 ortum
609 893 660 976 (ut
680 889 835 976 πρόσθεν
856 913 874 956 e
898 888 1046 978 πράθεν)
1070 887 1256 975 quodcum

138 991 264 1074 ἕπομαι
293 1003 325 1056 et
353 984 434 1071 άτινς
456 993 603 1079 stirpitus
625 1015 808 1059 connexum
831 1003 894 1070 est,
912 993 1000 1057 unde
1024 989 1160 1066 ἀνόπιν,
1189 1013 1253 1053 κα·

137 1089 254 1171 τότττν,
281 1088 424 1176 μετόπιν
450 1095 611 1180 pendent3
649 1118 710 1161 nec
737 1116 814 1160 vero
845 1094 965 1180 legitur
993 1091 1157 1178 ἑτέρωθεν
1191 1088 1254 1154 sed

137 1189 274 1278 ἔνερθεν
299 1194 460 1260 contrario
484 1195 634 1280 ὕπερθεν
653 1196 944 1263 accommodatum.
975 1193 1163 1282 Dupliciter
1171 1214 1252 1257 vero

139 1293 257 1359 dicitur
275 1289 484 1381 ἑκατέρωθεν
506 1307 538 1364 et
561 1293 740 1385 ἑκάτερθεν
763 1299 844 1364 illud
872 1320 962 1362 more
983 1298 1103 1362 usitato
1126 1292 1166 1358 ab
1189 1293 1251 1357 sd·

136 1396 254 1478 iectivo
276 1397 478 1484 dispertitivo
501 1400 694 1477 derivatum,
723 1401 858 1465 alterum
885 1401 975 1485 quod
993 1399 1103 1485 Epim.
1125 1397 1153 1461 l.
1175 1394 1251 1460 290.

137 1509 170 1565 et
188 1497 429 1588 Moschopulus
451 1501 571 1568 Sched.
590 1501 661 1566 149.
684 1524 850 1590 syncopae
872 1501 1060 1579 attribuunt,
1082 1501 1250 1564 Homerus

138 1600 284 1667 versibus
306 1614 470 1687 utcunque
492 1603 600 1691 potuit
620 1603 796 1690 adaptavit
828 1603 914 1670 Cum
936 1602 1053 1689 ἔνερθε
1077 1601 1167 1667 haud
1188 1599 1251 1665 ob-

138 1723 230 1768 scure
252 1701 405 1768 cohaeret
434 1703 617 1790 ἐνέρτερος,
647 1706 738 1790 quod
771 1706 881 1775 Schol.
911 1705 982 1773 BL.
1007 1704 1046 1770 ss.
1072 1704 1151 1770 XV.
1175 1701 1249 1767 225.

138 1826 178 1871 ex
202 1801 399 1890 ἕνεράτερος
422 1815 622 1870 contractum
647 1817 742 1893 putat
770 1809 830 1872 sed
854 1818 887 1872 et
910 1808 974 1874 hoc
1000 1818 1132 1871 auctore
1161 1812 1252 1869 caret

138 1917 172 1971 et
191 1905 267 1973 huic
291 1905 395 1972 simile
416 1901 642 1985 ὄντεσαλτατος,
666 1909 754 1973 unde
772 1908 964 1975 Eustathius
986 1909 1062 1985 716,
1087 1909 1140 1973 43.
1168 1899 1249 1972 dat-

137 2031 258 2087 στατος
279 2009 408 2096 repetit.
451 2008 623 2075 Postremo
650 2007 837 2097 ὑπέρτατος
866 2034 933 2076 non
963 2034 1004 2088 ex
1033 2004 1251 2095 ὑπερώτατος

137 2121 242 2177 ortum
264 2111 324 2176 sed
347 2110 389 2176 ab
411 2105 496 2195 ὑπέρ
518 2111 700 2198 profectum
718 2123 821 2177 estut
839 2136 859 2177 a
876 2111 943 2198 πρό
960 2109 1124 2197 πρότερος
1134 2107 1248 2194 Apoll.

137 2211 225 2277 Adv.
246 2211 326 2289 556,
354 2213 406 2277 27.
463 2213 518 2279 De
546 2214 714 2298 adjectivis
744 2215 908 2299 qualitatis
942 2214 1025 2279 haec
1053 2219 1248 2277 memoranti

137 2308 208 2380 άπὸ
229 2319 289 2402 τῆς
313 2315 444 2399 τέρενας
465 2318 594 2401 γενικῆς
615 2311 735 2380 εὗθεῖα
760 2320 882 2403 γίνεται
907 2312 926 2384 ὁ
948 2319 1090 2402 τέρενας·
1114 2312 1150 2380 ἐκ
1171 2316 1250 2378 τοῦ·

135 2440 195 2481 του
216 2414 254 2482 τὸ
279 2409 503 2497 τερενεάτερον.
542 2409 581 2480 Ὁ
607 2412 644 2480 δὲ
663 2411 862 2500 Ἀντίμαχος
887 2412 958 2485 άπὸ
985 2421 1044 2483 τοῦ
1075 2411 1095 2480 ὁ
1119 2415 1249 2500 τέρενας

137 2513 222 2582 κατὰ
255 2514 425 2600 σαγκααήν
455 2513 625 2600 τέρεντρον
659 2516 735 2602 (sic)
773 2513 844 2584 άττὸ
875 2517 994 2585 τούτου
1035 2515 1249 2598 τερενώτερος

135 2616 245 2702 Epim.
266 2616 294 2680 1.
316 2616 390 2680 413.
414 2636 497 2698 quae
520 2615 598 2679 satis
621 2619 777 2705 perplexe
799 2621 919 2707 scripta
936 2630 1012 2685 sunt
1035 2618 1094 2685 sed
1117 2628 1247 2681 senten·

136 2719 182 2782 tia
203 2718 302 2782 claret
326 2739 346 2780 a
374 2717 518 2782 secundo
549 2739 628 2782 casu
653 2726 711 2786 τοῦ
740 2721 870 2807 τερενος
897 2723 1053 2786 reflexum
1086 2741 1158 2784 esse
1180 2718 1247 2805 pri-

136 2841 224 2886 mum
246 2813 265 2885 ὁ
287 2820 431 2902 τέρενας,
460 2819 537 2885 hinc
559 2832 666 2885 autem
687 2823 850 2909 proficisci
881 2822 1135 2910 comparativum
1155 2823 1247 2904 τέρε-

135 2917 284 3008 ντότερος,
309 2942 405 3005 quem
427 2919 468 2986 ab
489 2923 688 2989 Antimacho
715 2926 749 2990 in
773 2927 958 3011 τερέντερος
988 2925 1248 2990 transformatum

136 3045 208 3090 esse
242 3046 301 3110 per
329 3047 507 3112 syncopen.
553 3024 637 3092 Cum
669 3028 733 3093 hoc
765 3027 916 3094 convenit
946 3025 1161 3111 μελάντερος,
1196 3023 1248 3087 cui

137 3125 388 3194 Choeroboscus
418 3125 500 3192 Can.
522 3129 569 3192 Π.
596 3131 670 3194 280.
703 3130 882 3216 genitivum
912 3131 1075 3212 με’λαντος
1110 3123 1248 3211 apponit

136 3228 322 3315 pariterque
348 3224 553 3304 ταλάντατος
580 3251 654 3293 cum
681 3232 845 3307 colluvies
872 3229 1013 3306 confert,
1043 3229 1133 3313 quod
1158 3226 1246 3289 idem

137 3328 168 3393 h.
199 3329 220 3394 l.
248 3329 289 3392 ab
319 3326 517 3392 Antimacho
546 3330 708 3414 prolatum
739 3330 832 3405 dicit,
866 3342 899 3394 ct
930 3327 1144 3417 μακάρτατος
1173 3349 1247 3393 cum

134 3427 315 3514 μάκαρτος,
340 3429 396 3514 qui
419 3429 580 3515 genitivus
604 3453 623 3494 a
645 3431 837 3497 Theodosio
862 3431 896 3494 in
918 3433 999 3497 Arte
1017 3432 1090 3496 985.
1116 3431 1249 3518 ponitur

138 3543 353 3615 congruenter
384 3532 586 3598 substantivo
614 3529 792 3618 δάμαρτος.
836 3533 930 3597 Haec
959 3535 1003 3597 ad
1031 3533 1247 3599 nominativos

138 3645 194 3698 aut
215 3631 355 3696 novitios
375 3645 430 3697 aut
451 3634 587 3700 ficticios
604 3630 765 3718 μάκαρος,
782 3631 934 3714 μέλανος,
951 3636 1082 3717 τὲρενος
1094 3657 1248 3700 revocare

136 3733 268 3800 minime
290 3735 441 3798 convenit
467 3736 526 3799 sed
554 3736 664 3821 potius
690 3732 873 3798 terminatio
893 3719 995 3820 ἐἶρος
1017 3736 1184 3821 adjectivis
1214 3736 1248 3801 in

136 3837 293 3923 liquidam
316 3834 509 3899 exeuntibus
531 3835 679 3921 proxime
701 3832 903 3919 agglutinata
925 3848 975 3901 est
991 3836 1075 3901 sicut
1089 3839 1123 3902 in
1144 3836 1247 3902 tribus

123 3939 255 4004 ‘diversi
279 3935 420 4001 merismi
440 3933 606 3999 vocabulis
630 3932 801 4017 ἕάρττρος,
831 3930 1034 4024 άτράρτερος,
1058 3934 1246 4025 ὑπέρτερος.

135 4039 312 4124 chicimus
340 4037 440 4125 igitur
471 4037 560 4123 quod
589 4036 623 4099 in
647 4034 726 4099 ΕΜ.
755 4036 834 4113 546,
869 4037 897 4101 1.
929 4038 1046 4103 dicitur
1072 4040 1167 4128 παρὰ
1191 4040 1249 4128 τὴν

137 4137 233 4220 κυνός
261 4142 390 4230 γενικὴν
419 4136 599 4225 κενώτερος
628 4136 685 4201 καὶ
710 4141 860 4224 συγκοττῂ
894 4135 1045 4228 κάνεερος
1069 4136 1114 4218 ὡς
1143 4143 1249 4226 μέλαν

136 4239 363 4334 μελαντάτερον
384 4239 582 4329 μελάντερον
605 4249 637 4304 et
658 4260 691 4324 p.
715 4237 791 4314 795,
823 4240 872 4304 10.
903 4238 1061 4330 φίλτερος
1088 4242 1184 4330 νεαρὰ
1207 4243 1247 4309 τὸ
