2736 4778
126 368 192 435 nn
214 361 435 434 srrcorn
455 356 601 428 unius
624 354 844 427 vocrnrs.
867 351 1059 442 crura
1090 356 1166 433 277

52 555 116 620 cita
133 552 263 619 videtur
281 546 406 616 vocalia
428 554 504 609 ente
526 539 767 628 diphthongum
781 540 924 625 jactura,
952 560 1059 624 neque
1081 540 1164 606 adeo

25 655 168 721 ·mirum
188 653 275 719 loret
296 650 324 714 ei
346 668 414 733 qna
434 649 564 734 πεφυῐα
585 649 777 708 occurreret.
814 638 884 707 Sed
904 638 1005 703 multo
1026 639 1166 705 incredi-

49 756 150 822 biliue
180 762 232 818 eet
261 771 334 816 eam
363 745 475 831 etiem·
489 753 556 809 tum
585 742 663 808 elidi
687 739 837 830 potuisse
859 761 961 824 quum
982 752 1170 824 sequeretur

53 877 211 922 consona.
257 848 362 934 Cujus
385 865 550 933 syncopae
572 866 657 931 quae
679 843 858 910 afferuntur
882 839 1043 927 exempla,
1063 840 1172 905 omnia

55 966 114 1020 ant
132 953 307 1020 manifesto
329 948 481 1014 ementita
501 954 577 1012 eunt
596 955 654 1010 aut
666 967 690 1017 ‚e
712 944 900 1027 conjectura
915 942 1078 1029 pendent:
1100 936 1171 1009 ἀπὸ

57 1057 118 1123 τοῦ
143 1055 224 1119 arvei
248 1045 367 1139 κινήμρ
393 1046 450 1115 καί
477 1044 561 1115 κατὰ
588 1043 759 1131 συγκοπὴν
784 1043 905 1131 κνήμη·
934 1040 1042 1121 οὕτως
1059 1039 1170 1126 Ἡρω-

55 1151 175 1231 διανὸς
199 1149 257 1217 καί
283 1147 460 1230 Φιλαίξενος
482 1145 633 1232 Theogn.
657 1144 739 1212 Can.
761 1145 818 1223 88,
843 1145 893 1211 16.
921 1144 975 1211 cui
998 1144 1040 1211 de
1059 1145 1170 1210 Hero-

56 1253 157 1318 diano
179 1271 276 1336 aegre
293 1248 402 1316 credo.
432 1248 534 1334 Παρὰ
563 1248 601 1313 τὸ
629 1242 705 1315 roro
731 1245 801 1314 ἐστί
829 1244 867 1313 τὸ
898 1242 1019 1325 ἔνίόιος
1048 1245 1108 1312 καί
1136 1245 1172 1313 ἐν

53 1355 208 1441 συγκοπῇ
234 1347 340 1428 ἔνδιος
368 1347 446 1418 sch.
478 1348 547 1415 od.
572 1347 656 1414 XX.
675 1347 749 1412 204.
795 1345 842 1412 Τὸ
865 1341 986 1413 ἔσπετε
1006 1343 1172 1435 γράφεται

54 1452 115 1519 καὶ
127 1448 263 1520 irruere
273 1447 344 1519 αἰιιὸ
355 1453 415 1517 τοῦ
426 1446 578 1516 ἕνίοπετε
590 1448 676 1515 κατὰ
691 1441 860 1534 συγκοπήν
872 1446 1171 1515 s0h01.11.11.48a

54 1551 153 1640 παρὰ
182 1551 219 1618 τὸ
249 1546 329 1618 εἴδω
356 1544 465 1634 ἴδμιον
491 1545 626 1632 ἷδμονία
658 1547 715 1614 καί
746 1541 904 1630 ἅλ’δμονία
936 1545 992 1614 καὶ
1019 1554 1172 1638 συγκοπῇ

54 1653 111 1720 καί
128 1654 239 1741 τροπῇ
261 1644 407 1738 ἆὸμολίη
433 1643 453 1736 ἡ
478 1642 597 1734 ίίγνοια
611 1649 691 1714 ΕΜ.
710 1648 761 1725 17,
775 1647 828 1712 49.
853 1648 943 1731 quod
961 1647 1016 1712 alii
1032 1648 1171 1717 Glosse-

54 1752 257 1841 graphorum
271 1749 365 1817 aliter
381 1749 527 1816 scribunt
546 1749 636 1814 etad
655 1745 746 1831 δμοίς
759 1747 911 1828 referunt,
935 1750 995 1816 sed
1013 1750 1174 1838 optimum

56 1855 178 1919 factum
205 1851 266 1918 erit
292 1851 335 1916 ad
363 1840 533 1916 munerum
558 1849 691 1935 rejicere
717 1850 956 1937 ignorabilium.
999 1851 1173 1920 Postremo

57 1955 148 2042 quod
169 1953 394 2040 Goettlingiua
421 1952 463 2018 de
484 1953 565 2016 Ace.
589 1952 661 2017 139.
684 1950 858 2037 proposuit
878 1973 999 2016 nomen
1021 1954 1176 2020 creticum

56 2054 159 2141 μνοία
180 2054 247 2120 eive
267 2055 363 2140 μνώα
383 2077 403 2119 a
424 2051 560 2140 proprio
579 2050 699 2129 Μίνως
722 2050 901 2115 derivatum
923 2073 1005 2129 esee,
1028 2051 1092 2119 hoc
1113 2054 1175 2118 mi-

58 2179 122 2221 nue
147 2152 337 2242 probabitur
367 2153 459 2240 quod
487 2151 585 2236 hujus
606 2151 675 2216 iota
694 2151 831 2236 longum
852 2161 911 2217 est.
943 2148 1087 2240 Μναρός
1107 2179 1175 2237 μα·
1231 2148 1234 2153 ’

59 2251 156 2333 λινός
178 2255 260 2320 Hee.
284 2254 372 2327 idem
394 2276 467 2319 ease
488 2251 592 2319 videri
615 2274 653 2318 ac
672 2249 815 2336 μνιαρός
837 2251 904 2316 dixi
922 2252 958 2317 in
981 2253 1104 2320 Techn.
1121 2255 1174 2321 29.

59 2355 132 2423 Sed
143 2376 202 2441 pro
213 2354 326 2439 πέσμα
337 2350 465 2438 πίεομα
477 2347 498 2441 ἢ
508 2353 627 2438 μίσχος
635 2356 717 2420 Hes.
725 2350 945 2421 Schneiderus
954 2354 997 2420 ad
1005 2355 1175 2443 Theophr.

60 2457 103 2522 T.
125 2455 190 2521 111.
221 2477 255 2544 p.
287 2454 359 2520 144.
390 2454 542 2520 emendat
571 2461 709 2537 πεῖσμα.
756 2452 1024 2543 compositorum
1050 2469 1177 2544 partem

57 2559 245 2623 alterutram
266 2555 335 2621 iota
355 2553 530 2640 principali
550 2555 682 2623 destitui
700 2557 847 2623 nonnulli
865 2558 927 2623 sibi
944 2569 1178 2645 persuaserunt

57 2659 210 2746 exemplo
232 2654 477 2724 commenticio:
511 2654 669 2740 Πόλυβος
697 2655 847 2746 συγκοπὴ
870 2659 929 2727 καὶ
952 2654 1011 2743 οίιχ
1032 2656 1178 2750 ὑφαίρε-

57 2781 131 2837 σις·
158 2755 190 2826 εἰ
223 2758 288 2844 γὰρ
321 2753 393 2823 κατ’
432 2753 584 2848 ἔλλειψιν
612 2756 739 2843 ἐγένετο
768 2763 828 2826 τοῦ
862 2748 1063 2848 ἧοίφειλεν
1086 2755 1174 2829 εἶναι

58 2857 216 2942 Πολύβος
235 2852 282 2938 ὡς
300 2853 445 2937 ‹inince-
488 2855 787 2944 Προπαροξύνετοι
814 2856 941 2926 τοίνυν·
969 2853 989 2947 ἢ
1019 2858 1089 2928 ἀπὸ
1105 2867 1178 2929 ’τοῦ

60 2959 242 3044 Πολιίβους
262 2961 413 3046 σογκοπῇ
437 2953 458 3045 ἢ
478 2953 547 3026 ἀπὸ
570 2961 629 3027 τοῦ
656 2957 838 3042 Πολύβιος·
862 2962 943 3042 περί
959 2965 1084 3027 παθῶν
1097 2962 1178 3027 ΕΜ.

60 3061 140 3138 680,
163 3060 216 3125 58.
271 3058 414 3125 Nomina
446 3081 519 3123 cum
551 3055 638 3135 πούς
670 3059 853 3144 composita
886 3058 1077 3145 plerumque
1111 3084 1179 3126 ser·

60 3173 140 3226 vant
161 3169 329 3226 accentum
350 3159 391 3225 ab
413 3158 606 3224 Herodiano
629 3158 865 3245 praescriptum
887 3159 929 3224 ad
949 3161 989 3225 H.
1017 3161 1082 3226 IX.
1105 3162 1178 3229 505.

61 3258 207 3350 ἀρτίπος
236 3257 282 3339 ὡς
309 3255 489 3338 ἀελλόπος,
522 3279 629 3342 neque
662 3259 821 3344 adjectiva
854 3263 960 3328 solum
993 3263 1052 3328 aed
1085 3264 1182 3328 etiam

68 3359 216 3440 Οἰδίπος
234 3359 338 3427 Anth.
360 3359 439 3427 VII.
462 3360 536 3424 429.
566 3358 742 3445 aliquando
769 3371 877 3427 tamen
905 3363 1047 3428 vacillari
1070 3375 1180 3429 osten-

63 3462 147 3526 dunt
165 3460 231 3526 loci
252 3462 286 3526 in
306 3460 425 3527 Perall.
451 3461 524 3527 249.
547 3461 650 3541 allati,
680 3484 762 3548 quos
793 3462 820 3526 si
851 3463 893 3528 ad
912 3465 1058 3552 regulam
1080 3468 1180 3533 corri-

61 3563 181 3649 gimus,
205 3572 315 3628 tamen
335 3561 387 3627 hie
409 3562 576 3648 exemplis,
599 3585 684 3649 quae
707 3563 816 3628 omnia
838 3578 914 3632 aunt
933 3567 1083 3654 poeticae
1102 3591 1180 3636 con-

64 3663 267 3741 suetudinis,
301 3685 370 3730 non
402 3662 614 3751 prohibemur
645 3664 777 3730 eredere
807 3668 932 3734 nomini
958 3670 1180 3758 vulgatissimo

62 3765 236 3847 Πόλυβος,
274 3764 420 3850 quamvis
453 3763 574 3852 pariter
608 3765 792 3845 decurtato,
823 3781 992 3839 accentum
1019 3772 1183 3840 diversum

63 3865 230 3931 redditum
251 3888 340 3944 eaee3
363 3888 463 3952 quare
483 3876 519 3930 ul
537 3863 716 3954 χείμαρρος
733 3889 794 3954 pro
809 3870 1016 3961 χειμάρροος,
1040 3874 1087 3938 sic
1105 3870 1182 3938 Πό-

64 3968 166 4044 λυβος
188 3988 230 4030 ex
252 3964 431 4052 Πολύβοος
451 3967 563 4054 potius
585 3991 682 4053 quam
709 3991 751 4034 ex
774 3971 947 4057 Πολύβιος
976 3983 1082 4037 ortum
1111 3995 1184 4039 esee

63 4075 215 4130 statuam.
259 4064 348 4131 Hinc
370 4077 466 4131 aucta
489 4077 565 4132 aunt
584 4064 730 4154 Εὔβοιος
751 4081 785 4135 et
805 4071 992 4157 Πολύβοια.

150 4171 175 4252 ς.
191 4168 224 4232 2.
253 4166 404 4254 Syllabas
425 4169 599 4257 principali
621 4170 827 4256 subjacentes
847 4173 876 4235 ai
896 4182 1085 4252 scrutamur,
1110 4187 1184 4244 ante

64 4266 177 4335 omnia
199 4268 235 4334 in
251 4269 476 4355 quaestionem
497 4270 586 4335 venit
605 4270 673 4337 iota
691 4272 782 4358 quod
803 4283 878 4339 ante
898 4283 931 4339 et
951 4285 1026 4360 poet
1047 4299 1082 4343 aa
1105 4300 1185 4346 con·
