2736 4778
166 398 223 464 DE
246 398 491 479 SYNAERESI,
513 398 716 466 DIAERESI
739 405 798 467 etc.
831 399 919 466 P.IL
943 400 1028 467 on
1051 402 1079 487 §-
1091 403 1120 468 2.
1139 500 1142 505 y
1158 400 1200 467 99
1284 392 1296 406 ‘

82 522 217 647 unaque
237 569 514 646 propororyoonon
535 564 698 646 supponit3
721 564 858 630 alterurn
878 564 977 647 ignoti
1000 565 1137 631 auctoris
1159 565 1200 631 ab

82 667 262 734 Herodiano
283 666 442 749 proditum
465 666 573 733 addidi
593 664 1200 753 nalemmllal[co13uttm.11337]

80 767 240 856 γερόντων
262 771 318 837 καὶ
341 774 540 857 πλεονασμῷ
561 774 622 836 τοῦ
644 774 665 844 ἶ
684 770 875 860 γεροντίων,
897 770 1010 853 hisque
1032 770 1148 837 similia
1169 772 1202 837 in

81 872 235 939 Herodoti
267 880 302 939 et
322 873 525 956 Hippocratis
557 873 661 955 libris,
695 873 753 940 sed
784 877 932 955 suspecta
952 872 1108 939 Bredovio
1137 872 1202 939 253
1283 890 1287 898 ·

82 972 279 1045 ἆλωιιειιέων
301 977 367 1042 sive
391 972 595 1051 ἅλωιιέιιεων,
618 975 802 1063 propraetor
817 980 876 1042 etc.
920 976 1088 1042 Diversum
1103 994 1203 1059 genua

81 1080 236 1146 immiscet
263 1079 447 1166 Apollonius
468 1078 612 1145 Pronum
638 1076 695 1144 111
720 1080 757 1159 Β,
787 1079 850 1144 tria
883 1080 1011 1147 nomina
1032 1079 1199 1166 ννμηέων,

81 1184 239 1260 ναυτέων,
271 1176 375 1270 ὀρέων
406 1202 469 1249 uno
502 1181 682 1264 complexus
714 1182 867 1248 diaeresis
899 1182 1073 1265 nomine'⁵).
1139 1180 1203 1249 Sed

81 1284 202 1366 differt3
236 1304 309 1350 nam
338 1286 400 1352 duo
422 1286 529 1367 priora
549 1285 677 1350 nomina
709 1301 812 1350 sermo
834 1285 934 1351 civilis
956 1303 1118 1368 nunquam
1139 1305 1202 1352 non

81 1389 246 1470 contrahit
270 1389 415 1455 ultimum
436 1407 519 1454 raro.
578 1387 626 1453 De
648 1388 785 1453 diaecesi
812 1389 896 1470 quod
918 1388 1004 1469 dicit,
1037 1387 1202 1456 theorema

81 1493 207 1558 scholae
229 1497 287 1557 est
331 1491 445 1557 Verius
468 1490 583 1557 dicitur
604 1490 759 1579 νυμφέων
780 1491 938 1572 integrum
960 1508 1040 1572 esse,
1064 1495 1201 1577 νυμφῶν

81 1596 163 1661 crasi
191 1601 382 1677 corruptum.
441 1593 505 1660 Sed
538 1594 734 1676 grammatici
757 1593 894 1676 speciem
917 1599 1086 1675 sequentes
1108 1612 1200 1660 voca-

80 1697 225 1763 bulorum
247 1695 396 1764 flexiones
418 1698 451 1763 in
473 1717 571 1763 unum
592 1700 737 1778 receptas
759 1702 958 1779 praeponunt
979 1697 1201 1765 remotioribus

80 1807 232 1883 tanquam
254 1820 421 1884 germanas
443 1807 477 1866 et
497 1800 641 1883 proprias
668 1796 799 1864 affectis.
857 1799 901 1865 Et
921 1798 981 1866 hac
1003 1801 1125 1866 ratione
1147 1800 1201 1866 ille

81 1905 236 1991 νυμφέων
256 1922 296 1968 ex
318 1907 454 1991 νιιμηιῦν
478 1903 641 1968 diductum
663 1920 734 1967 esse
764 1903 810 1968 ait
832 1903 946 1984 epsilo,
980 1903 1064 1985 quod
1086 1904 1119 1967 in
1140 1903 1203 1968 oir-.

81 2005 232 2074 cumllaxo
259 2006 480 2078 {delitescere
504 2007 647 2086 sumitur,
669 2006 702 2069 in
724 2005 883 2086 integrum
905 2006 1063 2071 restituto.
1096 2005 1200 2086 Atque

80 2109 162 2174 hano
182 2111 274 2192 quasi
296 2109 506 2174 evolutionem
538 2109 733 2191 populariter
756 2109 913 2178 diaeresin
934 2112 1056 2173 vocant.
1122 2107 1200 2173 Inde

81 2230 154 2278 vero
173 2230 231 2294 per
248 2213 463 2294 synemptosin
485 2212 644 2293 quandam
655 2211 845 2277 translatum
857 2210 982 2276 videtur
993 2211 1035 2283 ad
1046 2211 1201 2293 genitivos

79 2314 195 2381 tertiae
227 2315 446 2387 declinationis
478 2313 650 2396 bisyllabos
672 2319 709 2380 ut
733 2319 841 2403 χηνιῦν
864 2313 1005 2401 χηνέων,
1040 2319 1200 2396 postremo

79 2418 121 2483 ad
154 2437 222 2500 eos,
256 2436 389 2501 quorum
410 2417 522 2482 ultima
543 2424 708 2499 moratur:
737 2412 946 2484 ἀλωιιέιιεων,
1003 2412 1126 2502 ’operor
1159 2416 1200 2482 ab
1315 2468 1316 2475 ι

80 2522 245 2603 Apollonio
276 2522 338 2586 huc
370 2520 493 2585 illatum
526 2520 568 2585 ad
600 2519 759 2586 diversum
792 2538 891 2602 genua
924 2520 1080 2602 pertinet,
1117 2520 1202 2599 quod

80 2625 201 2706 epsilon
233 2624 451 2690 declinationis
483 2622 554 2704 lege
586 2641 644 2705 per
677 2640 785 2688 omnes
815 2640 907 2688 casus
928 2617 1092 2706 propagat.
1158 2621 1202 2687 Et

80 2726 145 2793 hoc
167 2732 302 2810 poscunt
323 2727 506 2793 Atticistae:
527 2720 663 2794 ἀνθέων
687 2719 811 2807 ὁμοίως
832 2723 1020 2813 wig-nupti
1035 2721 1146 2793 Ἴωσιν
1168 2720 1201 2791 oi

78 2824 249 2896 >terme
272 2826 358 2895 οὕτω
392 2830 427 2894 δι’
460 2827 515 2895 noi
546 2829 681 2913 βελέων,
705 2822 824 2914 ,ὀρέων
855 2827 910 2895 καὶ
940 2826 1035 2915 ἕτερα
1064 2825 1200 2894 πλείονα

81 2931 166 2999 Suid.
198 2937 231 2998 et
256 2933 296 2999 al.
319 2933 359 2998 ad
381 2932 496 3014 Phryn.
519 2929 591 2999 454.
656 2930 777 2995 Eodem
810 2931 904 2996 modo
935 2931 1018 3012 epici
1050 2930 1200 3009 scribunt,

80 3036 147 3101 sive
169 3041 270 3103 metro
291 3036 506 3102 necessarium
517 3038 581 3099 est:
594 3028 699 3114 ἀχέων
711 3028 873 3114 μεγάλων,
894 3032 1020 3115 μελέων
1042 3037 1111 3112 etc,
1134 3034 1200 3098 sive

79 3138 158 3204 dicia
181 3157 290 3205 causa:
320 3138 469 3220 τευχέων,
503 3135 644 3215 νεικέων,
680 3131 824 3221 νιρόἕων
845 3135 973 3200 exclusa
995 3136 1086 3216 crasi,
1119 3153 1200 3218 quae

79 3239 172 3318 hodie
203 3261 244 3309 ne
276 3241 503 3308 recentioribus
524 3237 663 3321 ‘quidem
696 3238 885 3318 conceditur,
919 3257 948 3305 v.
981 3238 1121 3321 Koechly
1158 3239 1200 3305 ad

80 3342 184 3419 Quint
206 3344 285 3411 VIlI
306 3344 378 3411 397.
393 3382 429 3392 —
445 3340 647 3409 alienissima
668 3358 743 3406 vero
776 3345 826 3405 est
847 3340 901 3428 ab·
914 3341 1144 3424 andronymicis
1168 3346 1201 3407 et

79 3447 248 3527 gentiliciis
269 3447 303 3512 in
325 3450 384 3525 ξῐιξι
422 3443 576 3533 Θησέως,
602 3440 772 3520 nauticos,
797 3444 911 3525 quibus
934 3445 962 3509 si
983 3450 1120 3510 metrum
1143 3445 1199 3511 ad-

79 3555 233 3628 versatur,
256 3550 408 3632 synizesis
430 3548 570 3614 succurit
596 3551 634 3612 ut
659 3541 784 3624 Οἰνέως
804 3546 837 3611 in
860 3546 987 3612 exordio
1009 3549 1200 3629 pentametri

78 3651 174 3717 Anth.
196 3650 276 3734 App.
299 3651 401 3718 11149
425 3657 459 3718 11
479 3650 664 3733 saepissime
687 3649 772 3731 apud
793 3649 939 3731 tragicos.
984 3651 1200 3717 Anteoedente

78 3773 153 3820 vero
176 3756 275 3821 vocali
297 3738 454 3838 scriptuia
474 3753 620 3820 fluctuat:
644 3752 685 3818 ιὰ
708 3747 755 3830 εἰς
768 3755 812 3829 {a}
827 3751 1081 3839 ddvxatoprfoo
1100 3755 1200 3836 ἔχωσι

79 3856 116 3922 τὸ
145 3854 173 3938 ἕ,
197 3864 401 3947 σαναιρεῖται
423 3859 512 3946 παρὰ
535 3851 834 3944 ιοῖςἏθηναίοιςι
855 3853 1080 3943 Ἔμειμιῶς,
1105 3860 1199 3921 Παι-

78 3965 211 4046 paroc·
234 3960 293 4027 ἐὰν
315 3962 352 4029 δὲ
373 3960 419 4048 μὴ
443 3960 500 4051 ἔχη
523 3959 677 4031 καθόλου
699 3962 772 4044 (scr.
784 3960 999 4042 καθαρεῦον),
1023 3953 1061 4025 οὗ
1086 3982 1200 4025 συναι-

147 4117 174 4181 5)
192 4119 247 4171 Hic
264 4114 312 4183 τὴν
330 4134 398 4169 auru
382 4111 627 4170 ιιδιιὲαιασιινδα
610 4119 716 4185 αἰρεσιν
733 4122 813 4168 vocat
830 4114 983 4182 alignfioana
1000 4113 1113 4164 fortasse
1131 4129 1202 4178 eam,

79 4218 131 4268 qua
149 4202 393 4255 eircnnfflexumoi
419 4202 597 4269 1ιι1ω,ιιιιι11
615 4209 780 4255 contractum
797 4208 910 4268 putatur,
928 4216 1019 4252 rursus
1035 4185 1198 4262 dissolvitur,

78 4305 162 4356 coque
179 4292 284 4342 nomina
302 4222 428 4343 discernii
453 4306 470 4342 1
495 4288 627 4341 1111111111
643 4289 705 4354 illa,
734 4305 787 4356 qua
812 4288 969 4356 diphthongi
995 4287 1178 4338 dirimuntur'
1170 4301 1199 4335 ιιι

76 4376 193 4442 vocales,
211 4376 486 4444 aquibuscouatcnt,
513 4391 537 4429 ιι
553 4377 582 4427 in
609 4380 640 4441 ιῖ,
660 4395 690 4430 αι
680 4378 791 4431 ιίιιαϊ.

844 4435 1106 4503 ,61·
