<?xml version="1.0" encoding="UTF-8"?>
<!DOCTYPE html PUBLIC "-//W3C//DTD XHTML 1.0 Transitional//EN"
    "http://www.w3.org/TR/xhtml1/DTD/xhtml1-transitional.dtd">
<html xmlns="http://www.w3.org/1999/xhtml" xml:lang="en" lang="en">
 <head>
  <title>
</title>
<meta http-equiv="Content-Type" content="text/html;charset=utf-8" />
  <meta name='ocr-system' content='tesseract 3.04.00' />
  <meta name='ocr-capabilities' content='ocr_page ocr_carea ocr_par ocr_line ocrx_word'/>
</head>
<body>
  <div class='ocr_page' id='page_1' title='image "./pathologiaegrae00lobegoog_0592.png"; bbox 0 0 2736 4778; ppageno 0'>
   <div class='ocr_carea' id='block_1_1' title="bbox 130 336 881 427">
    <p class='ocr_par' dir='ltr' id='par_1_1' title="bbox 130 336 881 427">
     <span class='ocr_line' id='line_1_1' title="bbox 130 336 881 427; baseline -0.027 0"><span class='ocrx_word' id='word_1_1' title='bbox 130 348 204 427; x_wconf 73' lang='lat'><strong>590</strong></span> <span class='ocrx_word' id='word_1_2' title='bbox 488 336 811 413; x_wconf 77' lang='lat' dir='ltr'><strong>DISSERTATIO</strong></span> <span class='ocrx_word' id='word_1_3' title='bbox 838 338 881 410; x_wconf 87' lang='lat' dir='ltr'><strong>V.</strong></span> 
     </span>
    </p>
   </div>
   <div class='ocr_carea' id='block_1_2' title="bbox 32 520 1269 3569">
    <p class='ocr_par' dir='ltr' id='par_1_2' title="bbox 32 520 1269 3569">
     <span class='ocr_line' id='line_1_2' title="bbox 123 520 1242 618; baseline -0.009 -17"><span class='ocrx_word' id='word_1_4' title='bbox 123 527 309 609; x_wconf 72' lang='grc' dir='ltr'><strong><em>Ἀνώπολνς</em></strong></span> <span class='ocrx_word' id='word_1_5' title='bbox 339 527 429 594; x_wconf 91' lang='lat' dir='ltr'><strong>urbis</strong></span> <span class='ocrx_word' id='word_1_6' title='bbox 458 527 606 595; x_wconf 84' lang='lat' dir='ltr'>Creticae</span> <span class='ocrx_word' id='word_1_7' title='bbox 634 528 751 618; x_wconf 88' lang='lat' dir='ltr'><strong>Steph.</strong></span> <span class='ocrx_word' id='word_1_8' title='bbox 780 552 806 594; x_wconf 89' lang='lat' dir='ltr'><strong>s.</strong></span> <span class='ocrx_word' id='word_1_9' title='bbox 833 520 987 614; x_wconf 77' lang='grc' dir='ltr'><strong><em>Ἀραάήν.</em></strong></span> <span class='ocrx_word' id='word_1_10' title='bbox 1037 520 1242 591; x_wconf 83' lang='lat' dir='ltr'><strong>Adverbium</strong></span> 
     </span>
     <span class='ocr_line' id='line_1_3' title="bbox 32 622 1242 719; baseline -0.006 -19"><span class='ocrx_word' id='word_1_11' title='bbox 32 622 40 635; x_wconf 63' lang='lat'>⁸</span> <span class='ocrx_word' id='word_1_12' title='bbox 129 629 236 718; x_wconf 82' lang='grc' dir='ltr'><strong><em>χαμαί</em></strong></span> <span class='ocrx_word' id='word_1_13' title='bbox 271 653 344 697; x_wconf 91' lang='lat' dir='ltr'><strong>cum</strong></span> <span class='ocrx_word' id='word_1_14' title='bbox 378 630 562 698; x_wconf 76' lang='lat' dir='ltr'>verbalibus</span> <span class='ocrx_word' id='word_1_15' title='bbox 596 632 644 699; x_wconf 88' lang='lat' dir='ltr'><strong>sic</strong></span> <span class='ocrx_word' id='word_1_16' title='bbox 676 642 714 697; x_wconf 91' lang='lat' dir='ltr'><strong>ut</strong></span> <span class='ocrx_word' id='word_1_17' title='bbox 744 633 822 719; x_wconf 78' lang='grc' dir='ltr'><strong>τῆλε</strong></span> <span class='ocrx_word' id='word_1_18' title='bbox 855 625 1001 714; x_wconf 78' lang='lat' dir='ltr'>synthesi</span> <span class='ocrx_word' id='word_1_19' title='bbox 1032 626 1242 713; x_wconf 84' lang='lat' dir='ltr'><strong>conjungitur</strong></span> 
     </span>
     <span class='ocr_line' id='line_1_4' title="bbox 128 729 1242 820; baseline -0.008 -18"><span class='ocrx_word' id='word_1_20' title='bbox 128 731 382 819; x_wconf 81' lang='grc' dir='ltr'><strong><em>χαμαιεάρετος,</em></strong></span> <span class='ocrx_word' id='word_1_21' title='bbox 401 731 667 820; x_wconf 79' lang='grc' dir='ltr'><strong><em>χαμαίστρωτος,</em></strong></span> <span class='ocrx_word' id='word_1_22' title='bbox 685 755 759 798; x_wconf 84' lang='lat' dir='ltr'><strong>cum</strong></span> <span class='ocrx_word' id='word_1_23' title='bbox 773 730 953 819; x_wconf 80' lang='lat' dir='ltr'><strong>participiis</strong></span> <span class='ocrx_word' id='word_1_24' title='bbox 970 729 1072 796; x_wconf 86' lang='lat' dir='ltr'><strong>levius</strong></span> <span class='ocrx_word' id='word_1_25' title='bbox 1089 729 1242 796; x_wconf 75' lang='lat' dir='ltr'><strong>cohaeret</strong></span> 
     </span>
     <span class='ocr_line' id='line_1_5' title="bbox 128 825 1242 924; baseline -0.004 -22"><span class='ocrx_word' id='word_1_26' title='bbox 128 835 232 919; x_wconf 71' lang='grc' dir='ltr'><strong><em>χαμαί</em></strong></span> <span class='ocrx_word' id='word_1_27' title='bbox 254 833 422 922; x_wconf 76' lang='grc' dir='ltr'><strong><em>ἐρχόμενον</em></strong></span> <span class='ocrx_word' id='word_1_28' title='bbox 443 828 621 924; x_wconf 56' lang='lat' dir='ltr'><strong>&amp;sapenos</strong></span> <span class='ocrx_word' id='word_1_29' title='bbox 631 884 639 914; x_wconf 92' lang='lat'><strong>,</strong></span> <span class='ocrx_word' id='word_1_30' title='bbox 657 835 764 912; x_wconf 81' lang='grc' dir='ltr'><strong><em>λωτὸς</em></strong></span> <span class='ocrx_word' id='word_1_31' title='bbox 781 832 886 915; x_wconf 81' lang='grc' dir='ltr'><strong><em>χαμαί</em></strong></span> <span class='ocrx_word' id='word_1_32' title='bbox 904 825 1084 917; x_wconf 73' lang='grc' dir='ltr'><strong><em>αὐξόμενος</em></strong></span> <span class='ocrx_word' id='word_1_33' title='bbox 1098 829 1242 900; x_wconf 83' lang='lat' dir='ltr'><strong>Theocr.</strong></span> 
     </span>
     <span class='ocr_line' id='line_1_6' title="bbox 127 933 1243 1022; baseline -0.003 -20"><span class='ocrx_word' id='word_1_34' title='bbox 127 936 336 1004; x_wconf 81' lang='lat' dir='ltr'><strong>xv111.42.</strong></span> <span class='ocrx_word' id='word_1_35' title='bbox 366 957 504 1022; x_wconf 93' lang='lat' dir='ltr'><strong>quorum</strong></span> <span class='ocrx_word' id='word_1_36' title='bbox 531 936 574 1000; x_wconf 91' lang='lat' dir='ltr'><strong>ad</strong></span> <span class='ocrx_word' id='word_1_37' title='bbox 602 934 845 1001; x_wconf 88' lang='lat' dir='ltr'><strong>similitudinem</strong></span> <span class='ocrx_word' id='word_1_38' title='bbox 870 933 1089 1000; x_wconf 88' lang='lat' dir='ltr'><strong>revocandum</strong></span> <span class='ocrx_word' id='word_1_39' title='bbox 1114 933 1243 1000; x_wconf 87' lang='lat' dir='ltr'><strong>videtm·</strong></span> 
     </span>
     <span class='ocr_line' id='line_1_7' title="bbox 127 1035 1258 1126; baseline -0.001 -22"><span class='ocrx_word' id='word_1_40' title='bbox 127 1035 419 1126; x_wconf 72' lang='grc' dir='ltr'><strong><em>χαμαισθνμὲναιο</em></strong></span> <span class='ocrx_word' id='word_1_41' title='bbox 441 1035 588 1126; x_wconf 62' lang='lat' dir='ltr'><strong>ustilari</strong></span> <span class='ocrx_word' id='word_1_42' title='bbox 608 1035 688 1106; x_wconf 84' lang='lat' dir='ltr'><strong>Joh.</strong></span> <span class='ocrx_word' id='word_1_43' title='bbox 709 1036 792 1103; x_wconf 85' lang='lat' dir='ltr'><strong>Gaz.</strong></span> <span class='ocrx_word' id='word_1_44' title='bbox 812 1036 1044 1104; x_wconf 77' lang='lat' dir='ltr'><strong>Tab.11.291.</strong></span> <span class='ocrx_word' id='word_1_45' title='bbox 1089 1036 1160 1105; x_wconf 85' lang='lat' dir='ltr'><strong>Sed</strong></span> <span class='ocrx_word' id='word_1_46' title='bbox 1182 1058 1258 1125; x_wconf 76' lang='lat' dir='ltr'><strong>pro,</strong></span> 
     </span>
     <span class='ocr_line' id='line_1_8' title="bbox 128 1132 1241 1226; baseline 0.002 -23"><span class='ocrx_word' id='word_1_47' title='bbox 128 1160 194 1203; x_wconf 91' lang='lat' dir='ltr'><strong>uno</strong></span> <span class='ocrx_word' id='word_1_48' title='bbox 223 1136 310 1203; x_wconf 82' lang='lat' dir='ltr'><strong>valet</strong></span> <span class='ocrx_word' id='word_1_49' title='bbox 338 1132 520 1221; x_wconf 79' lang='grc' dir='ltr'><strong><em>ὑψιμέδων.</em></strong></span> <span class='ocrx_word' id='word_1_50' title='bbox 564 1137 805 1205; x_wconf 87' lang='lat' dir='ltr'><strong>Adverbiorum</strong></span> <span class='ocrx_word' id='word_1_51' title='bbox 833 1138 1060 1226; x_wconf 76' lang='lat' dir='ltr'><strong>temporalium</strong></span> <span class='ocrx_word' id='word_1_52' title='bbox 1087 1137 1241 1225; x_wconf 77' lang='lat' dir='ltr'><strong>frequen·</strong></span> 
     </span>
     <span class='ocr_line' id='line_1_9' title="bbox 129 1232 1243 1330; baseline 0.002 -25"><span class='ocrx_word' id='word_1_53' title='bbox 129 1240 289 1305; x_wconf 77' lang='lat' dir='ltr'><strong>tissimum</strong></span> <span class='ocrx_word' id='word_1_54' title='bbox 317 1238 447 1327; x_wconf 84' lang='lat' dir='ltr'><strong>attingit</strong></span> <span class='ocrx_word' id='word_1_55' title='bbox 473 1239 682 1307; x_wconf 86' lang='lat' dir='ltr'><strong>Herodianus</strong></span> <span class='ocrx_word' id='word_1_56' title='bbox 708 1239 819 1330; x_wconf 87' lang='lat' dir='ltr'><strong>Epim.</strong></span> <span class='ocrx_word' id='word_1_57' title='bbox 843 1239 915 1306; x_wconf 88' lang='lat'>184.</span> <span class='ocrx_word' id='word_1_58' title='bbox 942 1239 984 1306; x_wconf 77' lang='lat' dir='ltr'><strong>cd</strong></span> <span class='ocrx_word' id='word_1_59' title='bbox 1012 1237 1108 1322; x_wconf 84' lang='grc' dir='ltr'><strong><em>παρὰ</em></strong></span> <span class='ocrx_word' id='word_1_60' title='bbox 1130 1238 1169 1306; x_wconf 75' lang='grc' dir='ltr'><strong>τὸ</strong></span> <span class='ocrx_word' id='word_1_61' title='bbox 1191 1232 1243 1307; x_wconf 82' lang='grc' dir='ltr'><strong>ἀεί</strong></span> 
     </span>
     <span class='ocr_line' id='line_1_10' title="bbox 131 1330 1240 1430; baseline -0.005 -20"><span class='ocrx_word' id='word_1_62' title='bbox 131 1331 164 1410; x_wconf 78' lang='grc' dir='ltr'><strong>ἐν</strong></span> <span class='ocrx_word' id='word_1_63' title='bbox 188 1342 344 1411; x_wconf 82' lang='grc' dir='ltr'><strong><em>συνθέσει</em></strong></span> <span class='ocrx_word' id='word_1_64' title='bbox 371 1337 526 1428; x_wconf 74' lang='grc' dir='ltr'><strong><em>γινόμενα</em></strong></span> <span class='ocrx_word' id='word_1_65' title='bbox 555 1341 612 1410; x_wconf 76' lang='grc' dir='ltr'><strong>διὰ</strong></span> <span class='ocrx_word' id='word_1_66' title='bbox 638 1345 698 1430; x_wconf 82' lang='grc' dir='ltr'><strong>τῆς</strong></span> <span class='ocrx_word' id='word_1_67' title='bbox 717 1330 759 1410; x_wconf 56' lang='grc' dir='ltr'><em>ᾗ</em></span> <span class='ocrx_word' id='word_1_68' title='bbox 782 1337 968 1430; x_wconf 76' lang='grc' dir='ltr'><strong><em>γράφονται</em></strong></span> <span class='ocrx_word' id='word_1_69' title='bbox 999 1333 1240 1424; x_wconf 79' lang='grc' dir='ltr'><strong><em>ἀεισάρθενος,</em></strong></span> 
     </span>
     <span class='ocr_line' id='line_1_11' title="bbox 130 1437 1239 1530; baseline -0.003 -20"><span class='ocrx_word' id='word_1_70' title='bbox 130 1438 337 1530; x_wconf 75' lang='grc' dir='ltr'><strong><em>ἀείμνηστος,</em></strong></span> <span class='ocrx_word' id='word_1_71' title='bbox 360 1437 500 1524; x_wconf 85' lang='grc' dir='ltr'><strong><em>ἀείζωος</em></strong></span> <span class='ocrx_word' id='word_1_72' title='bbox 522 1452 582 1508; x_wconf 90' lang='lat' dir='ltr'><strong>etc.</strong></span> <span class='ocrx_word' id='word_1_73' title='bbox 606 1453 638 1509; x_wconf 92' lang='lat' dir='ltr'><strong>et</strong></span> <span class='ocrx_word' id='word_1_74' title='bbox 661 1443 779 1511; x_wconf 91' lang='lat' dir='ltr'><strong>iisdem</strong></span> <span class='ocrx_word' id='word_1_75' title='bbox 800 1442 867 1509; x_wconf 86' lang='lat' dir='ltr'><strong>iere</strong></span> <span class='ocrx_word' id='word_1_76' title='bbox 891 1439 1049 1528; x_wconf 85' lang='lat' dir='ltr'><strong>exemplis</strong></span> <span class='ocrx_word' id='word_1_77' title='bbox 1072 1438 1187 1508; x_wconf 83' lang='lat' dir='ltr'><strong>Schol</strong></span> <span class='ocrx_word' id='word_1_78' title='bbox 1206 1440 1239 1510; x_wconf 86' lang='lat' dir='ltr'><strong>S.</strong></span> 
     </span>
     <span class='ocr_line' id='line_1_12' title="bbox 130 1542 1240 1631; baseline -0.004 -18"><span class='ocrx_word' id='word_1_79' title='bbox 130 1542 241 1613; x_wconf 88' lang='lat' dir='ltr'><strong>Germ.</strong></span> <span class='ocrx_word' id='word_1_80' title='bbox 272 1566 325 1631; x_wconf 89' lang='lat' dir='ltr'><strong>ap.</strong></span> <span class='ocrx_word' id='word_1_81' title='bbox 349 1544 458 1630; x_wconf 87' lang='lat' dir='ltr'><strong>Heyn.</strong></span> <span class='ocrx_word' id='word_1_82' title='bbox 487 1544 529 1609; x_wconf 89' lang='lat' dir='ltr'><strong>ad</strong></span> <span class='ocrx_word' id='word_1_83' title='bbox 555 1545 593 1610; x_wconf 91' lang='lat' dir='ltr'><strong>ll.</strong></span> <span class='ocrx_word' id='word_1_84' title='bbox 621 1544 662 1611; x_wconf 86' lang='grc' dir='ltr'><strong>Τ.</strong></span> <span class='ocrx_word' id='word_1_85' title='bbox 682 1546 742 1614; x_wconf 91' lang='lat' dir='ltr'><strong>VI.</strong></span> <span class='ocrx_word' id='word_1_86' title='bbox 764 1544 837 1611; x_wconf 88' lang='grc'><strong>638.</strong></span> <span class='ocrx_word' id='word_1_87' title='bbox 854 1549 906 1631; x_wconf 82' lang='lat'><strong>¹³)</strong></span> <span class='ocrx_word' id='word_1_88' title='bbox 948 1542 1097 1609; x_wconf 89' lang='lat' dir='ltr'><strong>Primum</strong></span> <span class='ocrx_word' id='word_1_89' title='bbox 1126 1542 1240 1610; x_wconf 87' lang='lat' dir='ltr'><strong>horum</strong></span> 
     </span>
     <span class='ocr_line' id='line_1_13' title="bbox 129 1640 1241 1735; baseline 0 -24"><span class='ocrx_word' id='word_1_90' title='bbox 129 1656 299 1712; x_wconf 86' lang='lat' dir='ltr'><strong>accentum</strong></span> <span class='ocrx_word' id='word_1_91' title='bbox 317 1655 419 1710; x_wconf 85' lang='lat' dir='ltr'><strong>mutat</strong></span> <span class='ocrx_word' id='word_1_92' title='bbox 440 1666 514 1711; x_wconf 89' lang='lat' dir='ltr'><strong>oum</strong></span> <span class='ocrx_word' id='word_1_93' title='bbox 531 1645 712 1724; x_wconf 82' lang='lat' dir='ltr'><strong>intellectu3</strong></span> <span class='ocrx_word' id='word_1_94' title='bbox 730 1669 807 1712; x_wconf 90' lang='lat' dir='ltr'><strong>nam</strong></span> <span class='ocrx_word' id='word_1_95' title='bbox 824 1640 879 1714; x_wconf 81' lang='grc' dir='ltr'><strong>ἀεί</strong></span> <span class='ocrx_word' id='word_1_96' title='bbox 901 1645 1069 1735; x_wconf 74' lang='grc' dir='ltr'><strong>παρθένοι</strong></span> <span class='ocrx_word' id='word_1_97' title='bbox 1085 1656 1241 1712; x_wconf 85' lang='lat' dir='ltr'><strong>vocantur</strong></span> 
     </span>
     <span class='ocr_line' id='line_1_14' title="bbox 129 1745 1242 1836; baseline 0.002 -23"><span class='ocrx_word' id='word_1_98' title='bbox 129 1747 286 1836; x_wconf 74' lang='lat' dir='ltr'><strong>innuptae</strong></span> <span class='ocrx_word' id='word_1_99' title='bbox 307 1745 471 1833; x_wconf 81' lang='lat' dir='ltr'><strong>quaelihet</strong></span> <span class='ocrx_word' id='word_1_100' title='bbox 492 1747 559 1813; x_wconf 88' lang='lat' dir='ltr'><strong>sive</strong></span> <span class='ocrx_word' id='word_1_101' title='bbox 583 1747 663 1814; x_wconf 90' lang='lat' dir='ltr'><strong>deae</strong></span> <span class='ocrx_word' id='word_1_102' title='bbox 686 1749 754 1816; x_wconf 90' lang='lat' dir='ltr'><strong>sive</strong></span> <span class='ocrx_word' id='word_1_103' title='bbox 774 1746 937 1825; x_wconf 76' lang='lat' dir='ltr'><strong>mortales,</strong></span> <span class='ocrx_word' id='word_1_104' title='bbox 961 1746 1020 1812; x_wconf 94' lang='lat' dir='ltr'><strong>sed</strong></span> <span class='ocrx_word' id='word_1_105' title='bbox 1041 1747 1068 1812; x_wconf 88' lang='lat' dir='ltr'><strong>si</strong></span> <span class='ocrx_word' id='word_1_106' title='bbox 1089 1746 1242 1816; x_wconf 73' lang='lat' dir='ltr'><strong>Vestales</strong></span> 
     </span>
     <span class='ocr_line' id='line_1_15' title="bbox 129 1848 1242 1939; baseline 0.002 -24"><span class='ocrx_word' id='word_1_107' title='bbox 129 1872 190 1939; x_wconf 89' lang='lat' dir='ltr'><strong>per</strong></span> <span class='ocrx_word' id='word_1_108' title='bbox 207 1849 465 1916; x_wconf 82' lang='lat' dir='ltr'><strong>antonomasiam</strong></span> <span class='ocrx_word' id='word_1_109' title='bbox 485 1848 548 1915; x_wconf 88' lang='lat' dir='ltr'><strong>hoc</strong></span> <span class='ocrx_word' id='word_1_110' title='bbox 567 1872 687 1915; x_wconf 91' lang='lat' dir='ltr'><strong>nomen</strong></span> <span class='ocrx_word' id='word_1_111' title='bbox 706 1849 884 1939; x_wconf 88' lang='lat' dir='ltr'><strong>accipiunt,</strong></span> <span class='ocrx_word' id='word_1_112' title='bbox 902 1848 1053 1918; x_wconf 87' lang='lat' dir='ltr'><strong>convenit</strong></span> <span class='ocrx_word' id='word_1_113' title='bbox 1069 1850 1242 1936; x_wconf 79' lang='lat' dir='ltr'><strong>conjuncte</strong></span> 
     </span>
     <span class='ocr_line' id='line_1_16' title="bbox 129 1945 1242 2039; baseline 0 -22"><span class='ocrx_word' id='word_1_114' title='bbox 129 1949 194 2017; x_wconf 88' lang='lat' dir='ltr'><strong>dici</strong></span> <span class='ocrx_word' id='word_1_115' title='bbox 217 1945 437 2036; x_wconf 81' lang='grc' dir='ltr'><strong><em>ἀειπάρθενοι</em></strong></span> <span class='ocrx_word' id='word_1_116' title='bbox 457 1961 494 2017; x_wconf 90' lang='lat' dir='ltr'><strong>ut</strong></span> <span class='ocrx_word' id='word_1_117' title='bbox 513 1952 681 2039; x_wconf 83' lang='lat' dir='ltr'><strong>vulgatum</strong></span> <span class='ocrx_word' id='word_1_118' title='bbox 702 1952 804 2019; x_wconf 89' lang='lat' dir='ltr'><strong>estin</strong></span> <span class='ocrx_word' id='word_1_119' title='bbox 822 1950 924 2019; x_wconf 92' lang='lat' dir='ltr'><strong>Dion.</strong></span> <span class='ocrx_word' id='word_1_120' title='bbox 947 1949 1040 2018; x_wconf 82' lang='lat' dir='ltr'><strong>Cass.</strong></span> <span class='ocrx_word' id='word_1_121' title='bbox 1051 1948 1242 2020; x_wconf 87' lang='lat' dir='ltr'><strong>XXXVII.</strong></span> 
     </span>
     <span class='ocr_line' id='line_1_17' title="bbox 129 2050 1242 2144; baseline 0 -25"><span class='ocrx_word' id='word_1_122' title='bbox 129 2053 181 2119; x_wconf 83' lang='lat'><strong>45.</strong></span> <span class='ocrx_word' id='word_1_123' title='bbox 211 2050 300 2120; x_wconf 87' lang='lat' dir='ltr'>CVI.</span> <span class='ocrx_word' id='word_1_124' title='bbox 324 2051 355 2118; x_wconf 79' lang='lat'><strong>5.</strong></span> <span class='ocrx_word' id='word_1_125' title='bbox 385 2053 444 2119; x_wconf 94' lang='lat' dir='ltr'><strong>sed</strong></span> <span class='ocrx_word' id='word_1_126' title='bbox 476 2066 612 2121; x_wconf 84' lang='lat' dir='ltr'><strong>accentu</strong></span> <span class='ocrx_word' id='word_1_127' title='bbox 641 2054 724 2122; x_wconf 87' lang='lat' dir='ltr'><strong>male</strong></span> <span class='ocrx_word' id='word_1_128' title='bbox 754 2055 788 2120; x_wconf 92' lang='lat' dir='ltr'><strong>in</strong></span> <span class='ocrx_word' id='word_1_129' title='bbox 810 2053 989 2144; x_wconf 87' lang='lat' dir='ltr'><strong>penultima</strong></span> <span class='ocrx_word' id='word_1_130' title='bbox 1017 2052 1142 2136; x_wconf 82' lang='lat' dir='ltr'><strong>relicto.</strong></span> <span class='ocrx_word' id='word_1_131' title='bbox 1178 2052 1242 2137; x_wconf 64' lang='lat' dir='ltr'><strong>,sie</strong></span> 
     </span>
     <span class='ocr_line' id='line_1_18' title="bbox 131 2149 1269 2243; baseline 0.004 -23"><span class='ocrx_word' id='word_1_132' title='bbox 131 2155 229 2221; x_wconf 89' lang='lat' dir='ltr'><strong>etiam</strong></span> <span class='ocrx_word' id='word_1_133' title='bbox 250 2177 309 2221; x_wconf 85' lang='lat' dir='ltr'><strong>rex</strong></span> <span class='ocrx_word' id='word_1_134' title='bbox 332 2176 498 2221; x_wconf 87' lang='lat' dir='ltr'><strong>sacrorum</strong></span> <span class='ocrx_word' id='word_1_135' title='bbox 525 2180 546 2222; x_wconf 91' lang='lat' dir='ltr'><strong>a</strong></span> <span class='ocrx_word' id='word_1_136' title='bbox 565 2156 729 2243; x_wconf 84' lang='lat' dir='ltr'><strong>Dionysio</strong></span> <span class='ocrx_word' id='word_1_137' title='bbox 750 2158 843 2224; x_wconf 86' lang='lat' dir='ltr'><strong>Antt</strong></span> <span class='ocrx_word' id='word_1_138' title='bbox 865 2158 927 2225; x_wconf 91' lang='lat' dir='ltr'><strong>IV.</strong></span> <span class='ocrx_word' id='word_1_139' title='bbox 951 2157 1001 2222; x_wconf 80' lang='grc'><strong>74.</strong></span> <span class='ocrx_word' id='word_1_140' title='bbox 1030 2149 1269 2240; x_wconf 77' lang='grc' dir='ltr'><strong><em>ἀενβασιλαίς.</em></strong></span> 
     </span>
     <span class='ocr_line' id='line_1_19' title="bbox 130 2255 1242 2347; baseline -0.002 -24"><span class='ocrx_word' id='word_1_141' title='bbox 130 2256 314 2346; x_wconf 89' lang='lat' dir='ltr'><strong>appellatur</strong></span> <span class='ocrx_word' id='word_1_142' title='bbox 339 2256 474 2325; x_wconf 85' lang='lat' dir='ltr'><strong>vocibus</strong></span> <span class='ocrx_word' id='word_1_143' title='bbox 507 2259 663 2326; x_wconf 78' lang='lat' dir='ltr'><strong>connexis</strong></span> <span class='ocrx_word' id='word_1_144' title='bbox 696 2258 732 2326; x_wconf 90' lang='lat' dir='ltr'><strong>id</strong></span> <span class='ocrx_word' id='word_1_145' title='bbox 760 2259 851 2347; x_wconf 92' lang='lat' dir='ltr'><strong>quod</strong></span> <span class='ocrx_word' id='word_1_146' title='bbox 883 2256 1025 2325; x_wconf 87' lang='lat' dir='ltr'><strong>editores</strong></span> <span class='ocrx_word' id='word_1_147' title='bbox 1058 2255 1242 2323; x_wconf 87' lang='lat' dir='ltr'><strong>interductu</strong></span> 
     </span>
     <span class='ocr_line' id='line_1_20' title="bbox 130 2355 1242 2447; baseline -0.001 -22"><span class='ocrx_word' id='word_1_148' title='bbox 130 2358 379 2447; x_wconf 83' lang='lat' dir='ltr'><strong>significandum</strong></span> <span class='ocrx_word' id='word_1_149' title='bbox 396 2370 551 2446; x_wconf 83' lang='lat' dir='ltr'><strong>putaumt</strong></span> <span class='ocrx_word' id='word_1_150' title='bbox 569 2355 623 2428; x_wconf 84' lang='grc' dir='ltr'><strong>ἀεί</strong></span> <span class='ocrx_word' id='word_1_151' title='bbox 636 2400 673 2410; x_wconf 96' lang='grc'>-</span> <span class='ocrx_word' id='word_1_152' title='bbox 685 2357 845 2447; x_wconf 76' lang='grc' dir='ltr'><strong><em>βασιλεύς</em></strong></span> <span class='ocrx_word' id='word_1_153' title='bbox 859 2360 909 2445; x_wconf 91' lang='lat'><strong>¹⁴)</strong></span> <span class='ocrx_word' id='word_1_154' title='bbox 933 2358 992 2425; x_wconf 89' lang='lat' dir='ltr'><strong>sed</strong></span> <span class='ocrx_word' id='word_1_155' title='bbox 1011 2369 1147 2425; x_wconf 89' lang='lat' dir='ltr'><strong>accentu</strong></span> <span class='ocrx_word' id='word_1_156' title='bbox 1165 2380 1242 2447; x_wconf 88' lang='lat' dir='ltr'><strong>pro-</strong></span> 
     </span>
     <span class='ocr_line' id='line_1_21' title="bbox 129 2454 1241 2548; baseline -0.001 -22"><span class='ocrx_word' id='word_1_157' title='bbox 129 2471 202 2548; x_wconf 85' lang='lat' dir='ltr'><strong>pter</strong></span> <span class='ocrx_word' id='word_1_158' title='bbox 223 2461 439 2527; x_wconf 82' lang='lat' dir='ltr'><strong>characterem</strong></span> <span class='ocrx_word' id='word_1_159' title='bbox 461 2485 528 2527; x_wconf 88' lang='lat' dir='ltr'><strong>non</strong></span> <span class='ocrx_word' id='word_1_160' title='bbox 551 2471 652 2528; x_wconf 90' lang='lat' dir='ltr'><strong>moto.</strong></span> <span class='ocrx_word' id='word_1_161' title='bbox 689 2461 845 2528; x_wconf 72' lang='lat' dir='ltr'><strong>‘Alterum</strong></span> <span class='ocrx_word' id='word_1_162' title='bbox 866 2454 1062 2546; x_wconf 76' lang='grc' dir='ltr'><strong><em>ἀείμνηστος</em></strong></span> <span class='ocrx_word' id='word_1_163' title='bbox 1082 2459 1119 2525; x_wconf 88' lang='lat' dir='ltr'><strong>in</strong></span> <span class='ocrx_word' id='word_1_164' title='bbox 1139 2457 1241 2526; x_wconf 88' lang='lat' dir='ltr'><strong>Anth.</strong></span> 
     </span>
     <span class='ocr_line' id='line_1_22' title="bbox 129 2558 1241 2651; baseline -0.003 -23"><span class='ocrx_word' id='word_1_165' title='bbox 129 2565 222 2651; x_wconf 90' lang='lat' dir='ltr'><strong>App.</strong></span> <span class='ocrx_word' id='word_1_166' title='bbox 242 2587 273 2628; x_wconf 91' lang='lat' dir='ltr'><strong>n.</strong></span> <span class='ocrx_word' id='word_1_167' title='bbox 286 2563 358 2628; x_wconf 80' lang='lat'><strong>290.</strong></span> <span class='ocrx_word' id='word_1_168' title='bbox 377 2563 612 2630; x_wconf 82' lang='lat' dir='ltr'><strong>restituendum</strong></span> <span class='ocrx_word' id='word_1_169' title='bbox 627 2574 677 2629; x_wconf 88' lang='lat' dir='ltr'><strong>est</strong></span> <span class='ocrx_word' id='word_1_170' title='bbox 692 2586 752 2651; x_wconf 89' lang='lat' dir='ltr'><strong>pro</strong></span> <span class='ocrx_word' id='word_1_171' title='bbox 775 2559 829 2630; x_wconf 82' lang='grc' dir='ltr'><strong>ἀεὶ</strong></span> <span class='ocrx_word' id='word_1_172' title='bbox 848 2560 991 2651; x_wconf 68' lang='lat' dir='ltr'><strong>paperes</strong></span> <span class='ocrx_word' id='word_1_173' title='bbox 1014 2558 1094 2644; x_wconf 75' lang='grc' dir='ltr'><strong><em>ἔχων</em></strong></span> <span class='ocrx_word' id='word_1_174' title='bbox 1114 2558 1241 2628; x_wconf 80' lang='grc' dir='ltr'><strong><em>πόθον·</em></strong></span> 
     </span>
     <span class='ocr_line' id='line_1_23' title="bbox 130 2653 1243 2752; baseline -0.002 -23"><span class='ocrx_word' id='word_1_175' title='bbox 130 2687 206 2729; x_wconf 91' lang='lat' dir='ltr'><strong>nam</strong></span> <span class='ocrx_word' id='word_1_176' title='bbox 237 2665 375 2751; x_wconf 84' lang='lat' dir='ltr'><strong>simplex</strong></span> <span class='ocrx_word' id='word_1_177' title='bbox 406 2663 551 2752; x_wconf 81' lang='grc' dir='ltr'><strong><em>μνησιός</em></strong></span> <span class='ocrx_word' id='word_1_178' title='bbox 582 2665 680 2729; x_wconf 91' lang='lat' dir='ltr'><strong>alium</strong></span> <span class='ocrx_word' id='word_1_179' title='bbox 710 2665 908 2731; x_wconf 88' lang='lat' dir='ltr'><strong>intellectum</strong></span> <span class='ocrx_word' id='word_1_180' title='bbox 930 2653 1041 2728; x_wconf 70' lang='lat' dir='ltr'><strong>‘habet</strong></span> <span class='ocrx_word' id='word_1_181' title='bbox 1072 2674 1105 2729; x_wconf 93' lang='lat' dir='ltr'><strong>et</strong></span> <span class='ocrx_word' id='word_1_182' title='bbox 1137 2675 1243 2730; x_wconf 86' lang='lat' dir='ltr'><strong>cetera</strong></span> 
     </span>
     <span class='ocr_line' id='line_1_24' title="bbox 131 2757 1243 2852; baseline 0.002 -23"><span class='ocrx_word' id='word_1_183' title='bbox 131 2787 262 2851; x_wconf 89' lang='lat' dir='ltr'><strong>quoque</strong></span> <span class='ocrx_word' id='word_1_184' title='bbox 295 2764 435 2831; x_wconf 88' lang='lat' dir='ltr'><strong>verbalia</strong></span> <span class='ocrx_word' id='word_1_185' title='bbox 464 2766 628 2831; x_wconf 90' lang='lat' dir='ltr'><strong>sociantur</strong></span> <span class='ocrx_word' id='word_1_186' title='bbox 656 2765 826 2844; x_wconf 88' lang='lat' dir='ltr'><strong>adverbio,</strong></span> <span class='ocrx_word' id='word_1_187' title='bbox 860 2760 1027 2849; x_wconf 77' lang='grc' dir='ltr'><strong><em>ἀείρετος,</em></strong></span> <span class='ocrx_word' id='word_1_188' title='bbox 1058 2757 1243 2852; x_wconf 74' lang='grc' dir='ltr'><strong><em>ἀεικίνητος</em></strong></span> 
     </span>
     <span class='ocr_line' id='line_1_25' title="bbox 132 2863 1241 2954; baseline 0 -22"><span class='ocrx_word' id='word_1_189' title='bbox 132 2877 192 2932; x_wconf 86' lang='lat' dir='ltr'><strong>etc.</strong></span> <span class='ocrx_word' id='word_1_190' title='bbox 242 2866 390 2933; x_wconf 88' lang='lat' dir='ltr'><strong>Tertium</strong></span> <span class='ocrx_word' id='word_1_191' title='bbox 422 2863 562 2950; x_wconf 79' lang='grc' dir='ltr'><strong><em>ἀείζωος</em></strong></span> <span class='ocrx_word' id='word_1_192' title='bbox 596 2869 769 2954; x_wconf 87' lang='lat' dir='ltr'><strong>quominus</strong></span> <span class='ocrx_word' id='word_1_193' title='bbox 805 2867 973 2934; x_wconf 86' lang='lat' dir='ltr'><strong>divellatur</strong></span> <span class='ocrx_word' id='word_1_194' title='bbox 1009 2866 1119 2932; x_wconf 90' lang='lat' dir='ltr'><strong>obstat</strong></span> <span class='ocrx_word' id='word_1_195' title='bbox 1153 2888 1241 2932; x_wconf 90' lang='lat' dir='ltr'><strong>com·</strong></span> 
     </span>
     <span class='ocr_line' id='line_1_26' title="bbox 130 2964 1243 3060; baseline -0.001 -26"><span class='ocrx_word' id='word_1_196' title='bbox 130 2967 270 3035; x_wconf 82' lang='lat' dir='ltr'><strong>munitas</strong></span> <span class='ocrx_word' id='word_1_197' title='bbox 292 2970 460 3057; x_wconf 90' lang='lat' dir='ltr'><strong>utriusque</strong></span> <span class='ocrx_word' id='word_1_198' title='bbox 481 2972 610 3058; x_wconf 83' lang='lat' dir='ltr'><strong>generis</strong></span> <span class='ocrx_word' id='word_1_199' title='bbox 633 2966 651 3037; x_wconf 79' lang='grc' dir='ltr'><strong>ί)</strong></span> <span class='ocrx_word' id='word_1_200' title='bbox 674 2981 707 3037; x_wconf 88' lang='lat' dir='ltr'><strong>et</strong></span> <span class='ocrx_word' id='word_1_201' title='bbox 729 2969 747 3060; x_wconf 80' lang='grc' dir='ltr'><strong><em>ἡ</em></strong></span> <span class='ocrx_word' id='word_1_202' title='bbox 771 2964 910 3051; x_wconf 80' lang='grc' dir='ltr'><strong><em>ἀείζωος</em></strong></span> <span class='ocrx_word' id='word_1_203' title='bbox 932 2981 964 3035; x_wconf 91' lang='lat' dir='ltr'><strong>et</strong></span> <span class='ocrx_word' id='word_1_204' title='bbox 985 2968 1076 3055; x_wconf 91' lang='lat' dir='ltr'><strong>quod</strong></span> <span class='ocrx_word' id='word_1_205' title='bbox 1098 2969 1141 3034; x_wconf 90' lang='lat' dir='ltr'><strong>ad</strong></span> <span class='ocrx_word' id='word_1_206' title='bbox 1162 2990 1243 3034; x_wconf 92' lang='lat' dir='ltr'><strong>neu·</strong></span> 
     </span>
     <span class='ocr_line' id='line_1_27' title="bbox 131 3068 1241 3161; baseline -0.003 -22"><span class='ocrx_word' id='word_1_207' title='bbox 131 3084 215 3139; x_wconf 90' lang='lat' dir='ltr'><strong>trum</strong></span> <span class='ocrx_word' id='word_1_208' title='bbox 237 3068 376 3156; x_wconf 85' lang='grc' dir='ltr'><strong><em>ἀείζωον</em></strong></span> <span class='ocrx_word' id='word_1_209' title='bbox 399 3073 527 3153; x_wconf 88' lang='lat' dir='ltr'><strong>attinet,</strong></span> <span class='ocrx_word' id='word_1_210' title='bbox 550 3073 743 3161; x_wconf 85' lang='lat' dir='ltr'><strong>significatio</strong></span> <span class='ocrx_word' id='word_1_211' title='bbox 767 3071 977 3147; x_wconf 82' lang='lat' dir='ltr'><strong>substantivi3</strong></span> <span class='ocrx_word' id='word_1_212' title='bbox 998 3070 1033 3135; x_wconf 92' lang='lat' dir='ltr'><strong>id</strong></span> <span class='ocrx_word' id='word_1_213' title='bbox 1057 3070 1143 3135; x_wconf 90' lang='lat' dir='ltr'><strong>enim</strong></span> <span class='ocrx_word' id='word_1_214' title='bbox 1165 3093 1241 3160; x_wconf 93' lang='lat' dir='ltr'><strong>pro-</strong></span> 
     </span>
     <span class='ocr_line' id='line_1_28' title="bbox 131 3166 1243 3263; baseline -0.003 -24"><span class='ocrx_word' id='word_1_215' title='bbox 131 3174 321 3262; x_wconf 87' lang='lat' dir='ltr'><strong>priumfuit</strong></span> <span class='ocrx_word' id='word_1_216' title='bbox 348 3174 469 3243; x_wconf 86' lang='lat' dir='ltr'><strong>herbae</strong></span> <span class='ocrx_word' id='word_1_217' title='bbox 497 3199 632 3255; x_wconf 88' lang='lat' dir='ltr'><strong>nomen,</strong></span> <span class='ocrx_word' id='word_1_218' title='bbox 663 3199 760 3263; x_wconf 88' lang='lat' dir='ltr'><strong>quam</strong></span> <span class='ocrx_word' id='word_1_219' title='bbox 780 3172 966 3259; x_wconf 85' lang='lat' dir='ltr'><strong>Aeschylus</strong></span> <span class='ocrx_word' id='word_1_220' title='bbox 991 3166 1130 3254; x_wconf 85' lang='grc' dir='ltr'><strong><em>ἀείζωον</em></strong></span> <span class='ocrx_word' id='word_1_221' title='bbox 1154 3169 1243 3239; x_wconf 79' lang='grc' dir='ltr'><strong><em>πόαν</em></strong></span> 
     </span>
     <span class='ocr_line' id='line_1_29' title="bbox 130 3273 1242 3365; baseline -0.003 -23"><span class='ocrx_word' id='word_1_222' title='bbox 130 3290 234 3343; x_wconf 85' lang='lat' dir='ltr'><strong>vocat</strong></span> <span class='ocrx_word' id='word_1_223' title='bbox 279 3278 347 3344; x_wconf 88' lang='lat' dir='ltr'><strong>Sed</strong></span> <span class='ocrx_word' id='word_1_224' title='bbox 374 3301 473 3365; x_wconf 88' lang='lat' dir='ltr'><strong>saepe</strong></span> <span class='ocrx_word' id='word_1_225' title='bbox 495 3301 546 3344; x_wconf 88' lang='lat' dir='ltr'><strong>res</strong></span> <span class='ocrx_word' id='word_1_226' title='bbox 575 3278 624 3343; x_wconf 86' lang='lat' dir='ltr'><strong>ita</strong></span> <span class='ocrx_word' id='word_1_227' title='bbox 648 3287 834 3365; x_wconf 85' lang='lat' dir='ltr'><strong>comparata</strong></span> <span class='ocrx_word' id='word_1_228' title='bbox 855 3285 904 3340; x_wconf 90' lang='lat' dir='ltr'><strong>est</strong></span> <span class='ocrx_word' id='word_1_229' title='bbox 931 3285 968 3340; x_wconf 93' lang='lat' dir='ltr'><strong>ut</strong></span> <span class='ocrx_word' id='word_1_230' title='bbox 995 3295 1054 3361; x_wconf 88' lang='lat' dir='ltr'><strong>pro</strong></span> <span class='ocrx_word' id='word_1_231' title='bbox 1085 3273 1242 3359; x_wconf 87' lang='lat' dir='ltr'><strong>cujusque</strong></span> 
     </span>
     <span class='ocr_line' id='line_1_30' title="bbox 132 3374 1241 3468; baseline -0.004 -23"><span class='ocrx_word' id='word_1_232' title='bbox 132 3402 230 3445; x_wconf 89' lang='lat' dir='ltr'><strong>sensu</strong></span> <span class='ocrx_word' id='word_1_233' title='bbox 249 3379 378 3445; x_wconf 85' lang='lat' dir='ltr'><strong>vincula</strong></span> <span class='ocrx_word' id='word_1_234' title='bbox 400 3379 616 3468; x_wconf 86' lang='lat' dir='ltr'><strong>appositionis</strong></span> <span class='ocrx_word' id='word_1_235' title='bbox 640 3390 672 3446; x_wconf 91' lang='lat' dir='ltr'><strong>et</strong></span> <span class='ocrx_word' id='word_1_236' title='bbox 695 3377 854 3464; x_wconf 83' lang='lat' dir='ltr'><strong>adstringi</strong></span> <span class='ocrx_word' id='word_1_237' title='bbox 880 3388 910 3442; x_wconf 93' lang='lat' dir='ltr'><strong>et</strong></span> <span class='ocrx_word' id='word_1_238' title='bbox 938 3374 1075 3461; x_wconf 69' lang='lat' dir='ltr'><strong>reluctari</strong></span> <span class='ocrx_word' id='word_1_239' title='bbox 1103 3375 1241 3462; x_wconf 87' lang='lat' dir='ltr'><strong>possint.</strong></span> 
     </span>
     <span class='ocr_line' id='line_1_31' title="bbox 130 3473 1243 3569; baseline -0.003 -23"><span class='ocrx_word' id='word_1_240' title='bbox 130 3482 171 3546; x_wconf 91' lang='lat' dir='ltr'><strong>In</strong></span> <span class='ocrx_word' id='word_1_241' title='bbox 185 3483 333 3569; x_wconf 85' lang='lat' dir='ltr'><strong>Euphor.</strong></span> <span class='ocrx_word' id='word_1_242' title='bbox 349 3482 404 3548; x_wconf 82' lang='lat' dir='ltr'><strong>Fr.</strong></span> <span class='ocrx_word' id='word_1_243' title='bbox 416 3481 545 3550; x_wconf 88' lang='lat' dir='ltr'><strong>LXIV.</strong></span> <span class='ocrx_word' id='word_1_244' title='bbox 564 3485 694 3561; x_wconf 82' lang='grc' dir='ltr'><strong><em>πτῶκες</em></strong></span> <span class='ocrx_word' id='word_1_245' title='bbox 716 3476 947 3567; x_wconf 79' lang='grc' dir='ltr'><strong><em>ἀειχλωρσῖσιν</em></strong></span> <span class='ocrx_word' id='word_1_246' title='bbox 968 3473 1122 3545; x_wconf 79' lang='grc' dir='ltr'><strong><em>ἰαύεσκον</em></strong></span> <span class='ocrx_word' id='word_1_247' title='bbox 1142 3478 1243 3562; x_wconf 66' lang='lat' dir='ltr'><strong>ptolo-</strong></span> 
     </span>
    </p>
   </div>
   <div class='ocr_carea' id='block_1_3' title="bbox 132 3704 1245 4393">
    <p class='ocr_par' dir='ltr' id='par_1_3' title="bbox 133 3704 1243 3943">
     <span class='ocr_line' id='line_1_32' title="bbox 204 3704 1243 3786; baseline -0.005 -19"><span class='ocrx_word' id='word_1_248' title='bbox 204 3715 248 3780; x_wconf 84' lang='lat'><strong>13)</strong></span> <span class='ocrx_word' id='word_1_249' title='bbox 265 3712 443 3785; x_wconf 75' lang='grc' dir='ltr'><strong><em>Ἀειγενέτης,</em></strong></span> <span class='ocrx_word' id='word_1_250' title='bbox 463 3714 539 3785; x_wconf 90' lang='lat' dir='ltr'><strong>quod</strong></span> <span class='ocrx_word' id='word_1_251' title='bbox 556 3711 602 3769; x_wconf 90' lang='lat' dir='ltr'><strong>hic</strong></span> <span class='ocrx_word' id='word_1_252' title='bbox 620 3708 789 3786; x_wconf 84' lang='lat' dir='ltr'><strong>interponit,</strong></span> <span class='ocrx_word' id='word_1_253' title='bbox 809 3727 866 3767; x_wconf 89' lang='lat' dir='ltr'><strong>non</strong></span> <span class='ocrx_word' id='word_1_254' title='bbox 886 3704 1070 3783; x_wconf 85' lang='lat' dir='ltr'><strong>compositum</strong></span> <span class='ocrx_word' id='word_1_255' title='bbox 1088 3715 1133 3763; x_wconf 86' lang='lat' dir='ltr'><strong>est</strong></span> <span class='ocrx_word' id='word_1_256' title='bbox 1152 3709 1206 3763; x_wconf 86' lang='lat' dir='ltr'><strong>sed</strong></span> <span class='ocrx_word' id='word_1_257' title='bbox 1227 3723 1243 3762; x_wconf 80' lang='lat' dir='ltr'><strong>e</strong></span> 
     </span>
     <span class='ocr_line' id='line_1_33' title="bbox 133 3794 1241 3872; baseline -0.008 -16"><span class='ocrx_word' id='word_1_258' title='bbox 133 3797 289 3872; x_wconf 84' lang='lat' dir='ltr'><strong>composito</strong></span> <span class='ocrx_word' id='word_1_259' title='bbox 306 3796 431 3871; x_wconf 71' lang='grc' dir='ltr'><strong>ἀειγενὴς</strong></span> <span class='ocrx_word' id='word_1_260' title='bbox 449 3800 604 3855; x_wconf 86' lang='lat' dir='ltr'><strong>derivatum</strong></span> <span class='ocrx_word' id='word_1_261' title='bbox 626 3806 657 3854; x_wconf 90' lang='lat' dir='ltr'><strong>ut</strong></span> <span class='ocrx_word' id='word_1_262' title='bbox 677 3797 832 3869; x_wconf 78' lang='grc' dir='ltr'><strong><em>εὖγενέιης,</em></strong></span> <span class='ocrx_word' id='word_1_263' title='bbox 851 3797 996 3870; x_wconf 58' lang='lat' dir='ltr'><strong>stipamur</strong></span> <span class='ocrx_word' id='word_1_264' title='bbox 1016 3814 1043 3849; x_wconf 86' lang='lat' dir='ltr'><strong>v.</strong></span> <span class='ocrx_word' id='word_1_265' title='bbox 1062 3794 1167 3849; x_wconf 90' lang='lat' dir='ltr'><strong>Parall.</strong></span> <span class='ocrx_word' id='word_1_266' title='bbox 1183 3795 1241 3849; x_wconf 81' lang='grc'><strong>437.</strong></span> 
     </span>
     <span class='ocr_line' id='line_1_34' title="bbox 133 3888 238 3943; baseline -0.019 0"><span class='ocrx_word' id='word_1_267' title='bbox 133 3895 162 3943; x_wconf 88' lang='lat' dir='ltr'><strong>et</strong></span> <span class='ocrx_word' id='word_1_268' title='bbox 179 3888 238 3941; x_wconf 89' lang='grc'><strong>447.</strong></span> 
     </span>
    </p>

    <p class='ocr_par' dir='ltr' id='par_1_4' title="bbox 132 3960 1245 4393">
     <span class='ocr_line' id='line_1_35' title="bbox 202 3960 1242 4044; baseline -0.006 -17"><span class='ocrx_word' id='word_1_269' title='bbox 202 3974 248 4044; x_wconf 83' lang='grc'><strong>14)</strong></span> <span class='ocrx_word' id='word_1_270' title='bbox 265 3971 345 4029; x_wconf 86' lang='lat' dir='ltr'><strong>Haec</strong></span> <span class='ocrx_word' id='word_1_271' title='bbox 359 3978 426 4027; x_wconf 90' lang='lat' dir='ltr'><strong>nota</strong></span> <span class='ocrx_word' id='word_1_272' title='bbox 441 3967 572 4028; x_wconf 85' lang='lat' dir='ltr'><strong>convenit</strong></span> <span class='ocrx_word' id='word_1_273' title='bbox 584 3967 707 4043; x_wconf 80' lang='lat' dir='ltr'><strong>Appias.</strong></span> <span class='ocrx_word' id='word_1_274' title='bbox 723 3966 780 4026; x_wconf 87' lang='lat' dir='ltr'><strong>Civ.</strong></span> <span class='ocrx_word' id='word_1_275' title='bbox 792 3967 815 4024; x_wconf 92' lang='grc' dir='ltr'><strong>Ι.</strong></span> <span class='ocrx_word' id='word_1_276' title='bbox 831 3972 872 4024; x_wconf 80' lang='grc'><strong>98.</strong></span> <span class='ocrx_word' id='word_1_277' title='bbox 888 3966 936 4024; x_wconf 75' lang='grc' dir='ltr'><strong><em>τὸν</em></strong></span> <span class='ocrx_word' id='word_1_278' title='bbox 951 3963 1126 4040; x_wconf 79' lang='grc' dir='ltr'><strong><em>καλούμενον</em></strong></span> <span class='ocrx_word' id='word_1_279' title='bbox 1139 3960 1242 4040; x_wconf 61' lang='lat' dir='ltr'><strong>parati</strong></span> 
     </span>
     <span class='ocr_line' id='line_1_36' title="bbox 132 4048 1244 4130; baseline -0.007 -17"><span class='ocrx_word' id='word_1_280' title='bbox 132 4062 245 4127; x_wconf 74' lang='grc' dir='ltr'><strong><em>βασιλέα</em></strong></span> <span class='ocrx_word' id='word_1_281' title='bbox 268 4057 297 4114; x_wconf 91' lang='lat' dir='ltr'><strong>id</strong></span> <span class='ocrx_word' id='word_1_282' title='bbox 315 4066 359 4114; x_wconf 90' lang='lat' dir='ltr'><strong>est</strong></span> <span class='ocrx_word' id='word_1_283' title='bbox 381 4056 565 4130; x_wconf 86' lang='lat' dir='ltr'><strong>interregem,</strong></span> <span class='ocrx_word' id='word_1_284' title='bbox 578 4057 625 4129; x_wconf 89' lang='lat' dir='ltr'><strong>qui</strong></span> <span class='ocrx_word' id='word_1_285' title='bbox 638 4055 707 4111; x_wconf 88' lang='lat' dir='ltr'><strong>alibi</strong></span> <span class='ocrx_word' id='word_1_286' title='bbox 721 4048 920 4130; x_wconf 75' lang='grc' dir='ltr'><strong><em>μεσοβασιλειίς</em></strong></span> <span class='ocrx_word' id='word_1_287' title='bbox 934 4063 1059 4111; x_wconf 86' lang='lat' dir='ltr'><strong>vocatur.</strong></span> <span class='ocrx_word' id='word_1_288' title='bbox 1097 4054 1168 4110; x_wconf 87' lang='lat' dir='ltr'><strong>Cum</strong></span> <span class='ocrx_word' id='word_1_289' title='bbox 1187 4050 1244 4107; x_wconf 78' lang='grc' dir='ltr'><strong>ἀει·</strong></span> 
     </span>
     <span class='ocr_line' id='line_1_37' title="bbox 133 4140 1245 4218; baseline -0.002 -19"><span class='ocrx_word' id='word_1_290' title='bbox 133 4143 259 4214; x_wconf 72' lang='grc' dir='ltr'><strong><em>βασιλεύς</em></strong></span> <span class='ocrx_word' id='word_1_291' title='bbox 277 4144 399 4201; x_wconf 85' lang='lat' dir='ltr'><strong>cont&#39;erri</strong></span> <span class='ocrx_word' id='word_1_292' title='bbox 417 4152 509 4218; x_wconf 85' lang='lat' dir='ltr'><strong>potest</strong></span> <span class='ocrx_word' id='word_1_293' title='bbox 530 4161 632 4200; x_wconf 89' lang='lat' dir='ltr'><strong>nomen</strong></span> <span class='ocrx_word' id='word_1_294' title='bbox 651 4141 781 4198; x_wconf 84' lang='lat' dir='ltr'><strong>factionis</strong></span> <span class='ocrx_word' id='word_1_295' title='bbox 800 4141 928 4199; x_wconf 87' lang='lat' dir='ltr'><strong>Milesiae</strong></span> <span class='ocrx_word' id='word_1_296' title='bbox 946 4140 1088 4198; x_wconf 75' lang='grc' dir='ltr'><strong><em>ἀενναῦιαι</em></strong></span> <span class='ocrx_word' id='word_1_297' title='bbox 1107 4140 1245 4197; x_wconf 76' lang='lat' dir='ltr'><strong>etesium</strong></span> 
     </span>
     <span class='ocr_line' id='line_1_38' title="bbox 133 4229 1244 4301; baseline 0 -17"><span class='ocrx_word' id='word_1_298' title='bbox 133 4229 283 4293; x_wconf 75' lang='grc' dir='ltr'><strong><em>ἀεισκῶοες</em></strong></span> <span class='ocrx_word' id='word_1_299' title='bbox 301 4233 416 4288; x_wconf 88' lang='lat' dir='ltr'><strong>Aristot.</strong></span> <span class='ocrx_word' id='word_1_300' title='bbox 435 4232 472 4287; x_wconf 90' lang='lat' dir='ltr'><strong>ll.</strong></span> <span class='ocrx_word' id='word_1_301' title='bbox 490 4233 565 4287; x_wconf 87' lang='lat' dir='ltr'><strong>Ana.</strong></span> <span class='ocrx_word' id='word_1_302' title='bbox 583 4230 635 4286; x_wconf 89' lang='lat' dir='ltr'><strong>lX.</strong></span> <span class='ocrx_word' id='word_1_303' title='bbox 654 4232 697 4285; x_wconf 79' lang='lat'><strong>28.</strong></span> <span class='ocrx_word' id='word_1_304' title='bbox 719 4233 797 4301; x_wconf 90' lang='lat' dir='ltr'><strong>quod</strong></span> <span class='ocrx_word' id='word_1_305' title='bbox 818 4230 846 4287; x_wconf 88' lang='lat' dir='ltr'><strong>in</strong></span> <span class='ocrx_word' id='word_1_306' title='bbox 865 4233 975 4287; x_wconf 90' lang='lat' dir='ltr'><strong>duobus</strong></span> <span class='ocrx_word' id='word_1_307' title='bbox 995 4233 1078 4288; x_wconf 87' lang='lat' dir='ltr'><strong>codd.</strong></span> <span class='ocrx_word' id='word_1_308' title='bbox 1098 4229 1244 4294; x_wconf 85' lang='lat' dir='ltr'><strong>dirimitur,</strong></span> 
     </span>
     <span class='ocr_line' id='line_1_39' title="bbox 134 4316 736 4393; baseline -0.005 -18"><span class='ocrx_word' id='word_1_309' title='bbox 134 4316 163 4375; x_wconf 89' lang='lat' dir='ltr'><strong>iu</strong></span> <span class='ocrx_word' id='word_1_310' title='bbox 180 4317 317 4375; x_wconf 80' lang='lat' dir='ltr'><strong>Athenaei</strong></span> <span class='ocrx_word' id='word_1_311' title='bbox 336 4319 400 4374; x_wconf 86' lang='lat' dir='ltr'><strong>loco</strong></span> <span class='ocrx_word' id='word_1_312' title='bbox 416 4326 667 4393; x_wconf 76' lang='lat' dir='ltr'><strong>proparoxytonon</strong></span> <span class='ocrx_word' id='word_1_313' title='bbox 684 4325 736 4374; x_wconf 88' lang='lat' dir='ltr'><strong>est.</strong></span> 
     </span>
    </p>
   </div>
   <div class='ocr_carea' id='block_1_4' title="bbox 0 0 1375 4778">
    <p class='ocr_par' dir='ltr' id='par_1_5' title="bbox 0 0 1375 4778">
     <span class='ocr_line' id='line_1_40' title="bbox 0 0 1375 4778; baseline 0 0"><span class='ocrx_word' id='word_1_314' title='bbox 0 0 1375 4778; x_wconf 95' lang='lat' dir='ltr'><strong> </strong></span> 
     </span>
    </p>
   </div>
  </div>
 </body>
</html>
