2736 4778
423 1275 831 1395 PRAEFATIO.

153 1871 248 1951 Huic
269 1885 353 1951 libro
378 1886 561 1973 praestruxi
583 1885 826 1972 Prolegomena
847 1883 1083 1971 Pathologias,
1108 1910 1192 1973 quae
1215 1838 1220 1845 ι

66 2010 220 2076 vestibuli
249 2010 352 2076 instar
380 2020 472 2086 sunt3
503 2031 590 2074 nunc
615 2010 755 2075 lector-sa
783 2009 827 2074 ad
855 2010 1036 2093 penetralia
1066 2013 1143 2075 artis
1172 2036 1194 2077 a
1230 2044 1234 2049 ·
1303 2002 1311 2017 ’
1341 2002 1351 2021 “

68 2136 299 2217 Grammaticis
333 2134 470 2221 opipare
500 2133 678 2197 instructae
712 2132 903 2197 deducendi
933 2142 1024 2211 sunt,
1067 2155 1133 2219 quo
1165 2136 1193 2200 si
1265 2186 1271 2193 .

66 2263 258 2328 intraverint
289 2282 356 2326 non
388 2256 566 2322 admodum
601 2256 743 2323 mirabor
774 2257 802 2321 si
838 2269 1040 2342 spectatores
1078 2261 1192 2327 novitii

67 2387 131 2453 sibi
153 2392 189 2453 in
213 2384 440 2452 nosocomium
461 2381 630 2468 quoddam
660 2382 832 2449 devenisse
858 2382 1033 2449 videantur
1053 2384 1191 2451 circum·

66 2511 257 2579 sistentibus
292 2511 438 2595 undique
468 2506 638 2574 vocabulis
665 2507 754 2573 varie
788 2507 932 2573 distortis
965 2508 1190 2596 similibusque

64 2660 220 2703 versumn
246 2657 330 2720 quos
356 2633 481 2699 metrici
507 2632 699 2718 acephalos,
728 2631 963 2720 procephaloa,
990 2630 1190 2698 isohiorrho·

65 2759 161 2845 gicos
183 2770 317 2836 vocant3
349 2782 425 2824 nam
445 2779 558 2822 vorsus
587 2779 721 2844 quoque
748 2758 894 2842 quamvis
918 2757 1026 2823 divino
1050 2779 1106 2823 oro
1127 2756 1192 2823 lusi

65 2907 128 2950 sua
148 2883 272 2949 habent
293 2881 403 2972 πάθη.
447 2884 489 2949 Id
509 2894 610 2968 eaput
628 2882 688 2946 luit
708 2882 836 2969 priseae
859 2882 1066 2971 disciplinae,
1097 2887 1190 2970 cujus

28 3048 34 3055 -
63 3009 222 3095 reliquias
241 3010 421 3095 permulta
434 3007 600 3074 volumina
621 3029 753 3092 sparsas
779 3008 842 3073 hoc
859 3008 894 3072 in
913 3006 1000 3075 libro
1017 3009 1191 3075 ordinatim

66 3155 266 3220 componere
299 3135 453 3200 constitui
486 3172 528 3183 -
565 3134 691 3217 μικρὰς
725 3128 893 3216 ozaenas
925 3122 989 3197 ἀπ’
1020 3126 1190 3199 Ὠκεανοῦ.

64 3260 201 3326 Initium
230 3258 408 3344 quaerendi
438 3255 613 3322 attulerunt
643 3255 787 3322 celebres
813 3254 890 3321 illae
915 3256 957 3321 de
980 3256 1105 3343 origine
1127 3258 1190 3325 lin-

64 3407 153 3471 fflrue
184 3386 291 3470 deque
312 3383 465 3469 analogia
486 3394 519 3448 et
539 3383 702 3448 anomalia
725 3380 971 3471 disputationes
993 3406 1054 3469 per
1073 3384 1190 3453 multas

66 3520 193 3576 aetates
216 3509 372 3574 acerrimo
396 3508 506 3573 studio
529 3509 748 3575 continuatae.
791 3507 992 3593 Imparilitas
1010 3519 1118 3574 autem
1138 3513 1189 3577 vel

64 3638 101 3701 in
125 3636 328 3700 ordinatione
349 3632 581 3700 vocabulorum
604 3635 746 3699 cernitur
774 3633 828 3699 vel
851 3634 885 3697 in
906 3634 1115 3711 formationa3
1143 3637 1189 3702 illi

65 3760 235 3844 subjectae
257 3769 333 3824 sunt
352 3760 476 3845 figurae
500 3758 739 3846 eloquutionis,
752 3756 837 3825 lrnic
857 3760 1046 3848 passionem
1067 3772 1188 3827 utram·

64 3907 133 3971 qne
164 3896 273 3950 autem
305 3885 526 3951 sollertissime
561 3896 741 3951 tractarunt
773 3882 983 3952 Grammatici
1019 3888 1190 3971 analogiae

63 4032 211 4077 canones
239 4012 406 4095 generales
436 4012 656 4098 relinquentes
686 4010 938 4078 Grammatistis.
990 4010 1126 4085 Illorum
1154 4010 1189 4076 in

61 4156 202 4203 numero
220 4137 342 4223 primas
360 4138 484 4203 obtinet
497 4137 634 4225 Didpni
651 4136 847 4222 explanator
858 4133 1079 4211 Herodianus,
1097 4137 1189 4220 eujus
