2736 4778
134 362 206 435 100
494 355 814 424 DISSERTATIO
844 357 874 421 Ι.

130 563 219 607 mum
234 535 453 625 Ἀνεδάρδανε
474 534 669 623 &renotan-
693 540 864 627 δαρδαίνει
887 539 951 623 γὰρ
967 537 1102 623 polum
1131 554 1164 607 et
1185 567 1246 608 suo

131 643 205 708 loco
227 640 409 722 Aaptlot'rst
428 637 562 721 μολύνει
583 644 666 706 Hes.
690 642 780 726 quod
802 641 829 705 si
850 640 955 705 solum
975 641 1147 726 legeretur,
1176 645 1247 708 for-

132 755 218 810 tasse
237 740 352 825 uliquis
371 762 431 826 pro
451 734 601 825 ἇρὸαίνεν
620 742 824 828 subrepsisse
838 741 976 817 diceret3
997 764 1084 807 nunc
1103 742 1246 809 dubitari

131 866 199 913 non
222 851 332 930 potest
356 842 435 926 quin
457 840 499 905 ab
513 836 622 925 ’Άρδα
643 840 815 923 μολυσμὸς
842 842 1021 907 derivatum
1045 843 1104 920 sit,
1135 846 1188 909 cui
1210 847 1248 909 in

131 944 232 1011 latino
264 962 412 1007 sermone
439 940 521 1005 uliae
550 964 714 1008 consonae
740 943 918 1007 accessisse
943 944 1095 1008 videntur
1121 949 1245 1021 merda,

131 1047 278 1117 sacerdo,
307 1043 480 1107 masuras
527 1042 657 1130 Γνὸφος
677 1056 710 1108 et
732 1041 855 1129 δνόφος
877 1064 951 1107 cum
979 1045 1079 1130 νέφος
1103 1059 1247 1130 cognata

132 1167 204 1212 esse
215 1142 413 1207 Heraclidae
435 1142 627 1206 assentimur
646 1145 739 1209 Euat
754 1143 845 1218 1722,
859 1144 911 1207 48.
933 1143 1097 1229 hujusque
1116 1145 1245 1230 signifi-

132 1245 293 1311 cationem
313 1243 410 1306 refert
432 1237 600 1327 ἶοδνεφὲς,
621 1267 696 1308 nam
717 1244 812 1309 flocci
832 1243 925 1308 lanae
938 1245 1103 1329 quandam
1121 1244 1246 1318 babent

132 1368 206 1412 cum
228 1343 355 1409 nebulis
378 1342 619 1408 similitudinem
641 1366 722 1429 quas
741 1344 854 1409 Latini
883 1347 998 1411 vellera
1011 1345 1150 1422 vdicunt;
1182 1349 1244 1411 sed

132 1448 160 1514 si
180 1447 284 1510 lorma
312 1454 492 1531 spectatur,
518 1466 592 1509 cum
621 1443 746 1530 ὀνόφος
773 1445 924 1530 congruit
952 1458 985 1509 et
1012 1447 1117 1531 magis
1146 1447 1244 1511 etiam

124 1546 320 1633 Ἁλιδνοφὲς
347 1541 506 1630 ἁλουργές
526 1547 608 1611 Hes.
651 1547 722 1610 Nec
744 1546 808 1609 fide
837 1545 979 1609 alienum
998 1544 1134 1632 Δρόσος
1156 1549 1242 1632 (ros)

130 1646 225 1732 παρὰ
245 1645 285 1711 τὸ
308 1646 373 1732 ῥέω
394 1645 474 1709 EM.
498 1646 557 1709 sed
580 1646 757 1711 Grimmius
782 1646 887 1711 Genu.
906 1648 936 1711 d.
956 1649 1089 1711 deutscb.
1109 1647 1182 1728 Sps.
1195 1649 1242 1712 11.

132 1747 224 1812 1026.
247 1745 390 1809 deflectit
413 1744 608 1809 adverbum
629 1745 797 1831 gothicum
817 1748 952 1811 driuson
981 1747 1016 1809 id
1044 1749 1243 1814 estendere.

130 1834 266 1934 Aeltpric
287 1845 314 1910 si
338 1867 411 1910 cum
430 1845 532 1910 latino
549 1849 643 1912 colcu
660 1845 875 1932 componitur,
895 1846 1043 1932 protinus
1065 1848 1099 1911 in
1116 1850 1245 1934 cogita·

128 1947 250 2014 tionem
278 1946 365 2011 venit
394 1958 565 2030 utrumque
601 1944 642 2008 ab
678 1942 778 2012 εἱλεῖν
805 1946 968 2011 involvere
999 1948 1244 2015 denominatum

129 2070 201 2115 esse
223 2069 262 2112 ac
284 2047 418 2134 proprie
439 2046 622 2132 significare
645 2045 682 2110 n}
707 2043 842 2134 ἔλυτρον
863 2051 928 2112 τῶν
948 2053 1095 2135 βρεφῶν.

213 2149 273 2215 IV.
300 2146 399 2214 Ζειαί
425 2146 461 2214 oi
483 2142 872 2233 ὀλόμαν-πλεονασμῷ
893 2152 953 2214 τοῦ
970 2135 1006 2216 ἶ·
1030 2147 1098 2217 elul
1119 2150 1183 2238 γὰρ
1207 2149 1243 2216 oi

127 2247 271 2336 τροφαί,
298 2240 369 2312 οἷον
396 2240 528 2313 Ιλύκων
556 2241 628 2333 ἤια
658 2248 860 2313 πέλονται
886 2248 966 2311 ΕΜ.
990 2249 1068 2326 410,
1104 2251 1154 2313 12.
1184 2253 1242 2335 qui

127 2372 188 2438 pro
213 2347 275 2412 hoc
297 2347 434 2411 Homeri
456 2346 530 2411 loco
552 2348 592 2411 ΙΙ.
603 2347 704 2411 ΧΙΗ.
723 2347 794 2410 103.
814 2347 923 2431 aptius
935 2347 1097 2413 attulisset
1106 2351 1244 2416 alterurn

128 2451 302 2536 Odysseae
329 2448 385 2513 ubi
410 2446 458 2538 ᾖα
488 2448 663 2533 scopatio
692 2459 928 2524 memorantur,
957 2446 1020 2513 hoc
1047 2461 1097 2514 est
1125 2445 1243 2537 ἄχυρα,

127 2570 211 2639 qnae
234 2550 330 2615 etiam
351 2546 420 2616 εἶαί
444 2559 476 2615 et
499 2541 563 2615 slot
586 2549 695 2612 vocari
711 2546 899 2632 Hesychius
924 2550 1031 2627 tradit,
1053 2573 1161 2635 neque
1179 2552 1241 2616 im·

126 2651 296 2742 probabile
324 2661 463 2714 estnon
487 2650 586 2714 modo
610 2649 721 2734 paleas
751 2650 810 2713 sed
840 2650 937 2714 etiam
966 2650 1131 2735 legumina
1157 2652 1243 2738 ipsa,

125 2776 201 2820 aeas
224 2752 352 2836 aliaque
372 2751 458 2815 farra
485 2751 532 2816 sio
556 2762 672 2814 vocata
698 2772 781 2815 esse.
826 2748 978 2834 Ζάγκλον
999 2749 1032 2816 οἱ
1050 2753 1184 2820 Σικελοὶ
1201 2756 1240 2818 τὸ

126 2857 293 2945 δρέπανον
321 2855 458 2920 καλοῦσι
494 2851 609 2938 Steph.
647 2852 739 2936 cujus
766 2851 936 2915 manifesta
972 2861 1021 2915 est
1048 2850 1090 2916 ab
1120 2848 1245 2938 ἆγκλός

125 2953 261 3031 σκολιός
282 2956 364 3018 Hcs.
397 2965 430 3018 et
453 2948 597 3039 ἆγκύλος
624 2953 791 3018 derivatio.
835 2952 889 3017 De
916 2950 1015 3016 verbo
1038 2950 1124 3019 Ζάει
1154 2961 1242 3030 πνεῖ,

125 3057 268 3134 Ζαὲντες
299 3057 454 3134 πνέοντες
490 3055 640 3141 quaestio
676 3066 726 3119 est
763 3053 944 3140 simplexne
982 3053 1024 3116 sit
1059 3074 1119 3138 pro
1145 3048 1241 3119 ’Ἇενν

124 3160 236 3227 πνέειν
258 3182 299 3222 an
321 3159 538 3243 compositum
560 3168 597 3220 ut
619 3156 795 3238 ζαβάλλειν
816 3178 847 3220 v.
861 3154 963 3220 Proll.
984 3154 1055 3217 141.
1079 3153 1139 3217 sed
1159 3152 1244 3217 illud

123 3259 371 3347 praeterendum
387 3259 515 3321 videtur
535 3257 587 3320 vel
609 3256 653 3321 ob
672 3256 756 3321 hanc
779 3279 910 3321 causam
928 3255 1019 3339 quod
1036 3253 1241 3340 praepositio

126 3357 166 3442 ζά
187 3380 255 3423 non
276 3357 436 3443 reperitur
463 3378 538 3421 eum
560 3356 665 3421 vocali
687 3356 781 3425 verbi
804 3357 973 3420 confluens
998 3355 1061 3418 nisi
1090 3355 1173 3418 forte
1203 3354 1240 3418 in

126 3480 274 3525 sunnone
304 3457 434 3546 plebejo
463 3471 500 3522 nt
530 3456 623 3543 palus
650 3465 786 3519 vocatur
820 3452 921 3542 ζύγρα
956 3456 1039 3522 κατὰ
1068 3451 1241 3542 ἰδιωτικὴν

125 3558 367 3645 noceamus,
390 3560 477 3645 ὅπερ
496 3553 592 3624 stota
616 3550 689 3624 ἀλλ’
715 3553 734 3641 ἢ
758 3553 877 3641 ὀιύγρα
898 3554 948 3632 τίς
969 3556 1038 3622 ἐστι
1056 3555 1239 3632 Errantes,

124 3658 176 3727 27.
208 3659 265 3723 sod
298 3660 437 3723 nominis
468 3659 567 3723 divini
597 3656 820 3744 interpretatio
849 3655 1000 3743 Ζαγρεύς
1033 3651 1053 3723 ὁ
1084 3655 1239 3741 μεγάλως

125 3753 273 3846 dromon
300 3758 388 3824 (lud.
418 3759 497 3833 227,
528 3762 579 3824 20.
610 3771 643 3824 ct
670 3758 760 3842 quod
792 3756 933 3842 Cprillus
959 3757 1141 3822 Tittrnanni
1163 3756 1238 3824 Cv.

127 3856 281 3949 ptttpottit
309 3856 465 3943 letrantes·
488 3861 525 3925 τὸ
549 3860 621 3926 λίαν
644 3854 795 3944 ἀγκύλον.
817 3857 858 3922 ab
881 3858 1076 3944 etymologis
1097 3859 1240 3922 manavit

127 3959 235 4026 ctrtuia
257 3956 509 4049 onpmloutlbus.
554 3959 671 4045 Neque
696 3959 820 4024 terendi
844 3959 1013 4045 numqui,
1039 3972 1076 4023 ut
1098 3957 1240 4040 ζάκοιος

126 4058 243 4127 ‹ttntno
258 4054 275 4125 t
292 4058 529 4145 μιμνλύμνμνς,
549 4059 595 4123 sio
612 4057 677 4143 ζιὶνν
691 4058 762 4125 rire
778 4061 1028 4146 interpretantur
1043 4059 1132 4128 πάνυ
1145 4062 1238 4128 πνέω

124 4156 233 4251 llpltu.
261 4158 283 4225 Ι.
313 4161 379 4227 titt.
426 4158 526 4243 Quod
555 4158 743 4226 llustntlrius
770 4160 849 4227 dicit
877 4160 956 4235 out,
986 4163 1018 4227 3.
1043 4164 1178 4250 μέρδειν
1206 4174 1239 4226 et

128 4257 277 4351 ζμέμᾶμν
299 4254 480 4340 signillatim
512 4258 545 4327 tri
569 4256 650 4347 tiytw
670 4262 823 4348 (ttinere,
860 4259 972 4326 lnuioli
999 4262 1112 4328 neseio
1146 4263 1241 4346 cujus

959 4430 1061 4509 „ss

930 4572 934 4577 “
999 4562 1023 4607 fl
