2736 4778
129 298 209 381 424
486 290 808 363 Dlssnlzrfflo
835 292 901 367 m„
975 316 978 321 ’
1010 360 1013 365 ,

131 469 339 564 ἐπιλησμονή
375 475 482 545 solum
509 486 682 546 noeentum
714 477 751 546 in
780 475 895 545 ultime
922 474 1024 545 hebet
1052 477 1114 547 sed
1143 480 1260 549 omnis

131 576 230 662 hujus
250 576 380 664 generis
403 574 583 668 πεισμονὴ,
610 574 785 666 πλησμονή
815 589 877 647 eto.
903 602 935 647 v.
963 579 1008 647 sd
1032 582 1158 650 Buttm.
1180 583 1257 651 4OE

129 673 290 766 Εύφρύνη
312 700 373 767 pro
393 671 581 768 ούφροσύνη
606 679 728 746 dicem
755 701 828 749 esse
852 678 1052 750 substentive
1075 706 1146 750 non
1175 686 1257 754 setis

130 776 290 866 probetur
317 777 479 865 Hesychii
511 778 625 865 glosse
650 774 810 870 Εάφρόνη
839 775 859 870 ἡ
888 777 946 862 νύξ
974 782 1031 851 sci
1052 778 1271 876 ούφροσύνη,

129 903 209 946 nem
231 891 406 967 utrumque
426 901 499 947 esse
520 891 632 969 potest
648 881 755 949 noctis
776 880 946 970 epitheton
963 885 1126 968 placidam
1145 885 1254 972 signi·

129 981 233 1048 ficone
254 982 339 1049 sicin
357 981 529 1049 mulierum
548 983 684 1051 nomine
699 982 835 1072 proprie
854 978 1013 1073 Εύφρύνη
1035 994 1069 1050 et
1085 980 1255 1076 Σωφρύνη

128 1094 247 1150 nemra
267 1082 428 1171 adjective
449 1094 527 1153 eunt
542 1094 580 1150 ut
601 1083 781 1151 masculino
795 1077 951 1171 Εύφρων,
968 1081 1131 1173 Σώφρων.
1167 1087 1253 1155 Ter·

128 1183 215 1250 tium
236 1194 288 1250 est
302 1181 450 1274 Ἀφρύνη
471 1178 491 1274 ἡ
514 1179 689 1276 ἀφροσύνη
711 1185 840 1255 Aaou
867 1184 973 1252 Bekln
1000 1186 1075 1253 472.
1102 1189 1198 1275 quod
1224 1189 1254 1256 si

129 1284 222 1371 apud
238 1284 423 1372 glossarum
440 1285 617 1374 scriptores
632 1286 806 1374 legeretur,
828 1287 1006 1355 testimonii
1020 1289 1086 1355 vim
1100 1290 1252 1376 qualem-

129 1408 261 1473 cunque
283 1386 433 1467 heberet,
460 1388 529 1455 sed.
553 1410 671 1475 perum
698 1389 768 1457 veri
786 1388 892 1457 simile
918 1400 969 1463 est
988 1411 1103 1457 vocem
1123 1391 1166 1458 eb
1189 1414 1254 1461 usn

128 1488 379 1555 remotissimam
402 1489 438 1557 in
460 1512 630 1578 synagoge
653 1491 773 1572 λέξοων
783 1486 972 1579 χρησίμων,
994 1502 1038 1556 nt·
1047 1492 1179 1563 libellus
1196 1494 1253 1562 ille

126 1588 332 1669 inscribitur,
361 1591 567 1678 propositam
596 1613 680 1661 esse.
728 1592 846 1678 loque
873 1591 1000 1658 surrexi
1019 1585 1208 1684 Ἀφροδίτη
1231 1591 1251 1684 ἦ

128 1684 319 1780 ἀφροσύνη,
349 1714 418 1758 non
445 1693 516 1758 sine
544 1693 690 1774 ratione,
724 1705 761 1759 ut
790 1692 1041 1763 Schneidewino
1077 1694 1254 1762 videbatur

127 1789 174 1854 ed
194 1790 305 1857 Poett.
327 1792 408 1878 Lyr.
435 1793 492 1872 83,
520 1794 572 1861 17.
601 1794 662 1859 sed
688 1805 814 1863 veteres
841 1796 1047 1882 etymologos
1074 1807 1251 1882 sequutus:

119 1883 310 1978 Ἀφροδίτη
332 1890 419 1971 τινὲς
438 1892 536 1981 παρὰ
557 1892 617 1984 την
643 1889 833 1984 ἀφροσύνην
856 1896 937 1962 ΕΜ
961 1897 1034 1975 779,
1057 1898 1108 1963 11.
1136 1897 1252 1985 Epire.

127 1989 158 2061 Ι.
178 1991 232 2059 37.
259 2003 293 2058 et
311 1993 406 2059 Eust.
425 1994 507 2073 414,
530 1995 581 2062 13.
606 1989 839 2084 Ἀριστοτέλης
868 1993 902 2063 ἐν
927 2000 970 2086 τῇ
989 1993 1167 2088 Ῥητορικῇ
1188 2000 1252 2084 (Π.

123 2093 181 2161 23.
204 2116 237 2181 p.
264 2093 358 2160 1400.
382 2094 431 2180 b.)
456 2093 545 2182 λέγει
566 2091 619 2165 ὅτι
635 2093 819 2183 Ἀφροδίτη
846 2093 952 2176 οὕτως
978 2093 1183 2183 ὀνομάζεται
1206 2098 1274 2186 ῶςΧ

128 2186 278 2278 ἀρχουσα
304 2190 570 2286 ἀφροσύνης14).
623 2190 814 2284 Εὐριπίδης
843 2196 902 2286 την
923 2195 1125 2289 Ἀφροδίτην
1155 2196 1254 2282 ἀξιοῖ

129 2288 364 2382 ὀνομασθῆναι
387 2295 423 2362 ἐκ
445 2301 506 2363 τού
527 2289 680 2384 ἀφρσνας
700 2297 778 2377 τούς
800 2292 946 2385 1ἐρῶντας
967 2305 1080 2368 ποιεῖν
1101 2301 1137 2369 J.
1158 2301 1250 2388 Lyd.

127 2394 171 2460 de
191 2395 301 2463 Mens.
324 2418 359 2484 p.
383 2395 437 2463 88.
470 2397 595 2467 Verum
612 2396 770 2463 hactenus
793 2400 924 2486 erogari
937 2401 1017 2466 setis
1034 2400 1141 2468 fuerit.
1179 2403 1252 2473 Ge-

127 2496 265 2563 nitivum
292 2496 485 2565 substantivi
514 2498 618 2585 epeilo
647 2509 778 2565 auctum
806 2499 987 2587 γεροντέων
1014 2500 1110 2568 offert
1136 2503 1251 2570 Hero·

127 2598 245 2664 dianus
277 2599 312 2664 in
342 2601 423 2666 ΕΜ.
455 2599 529 2665 loco
562 2610 661 2665 antee
687 2600 832 2669 indicato
863 2612 896 2667 ct
921 2602 1089 2688 copiosius
1119 2618 1254 2672 enarret

124 2722 162 2785 p.
185 2699 264 2777 227,
285 2701 317 2765 4.
339 2697 502 2787 γερόντων
523 2701 580 2768 καὶ
602 2702 804 2789 πλεονασμῷ
832 2688 940 2770 rot}
962 2705 1141 2789 γεροντέων
1172 2701 1250 2789 (ούχ

123 2797 192 2885 ῶς)
215 2803 342 2866 ναιιτῶν
364 2799 420 2867 καὶ
442 2797 595 2873 ναυτέων.
628 2805 736 2870 Τούιο
753 2799 916 2889 διαίρεσίς
928 2803 999 2871 ἐστι
1016 2804 1072 2872 rol
1087 2800 1126 2872 ού
1142 2807 1248 2874 πλεο-

123 2899 269 2985 νασμός·
299 2893 317 2969 ὃ
347 2900 410 2988 γάρ
441 2895 538 2980 τόνος
564 2902 738 2987 διελέγχει·
774 2898 805 2970 ei
837 2899 898 2983 μὲν
931 2904 993 2991 γὰρ
1024 2908 1246 2992 περιστᾶσαι,

124 3003 228 3090 δῆλον
255 2998 309 3069 ὅτι
339 3001 519 3089 διαίρεσις·
550 2999 581 3068 el
608 3000 645 3069 δὲ
674 2998 869 3089 βαρύνεται,
901 3005 1002 3091 δῆλον
1022 3000 1074 3072 ὅτι
1095 3006 1250 3073 Ιπλεονα-

126 3102 212 3187 σμὸς
235 3102 290 3172 ιιαλ
311 3096 349 3170 ού
372 3099 553 3188 διαίρεσις,
575 3101 631 3169 ubi
653 3102 837 3188 interposui
868 3097 926 3185 ούχ
948 3099 1005 3183 ῶς.
1048 3104 1116 3169 Pro
1138 3100 1251 3191 ἀρνῶν

125 3203 166 3269 Il.
185 3203 250 3273 ΙΙΙ.
268 3202 341 3271 273.
360 3201 507 3268 nonnulli
523 3196 650 3288 ἀρνέων
670 3203 871 3290 scripserunt
888 3204 949 3271 sed
962 3205 1249 3292 reprehenduntur

124 3299 180 3372 ὅτι
210 3300 280 3374 ἀπὸ
308 3308 374 3371 τῶν
399 3299 448 3382 εἷς
464 3288 516 3381 ἐξ
538 3299 702 3401 ληγύντων
728 3299 769 3372 ού
796 3302 942 3389 γίνονται
970 3310 1127 3375 τοιαῦται
1155 3307 1248 3376 διαι-

127 3407 237 3492 ρέσεις
258 3397 334 3472 ἀλλ’
364 3396 434 3471 ἀστδ
460 3406 523 3469 τῶν
544 3400 594 3482 εἷς
616 3408 726 3488 aest).
769 3404 824 3470 De
852 3405 969 3472 dativis
990 3407 1160 3475 nominum
1184 3430 1248 3495 ge·

198 3574 244 3641 ll)
263 3574 296 3628 In
314 3590 397 3629 versu
414 3589 498 3644 quem
517 3568 654 3626 Aristides
672 3570 723 3625 Or.
736 3569 775 3625 II.
794 3572 836 3625 1³.
858 3571 978 3628 orationi
1000 3573 1120 3630 intexuit
1141 3571 1192 3630 σύν
1213 3566 1250 3643 ἦν

126 3659 218 3723 ζεῦξαι
235 3657 283 3718 τὰς
299 3661 365 3726 ῥοῦς
383 3661 408 3712 ιλ
423 3655 462 3730 μὴ
481 3650 673 3730 λιτιφροσύνην
688 3657 780 3712 δῶκεν
796 3654 850 3711 δεδι
864 3661 1022 3727 γλαυκῶπις
1038 3655 1156 3730 Ἀθήνη,
1175 3659 1245 3715 Din-

122 3743 234 3799 (ἱστίου
252 3760 281 3814 p.
295 3743 338 3795 20.
356 3741 409 3797 διὰ
427 3741 525 3813 ejecit,
545 3744 597 3797 sed
617 3759 652 3796 ee
669 3759 734 3797 esse
750 3741 867 3797 Homeri
885 3745 972 3798 verbe
991 3747 1018 3798 el
1034 3743 1074 3817 μὴ
1093 3745 1142 3800 iul
1160 3750 1247 3818 rpperi

124 3834 196 3901 We
214 3826 268 3887 διὰ
286 3831 446 3899 γλαυκῶπις
458 3822 560 3897 Ἀθήνη
577 3827 672 3884 monui
693 3827 722 3883 in
742 3827 883 3900 Aglaoph.
897 3829 957 3884 8⁷³.
978 3831 1045 3884 edu.
1061 3831 1092 3885 b.

199 3917 245 3984 15)
260 3916 400 3981 Πεσσέων,
417 3917 538 3984 πυρέων,
549 3915 701 3985 χιλισδέιυν
720 3921 814 3969 cetere
826 3911 988 3969 Dindorfins
1001 3916 1037 3969 de
1049 3914 1124 3971 Diei.
1134 3915 1245 3971 Herod.

123 4002 208 4058 XIII.
222 4003 250 4056 b.
271 3999 349 4056 XIV.
366 4016 392 4054 s.
414 4005 444 4052 ct
464 3998 620 4054 Bredovius
638 3999 699 4052 2³5.
718 4005 747 4053 et
765 3999 823 4052 25³.
843 3999 878 4052 eb
897 3998 1046 4054 Herodoto
1072 3998 1245 4073 abjudicent,

124 4105 222 4160 neque
240 4105 295 4159 ego
314 4104 381 4141 seue
400 4103 452 4159 pro
472 4084 625 4157 exploretis
643 4083 729 4138 hebui
748 4086 801 4139 sed
820 4082 972 4138 indicendo
988 4084 1085 4158 putavi
1103 4084 1170 4158 quie
1187 4103 1247 4142 uon

124 4174 217 4228 solum
237 4172 344 4229 librarii
368 4173 396 4227 ln
418 4174 473 4228 heo
494 4170 633 4243 scripture
652 4169 764 4240 saepius
783 4168 946 4241 conspirent
965 4187 1049 4240 qoem
1074 4179 1108 4225 ut
1126 4169 1245 4227 fortuito

125 4257 186 4312 lsbi
203 4257 358 4322 videantur,
376 4259 428 4311 sed
445 4255 530 4311 etism
547 4253 728 4310 Grammatici
746 4253 807 4326 ejus
826 4254 997 4311 mentionem
1015 4255 1153 4328 lnjiciunt.
