2736 4778
185 300 209 373 8
526 291 736 367 Parnon.
758 291 956 366 PROOEM.

186 480 293 553 exitus
311 479 528 549 derivatorum
544 480 644 549 libere
662 483 806 550 varianti.
851 485 921 552 Sed
942 482 1093 550 nimirum
1114 483 1160 550 illi
1183 507 1299 572 super·

186 585 305 652 stitiosi
325 584 494 671 analogiae
516 585 747 673 speculatores,
770 586 889 672 quibus
907 583 1099 673 persuasum
1119 586 1181 652 iuit
1199 610 1297 654 voca·

183 687 335 754 bulorum
354 687 483 754 fictores
503 688 598 774 quasi
613 691 815 777 praescripta
831 688 1024 754 lineamenta
1041 699 1198 773 sequutos
1213 710 1297 766 esse,

183 789 290 857 lacere
314 812 381 855 non
406 800 597 878 potuerunt,
625 790 705 875 quin
728 790 853 868 omnia,
883 811 967 874 quae
994 812 1060 855 non
1086 789 1131 855 ad
1154 789 1299 857 libellam

184 914 289 978 aequa
306 893 520 981 reperissent,
541 891 593 960 vel
613 904 709 959 aucta
728 893 780 958 vel
802 890 970 958 imminuta
990 891 1040 956 vel
1063 890 1126 959 alia
1144 892 1299 978 quapiam

183 995 392 1082 corruptione
406 1006 555 1062 contacta
569 1006 729 1083 putarent.
760 995 831 1061 Nos
844 1016 922 1059 vero
937 992 1020 1059 hanc
1034 992 1298 1078 inaequalitatem

183 1119 204 1162 a
222 1109 340 1163 natura
360 1097 541 1184 proiectam
563 1109 596 1164 et
616 1119 690 1163 cum
710 1095 877 1163 vocabulis
898 1095 981 1184 ipsis
1001 1106 1111 1160 natam
1135 1118 1207 1161 esse
1229 1108 1296 1163 sta·

157 1197 312 1280 suimus.
362 1197 431 1266 Sed
459 1199 632 1265 maximam
661 1199 868 1265 affectionum
895 1197 1025 1286 copiam
1051 1197 1207 1285 produxit
1234 1199 1296 1265 im·

182 1299 288 1387 proba
305 1300 563 1387 etymologorum
581 1302 746 1368 sedulitas.
790 1302 877 1368 Nam
895 1324 995 1389 quum
1012 1301 1112 1366 multa
1129 1302 1295 1388 reperian-

181 1411 234 1469 tur
247 1402 415 1480 vocabula,
432 1426 517 1489 quae
532 1402 675 1470 derivata
691 1426 763 1469 esse
777 1414 897 1491 pateat,
914 1403 1075 1491 principia
1090 1425 1167 1468 vero
1184 1426 1297 1471 eorum

181 1514 238 1568 aut
258 1504 348 1570 nulla
367 1504 503 1570 inveniri
525 1504 654 1592 possint
675 1516 731 1570 aut
751 1506 845 1570 valde
867 1504 1052 1582 dissimilia,
1080 1527 1220 1591 propere
1242 1529 1294 1572 re-

182 1606 319 1672 curritur
345 1606 387 1671 ad
412 1629 592 1695 syncopae,
615 1607 825 1695 epentheses,
855 1617 966 1694 tropas
989 1606 1134 1690 aliasque
1157 1609 1297 1693 praessa

181 1707 296 1793 giosae
311 1707 389 1772 artis
405 1708 587 1774 machinas:
606 1704 827 1792 ἆιιιχθαλόεις
848 1708 940 1794 παρὰ
957 1710 994 1774 ad
1015 1701 1154 1789 αἰιικιον
1172 1713 1294 1798 τροπῇ,

181 1803 337 1896 ἀσκηθής
365 1810 459 1895 παρὰ
487 1808 525 1876 τὸ
555 1807 667 1891 σχεθισ
699 1811 782 1877 κατὰ
812 1807 968 1877 σιἰνθεσιν
998 1811 1053 1876 κατ’
1082 1807 1214 1878 ἔκτασιν
1241 1808 1296 1876 καὶ

180 1904 318 1999 τροπήν,
342 1906 510 1997 ἐλεφαίρω
527 1911 622 1995 παρὰ
641 1908 680 1977 τὸ
699 1908 792 1978 ἔλσαι
811 1911 961 1995 ε’λιταιίνιο
979 1911 1178 1998 πλεονασμῷ
1196 1937 1254 1978 τοι
1279 1937 1295 1981 s

180 2008 237 2077 καὶ
260 2005 444 2097 ὑπερθέσει
466 2017 526 2078 τοῦ
549 2039 565 2080 s
589 2012 644 2079 καὶ
665 2038 775 2100 τροιτι
801 2037 860 2078 του
886 2012 990 2094 ιιιιλοῖΙ
1015 2008 1064 2090 εἷς
1085 2010 1170 2078 δασύ
1193 2012 1294 2079 etsie

178 2112 243 2178 alia
265 2136 369 2198 aeque
395 2125 601 2202 portentosa:
624 2111 814 2196 ἀσάμινθοι
839 2111 933 2195 παρὰ
959 2110 997 2177 τὸ
1019 2106 1123 2198 adst
1100 2136 1214 2196 ασιινι
1201 2113 1294 2193 ιιινύ-

179 2221 264 2290 θτιν,
286 2211 462 2300 αἱιανέιι’
441 2215 511 2282 aad
530 2221 591 2282 τοῦ
610 2240 692 2296 αιαν
714 2211 840 2289 ἵεσθαι,
864 2208 1058 2291 καταῖτιιξ’
1039 2213 1108 2279 απὸ
1127 2217 1187 2278 τοῦ
1204 2213 1293 2280 κάτω

179 2313 347 2396 τετύχθαι,
369 2316 550 2400 καλαῦροψ
568 2311 662 2396 παρὰ
681 2314 718 2377 τὸ
738 2313 902 2431 ῥέπειν
868 2338 905 2377 το
925 2315 1033 2389 stilos,
1054 2311 1295 2395 τιθαιβώσσειν

179 2415 274 2498 παρὰ
296 2415 334 2482 τὸ
360 2414 492 2482 τιθέναι
518 2412 577 2501 τὴν
602 2410 643 2492 β’
647 2436 713 2487 σιν,
741 2399 931 2494 ὀριιιαιὸιίς
958 2410 1052 2497 παρὰ
1075 2414 1111 2479 sd
1136 2407 1217 2497 ἶν’ρος
1239 2417 1294 2485 καὶ

178 2513 323 2596 ὁιιαδσς,
340 2514 550 2601 omniumque
566 2511 798 2579 calidissimum
816 2510 994 2599 φιλότης
978 2539 1014 2578 ιιι
1034 2518 1095 2581 τοῦ
1118 2509 1294 2635 ιἰιιειλέτης

179 2614 262 2684 nard
289 2611 471 2703 ἀφαίρεσιν
499 2621 558 2684 τοῦ
587 2643 607 2682 v
635 2617 690 2682 καὶ
721 2620 779 2681 τοΐι
809 2641 824 2680 a
854 2615 910 2680 καὶ
938 2612 1069 2682 ἐκτάσει
1096 2641 1156 2681 τοιι
1185 2645 1201 2684 ε
1231 2632 1292 2685 etc.

177 2740 207 2782 v.
228 2717 320 2785 Diss
342 2716 622 2807 11.P.11.§.5
646 2739 748 2860 quas
750 2717 823 2781 ad
814 2715 954 2803 meptias
976 2715 1022 2780 illi
1044 2739 1210 2802 uunquam
1233 2720 1291 2786 de·

177 2819 261 2906 lapsi
287 2832 397 2888 essent
423 2820 488 2887 nisi
513 2820 572 2908 τὴν
597 2815 858 2907 declarationis:
882 2817 1131 2901 ε’τιιιιολοιιμας
1122 2844 1156 2884 ιιι
1178 2822 1291 2907 primis

178 2919 387 2991 Grammatici
415 2920 531 2988 officiis
558 2921 736 2987 duxissent
785 2919 891 2986 Nobis
914 2944 981 2986 non
1005 2921 1119 2987 eadem
1142 2936 1192 2988 est
1215 2947 1289 3011 per-

177 3021 286 3088 suasio
308 3044 416 3108 neque
437 3023 542 3112 pudet
562 3023 613 3088 vel
635 3021 900 3109 quotidianorum
921 3023 1153 3088 vocabulorum
1175 3047 1290 3092 causas

176 3123 312 3202 nescire,
332 3127 515 3211 cujusmodi
533 3137 608 3194 sunt
626 3121 804 3212 ἇνθερειύν,
824 3119 976 3207 ἀνεψιός,
995 3120 1146 3212 σἰσιλγιις,
1165 3123 1291 3211 ἀγέρω·

173 3251 248 3311 χος,
275 3226 501 3314 ἀνδράποδον,
532 3228 726 3313 ἀβέλτερος,
758 3224 951 3311 βαλάντιον,
983 3231 1184 3307 rescripsere,
1214 3254 1290 3315 κριι-

175 3327 348 3414 σιρύγειον,
364 3332 514 3418 ιιιιριιβια,
533 3329 705 3403 λαυκανιά,
722 3325 904 3409 περιστερά
923 3323 1067 3390 etverba
1085 3319 1288 3408 ἀγανακτεῖν,

175 3425 338 3514 ἂλισγιῖν,
363 3426 560 3515 ἀρνεῖσθαι,
586 3425 781 3509 σἰναιοιιιοῦν
805 3438 838 3492 et
863 3429 1095 3503 sardanapalo,
1120 3421 1289 3514 ὀῤῥιοδιῑν,

175 3538 418 3619 ιιιριιιιιειιτεῖν,
439 3533 606 3610 ,resultas
629 3530 800 3616 (Prolegg.
815 3527 897 3612 94.),
919 3529 1177 3610 σκορδινᾶσθαι,
1200 3525 1288 3613 ὡρσ·

176 3637 251 3722 ιιιᾷν
272 3643 352 3713 etc,
381 3655 520 3719 quorum
542 3643 648 3716 styma
669 3632 726 3718 qui
750 3630 885 3706 eruerit,
914 3651 976 3694 nae
997 3628 1051 3694 ille
1079 3635 1126 3697 ire
1153 3654 1209 3717 per
1232 3658 1288 3701 eor-

174 3747 293 3802 teatam
313 3738 421 3819 [anem
441 3737 519 3801 miti
538 3753 629 3816 posse
647 3737 779 3800 videtur.
823 3731 989 3817 Equidem
1009 3743 1162 3798 statutum
1182 3734 1287 3801 habeo

175 3857 287 3903 omnes
305 3837 505 3911 affectiones,
523 3857 604 3921 quas
616 3834 825 3901 Grammatici
842 3834 893 3899 vel
912 3835 953 3898 de
970 3834 1084 3920 etymis
1103 3848 1287 3923 satagentes

175 3938 226 4004 vel
244 3938 414 4026 analogiae
433 3960 532 4003 causa
552 3937 776 4003 confinxerunt
796 3936 978 4025 operosius,
1000 3937 1126 4003 silentio
1142 3950 1286 4026 praeter-

174 4040 300 4108 mittere
317 4064 359 4107 ne
375 4039 457 4106 haec
475 4039 663 4128 disputatio,
684 4062 767 4124 quae
782 4041 853 4124 jam
874 4040 951 4107 satis
974 4038 1126 4106 saburrae
1144 4039 1286 4118 habebit,
1306 4051 1331 4061 “

175 4153 326 4207 oneretur
352 4142 492 4230 gravius
543 4143 662 4228 Neque
687 4153 794 4208 tamen
821 4142 936 4229 ignoro
966 4166 1062 4230 quam
1090 4143 1222 4209 difficile
1246 4142 1289 4207 sit

175 4242 272 4329 hujus
287 4245 432 4335 regionis
445 4247 524 4316 lines
539 4246 585 4314 ita
594 4243 778 4314 describere
793 4257 830 4312 ut
843 4268 951 4335 neque
958 4246 1035 4336 plus
1050 4246 1286 4339 complectatur
