2736 4778
160 324 223 408 DE
246 326 463 395 SYNCOPE
484 325 630 393 UNIUS
652 323 872 394 VOCALIS.
895 323 1004 396 c.v1.
1020 325 1086 413 §.3.
1120 328 1217 403 345.

85 514 120 584 τό
146 517 296 593 πλακοῦς
317 509 498 601 συνῄρηται
524 509 561 576 ἐκ
581 514 640 578 τοῦ
664 507 822 589 πλακόεις
847 505 893 588 ιός
917 507 1047 592 τυρόεις
1066 516 1193 598 τυροῦς,

84 613 269 704 σησαμόεις
286 618 461 702 σησαμοῦς
481 611 602 677 Athen.
614 611 711 677 XIV.
736 606 809 676 644.
832 613 874 676 Α.
902 608 1038 689 Σιμόεις
1058 612 1116 678 καὶ
1134 617 1194 678 Σι-

81 721 167 800 μοός
188 712 236 793 ὡς
252 711 394 791 Ὀπόεις
418 713 474 779 καὶ
490 709 614 790 Ὀποῦς
635 712 752 799 Steph.
765 713 830 798 ³⁰).
873 714 963 778 Hine
978 713 1078 798 igitur
1091 715 1194 778 maui-

81 817 201 883 iestum
221 817 259 880 fit
280 838 338 880 our
360 814 582 893 Grammatioi,
613 838 695 900 quos
718 816 898 903 appellavi,
927 815 1141 880 nominativos
1163 817 1196 880 in

84 943 124 1006 ης
152 928 337 983 contractos
365 917 551 1003 scripserint
579 916 648 981 sine
674 917 752 983 iota.
796 917 906 985 Semel
930 915 1144 982 subscribitur
1163 917 1198 982 iu

87 1019 199 1086 Sohol.
223 1017 297 1083 cod.
320 1019 358 1083 B.
380 1019 423 1082 ad
448 1018 514 1085 Od.
534 1019 581 1084 X.
604 1019 656 1084 38.
687 1015 746 1085 όόε
767 1024 854 1086 πᾶσι
883 1016 984 1107 φίλος
1004 1018 1062 1084 καὶ
1087 1017 1198 1101 τίμιος

88 1117 232 1185 ἔσεαι-
248 1117 412 1205 γράφεται
436 1121 493 1186 καὶ
517 1127 618 1210 τιμῇς
648 1112 720 1208 ἤτοι
743 1116 887 1209 τιμήεις,
911 1120 1002 1206 quod
1024 1131 1198 1208 propterea

86 1229 265 1285 assumtum
286 1230 365 1307 puto
387 1220 464 1306 quis
484 1220 596 1305 τίμιος
617 1222 705 1308 opud
720 1224 901 1287 Homerum
923 1223 1000 1288 alibi
1023 1245 1090 1288 non
1112 1224 1195 1309 legi-

85 1333 147 1386 tur.
192 1321 331 1408 Saepius
352 1344 428 1388 vero
455 1322 587 1388 additur
610 1346 630 1387 s
650 1323 770 1412 uostris
792 1325 936 1391 eruditis.
979 1328 1195 1392 Buttmannus

84 1424 228 1489 Gramm.
250 1423 278 1489 I.
302 1423 373 1488 169.
401 1446 475 1489 oum
501 1429 601 1514 ειμῇς
627 1425 753 1490 confert
776 1425 976 1493 homerioum
1000 1428 1196 1505 κονίασανος

83 1519 221 1612 σἰελλῇς,
245 1525 334 1610 quod
355 1524 416 1590 sub
439 1526 598 1592 tralaticia
617 1527 777 1615 scripturn
797 1523 917 1616 ἀελλής
937 1528 1065 1593 latitare
1086 1528 1194 1615 suspi-

83 1637 175 1690 catur
212 1637 244 1691 et
276 1628 358 1705 duo,
394 1650 478 1713 quae
505 1626 671 1712 Aeschylo
705 1628 832 1705 tribuit,
874 1623 978 1718 όιργῇς
1003 1632 1196 1721 straturis.

83 1730 207 1795 Verum
236 1750 293 1794 eos
323 1729 380 1815 qui
408 1725 528 1817 όελλὴς
555 1730 757 1816 interpretati
787 1739 863 1794 suut
890 1724 1060 1816 ιἰελλιόδρς
1090 1729 1126 1793 id
1156 1752 1196 1794 ex

85 1822 234 1916 ἆελλόεις
262 1841 463 1895 oontrsotum
490 1843 622 1917 putasse
653 1832 742 1897 nullo
771 1831 870 1897 verbo
901 1831 1119 1917 significatum
1147 1846 1197 1896 est

83 1952 113 1995 v.
132 1930 348 1997 Parati-160.
371 1954 478 2017 neque
500 1933 548 1998 sio
566 1934 693 2021 occepit
716 1932 967 2000 Choerobosous
987 1932 1067 2001 Can.
1080 1933 1132 2009 53,
1144 1935 1196 1998 32.

85 2026 204 2119 ιἰελλῆς
232 2026 384 2121 (όιελλής)
412 2029 551 2112 ἆελλοῦς
576 2031 624 2112 εἰς
647 2022 704 2112 οἷς
726 2031 793 2114 ἔχει
814 2033 872 2122 τὴν
893 2031 1029 2118 γενικήν.
1073 2034 1135 2097 Illo
1157 2034 1197 2098 de

84 2126 190 2220 ἀργῆς
213 2134 399 2219 conjecturs
422 2135 547 2221 oppido
570 2134 693 2200 ineerta
714 2144 810 2212 estv.
827 2133 928 2198 Proll.
944 2133 1018 2211 497.
1051 2134 1198 2199 Tertium

85 2233 276 2320 comprobat
299 2235 487 2300 Meiuekius
514 2237 623 2301 Anall.
653 2237 724 2301 103.
754 2236 805 2300 his
826 2235 933 2301 verbis
962 2232 1108 2322 ἇϊόνόεις
1129 2238 1197 2303 Eu-

82 2338 199 2417 ρόοιὶο
219 2338 354 2420 sortasse
376 2341 522 2414 οοοουὶις
545 2341 681 2404 usitatos
701 2340 823 2422 formae
845 2350 917 2403 ιιιοι
941 2333 1053 2415 stuttg
1074 2350 1103 2404 ιι
1122 2332 1196 2403 ἄϊδ-

85 2432 159 2524 ιής·
181 2440 245 2502 nisi
264 2440 298 2503 id
319 2431 434 2528 ἆῖδνῇς
455 2440 651 2505 scribendum
666 2451 710 2505 est
728 2450 763 2504 ut
780 2442 905 2527 ιεχνῇς,
929 2438 1070 2527 τολμῇς,
1093 2437 1197 2503 idem-

84 2653 220 2730 ῥωπεόιιν
238 2658 317 2726 (eod.
335 2655 396 2710 Pal.
418 2657 563 2728 ῥωπαίιιν)
583 2653 755 2725 όλιγόξαλον,
779 2658 827 2713 ubi
847 2656 926 2730 prius
946 2658 1069 2728 ῥωπεῖον
1088 2654 1197 2711 correxi

85 2740 247 2796 Ριο11,392.
264 2740 381 2797 forsitan
398 2743 576 2797 scribendum
595 2741 631 2796 sit
648 2741 776 2818 (iunium
795 2747 874 2816 quod
892 2753 991 2800 nature
1008 2751 1052 2799 est
1069 2751 1197 2798 neutrum

85 2827 217 2898 adjectivi
234 2825 352 2901 ρωαὴεις
368 2847 385 2883 s
399 2828 547 2900 Spitznero
566 2828 717 2901 suspectati
735 2830 852 2885 Observ.
867 2833 902 2885 nd
916 2829 1012 2894 Quint.
1026 2849 1054 2901 p.
1069 2832 1126 2884 ib‘J.
1145 2832 1198 2884 sed

85 2913 114 2967 in
132 2912 335 2967 substantivum
353 2913 438 2982 abiit;
463 2913 495 2970 ιιὶ
512 2904 595 2977 sict}
612 2920 672 2984 (καὶ
686 2905 732 2983 ὖ)
746 2918 888 2987 μονογενῆ
906 2912 1008 2969 σπάνια
1020 2911 1200 2986 Κυνόσαργες

85 2997 114 3052 τό
129 2995 375 3072 προοαροξόιονον
391 3004 437 3053 καὶ
455 2999 483 3055 rb
501 2997 619 3070 πόγρες,
634 2999 767 3071 ὅμαργες,
782 2997 912 3067 πεόκαες,
929 2997 1049 3071 ῥιόπαες,
1064 2996 1198 3058 dorcinet<

86 3084 217 3153 Theogn.
238 3083 306 3138 Cau.
325 3087 385 3150 ¹31,
404 3086 445 3140 23.
474 3083 583 3156 Πάγρες
600 3085 695 3139 nescio
715 3084 783 3155 quid
803 3103 865 3140 esso
882 3084 970 3156 possit
989 3083 1043 3137 nisi
1062 3087 1201 3150 πανακῖμς

85 3170 144 3225 sive
163 3174 284 3231 πανακές
301 3172 404 3225 herbae
426 3190 527 3225 nomen
549 3180 579 3224 ut
601 3171 820 3241 παρδαὶιαγχέςς
843 3167 1000 3240 proximum
1019 3168 1138 3223 sortasse
1157 3174 1200 3222 ost

85 3254 212 3327 ὠμοργές
228 3251 347 3328 σκληρόν
366 3257 430 3310 ΕΜ.
444 3274 501 3326 quo
520 3251 658 3327 ὠμόλινον
676 3255 768 3309 liuram
787 3254 910 3310 crudum
928 3254 1078 3326 significari
1096 3253 1197 3326 potnit.

86 3341 324 3412 subsequentium
345 3344 402 3397 duo
422 3341 600 3414 porpsullum
622 3349 728 3396 mutata
748 3344 830 3397 effert
852 3341 947 3396 Sohol.
967 3342 999 3396 ΙΙ.
1018 3340 1123 3395 XVIII.
1139 3342 1198 3394 tto.

85 3424 147 3480 ιἰνιὶ
162 3431 209 3481 τοῦ
223 3429 347 3494 δονακῆα
366 3423 501 3501 γρόιγιιαι
520 3432 566 3481 καὶ
583 3429 720 3494 όονακῆεν
736 3427 772 3490 ὠς
786 3432 832 3481 καὶ
850 3426 864 3481 ὁ
881 3424 991 3482 πεακιόν
1007 3431 1114 3498 λέγεται
1130 3446 1200 3481 πια-

86 3516 163 3578 sier,
187 3516 264 3568 uude
282 3513 471 3584 conjecturum
491 3513 617 3569 ducimus
635 3511 744 3589 ῥώμαις
761 3514 832 3569 illud
850 3512 919 3568 nihil
939 3513 1016 3567 aliud
1035 3530 1097 3567 osse
1116 3532 1199 3586 quam

85 3597 288 3652 substantivum
312 3601 423 3672 ρωιιῆεν
448 3598 599 3669 virgultum
628 3599 787 3670 significans
817 3599 889 3654 sieut
918 3603 1036 3667 πευκῆεν
1064 3600 1198 3671 pinetum,

85 3685 221 3750 δονακῆεν
243 3684 448 3740 arundinetum.
482 3683 606 3740 Ῥιοαιῖιν
630 3685 653 3740 si
677 3684 843 3751 retinemus,
873 3684 999 3757 proxime
1023 3686 1200 3742 scribendum

88 3768 142 3823 erit
160 3767 189 3822 rb
207 3763 362 3832 tuno'svtov.
388 3772 425 3825 os.
444 3770 571 3826 Meinelv.
591 3771 655 3825 Del.
676 3790 704 3844 p.
721 3774 777 3826 123.

154 3856 200 3922 30)
214 3856 294 3911 Haeo
310 3857 402 3911 omniu
418 3856 591 3912 substantive
604 3858 743 3924 dicuntur,
762 3874 848 3930 quare
866 3857 894 3911 iu
908 3858 1040 3929 congerie
1058 3857 1200 3912 nominum

85 3940 242 4011 vulgarium
261 3945 299 4003 eie
315 3932 374 4004 ἧς,
384 3947 519 4013 χαλκοῦς,
528 3947 665 4013 χρυσοῦς,
678 3947 795 4012 Σιμοῦς,
814 3948 947 4011 πλακοῦς,
963 3947 1096 4014 γλαυκοῦς
1109 3942 1200 3995 Choe-

85 4029 145 4081 rob.
160 4030 220 4080 tto.
236 4037 265 4080 et-
283 4030 341 4082 tot.
362 4047 414 4100 pro
433 4037 574 4099 postremo
593 4028 771 4084 scribendum
791 4029 902 4083 videtur
919 4031 1037 4098 γλοιοῦς
1054 4026 1201 4097 placentae

78 4106 187 4166 ¹nomen
205 4115 281 4183 quod
301 4121 429 4185 superest
448 4113 475 4166 in
495 4113 580 4168 latino
600 4113 719 4176 Ιιιειιαις
743 4113 866 4185 γλυκόεις
883 4121 984 4184 poetae
1005 4110 1166 4165 derivarunt
1180 4128 1202 4191 .⁸

85 4193 186 4268 γλοκός
209 4206 240 4252 ut
263 4195 422 4272 ἀμβλυόεις,
448 4197 570 4271 βαρόεις,
596 4194 699 4262 divisae
717 4198 773 4255 ἀπὸ
793 4201 962 4273 παραγωγῆς
983 4199 1030 4252 τοῦ
1052 4191 1113 4258 ὗξός
1134 4196 1199 4251 seh.

86 4283 260 4340 11.v11.11.
