2736 4778
171 335 220 408 99
534 326 853 407 DISSERTATIO
890 331 917 397 I.
1026 424 1028 430 Α

171 526 220 584 est
242 535 351 582 sonus.
395 505 518 591 Atta}
534 525 565 577 ct
585 515 700 596 βῶλαξ
719 515 862 600 ejusdcm
876 517 984 604 stirpis
998 541 1070 584 esse
1088 541 1125 584 ac
1141 520 1282 606 proinde

171 616 339 702 ἐριβώλαξ
356 615 443 680 idem
466 613 571 680 valere
596 616 684 700 quod
702 616 1078 703 ἐριαῦλοξΗειιιιαιιιιιιε
1097 622 1282 709 suspicatur
1308 677 1311 687 ,

173 718 301 807 Opusc.
324 717 384 784 VI.
400 715 440 780 P.
463 715 490 781 I.
513 717 586 781 237.
606 728 730 782 veteres
754 738 831 783 vero
849 722 958 803 βῶλος
978 722 1094 804 βῶλαξ
1113 716 1159 801 ὡς
1181 722 1282 804 λίθος

170 819 283 899 λλβοξ,
308 813 409 895 αιίλός
431 809 538 897 αὖλαξ
558 817 646 884 Gud.
668 818 720 897 94,
746 818 795 885 18.
823 819 974 907 clareque
997 823 1196 908 Apollonius
1213 825 1281 892 111.

171 921 263 987 1333.
287 917 458 1003 distinguit
477 915 615 1001 βώλακα
642 930 675 984 et
697 913 799 986 ὦλκα.
836 921 872 988 Si
896 917 948 1000 ἰός
970 933 1002 986 et
1020 922 1095 1006 βιός
1116 948 1177 1012 pro
1200 914 1281 992 con·

164 1022 289 1108 jugatis
311 1020 466 1085 habenda
487 1029 578 1098 sunt,
600 1020 752 1086 libentius
774 1024 907 1088 credam
928 1022 1004 1090 huic
1026 1024 1101 1091 beta
1121 1027 1280 1107 additum,

169 1145 269 1209 quarn
294 1133 330 1186 ut
357 1119 550 1186 Thierschio
582 1122 683 1188 videri
709 1122 804 1190 video
834 1125 976 1193 Gramm.
1008 1151 1041 1213 p.
1062 1128 1136 1194 235.
1168 1153 1201 1194 n.
1228 1132 1278 1197 12.

166 1224 215 1292 illi
235 1225 414 1290 deuectum
437 1245 518 1300 esse,
541 1222 720 1310 horumque
738 1226 849 1304 altero,
872 1229 964 1312 eujus
985 1230 1163 1315 penultima
1180 1231 1282 1319 longa

169 1337 228 1405 est,
251 1326 373 1391 missile
389 1324 573 1412 significari,
597 1326 884 1395 alteromissorem
901 1329 964 1394 hoc
980 1341 1030 1394 est
1048 1354 1168 1398 arcum.
1200 1335 1278 1400 Bel·

167 1427 394 1516 lerophontem
432 1450 451 1492 a
491 1428 602 1493 nescio
641 1451 706 1514 quo
734 1425 993 1518 Ἕλλεροφόνεην
1027 1444 1178 1498 vocatum
1207 1457 1279 1501 esse

168 1527 244 1598 και)
270 1529 420 1617 ἔλλειψιν
441 1529 633 1597 Eustathius
655 1530 754 1594 tradit
776 1529 848 1609 635,
870 1531 901 1596 ὅ.
946 1530 1065 1598 Cetera
1089 1556 1163 1599 cum
1183 1557 1280 1623 prae·

168 1633 468 1721 positionemutant
482 1633 533 1697 vel
544 1632 801 1698 terminationem
818 1632 870 1697 vel
887 1633 1074 1698 merismum
1087 1634 1138 1699 vel
1155 1647 1280 1701 utrum-

168 1757 250 1822 que:
279 1738 410 1811 Βοῦνος
438 1728 457 1821 ἡ
485 1732 622 1815 κάμινος
651 1733 745 1820 παρὰ
777 1733 815 1801 τὸ
844 1730 914 1800 atto
945 1737 1146 1824 πλεονασμῷ
1174 1725 1282 1820 sori}

167 1837 248 1904 ΕΜ.
272 1836 343 1915 192,
363 1837 395 1902 4.
421 1846 454 1901 ct
476 1834 668 1901 cumulatius
694 1835 729 1898 in
757 1833 831 1899 cod.
854 1833 959 1900 Paris.
980 1835 1122 1902 Bekkeri
1150 1861 1183 1925 p.
1207 1838 1279 1904 785.

169 1943 291 2024 βαῦνσς
313 1938 396 2005 κατὰ
418 1936 604 2014 Λάκωνας·
636 1929 728 2003 οὗτοι
751 1936 813 2021 γὰρ
836 1934 885 2001 ’τὸ
917 1932 1000 2003 ἶόεῖν
1026 1940 1133 2022 βαλεῖν
1162 1941 1281 2027 φασίν·

169 2037 275 2116 &trag
291 2035 506 2125 Ἡριοιλιανός.
542 2037 575 2103 Ν
577 2057 614 2102 σε
638 2035 736 2102 dubie
758 2031 860 2102 batilli
882 2059 1001 2103 nomen
1023 2035 1191 2124 πόραυνσς
1212 2041 1279 2108 sive

169 2139 338 2224 ιιύραυνον
358 2161 432 2205 cum
459 2132 531 2206 oiim
554 2139 772 2225 compositum
795 2150 861 2218 est,
896 2138 955 2205 sed
987 2139 1131 2204 caminus
1156 2141 1281 2224 βαιινιὶς

170 2243 237 2308 sive
255 2245 379 2326 βαῐινος
400 2239 441 2305 ab
462 2239 611 2305 omnibus
632 2241 758 2306 dicitur.
780 2240 892 2307 Minus
909 2261 985 2304 vero
1002 2240 1171 2326 probabile
1185 2242 1278 2309 vide·

170 2355 221 2410 tur
251 2341 341 2428 quod
373 2341 414 2405 ab
448 2340 564 2405 eodem
592 2341 784 2407 Herodiano
818 2342 939 2407 dictum
971 2341 1145 2406 refertur
1136 2367 1170 2408 m
1197 2343 1278 2409 EM.

168 2444 290 2530 pertusa
313 2443 354 2509 τὰ
382 2439 556 2509 ποικίλα(
547 2440 663 2524 ιμάτια
687 2442 782 2527 παρὰ
804 2443 840 2509 τι)
871 2442 979 2510 εὕδειν
1000 2445 1202 2531 πλεονασμῷ
1220 2449 1281 2513 τοῦ

167 2554 214 2637 β2
219 2559 242 2632 )‚
264 2569 338 2612 nam
359 2544 546 2630 ubicunque
572 2544 697 2630 legitur
713 2554 819 2609 vestes
843 2545 1003 2632 pretiosas
1032 2545 1193 2631 significat
1212 2569 1279 2612 non

169 2647 331 2721 lisinam.
364 2646 597 2732 Theognostus
620 2643 701 2712 Can.
722 2645 793 2723 105,
815 2644 907 2712 14.’'
889 2672 920 2725 ις
941 2672 977 2714 ια
1000 2671 1055 2712 και
1048 2646 1280 2733 πλεονασμῷ

169 2757 228 2820 τοῦ
254 2779 277 2834 μ
307 2749 380 2829 μία.
400 2750 476 2831 (τοῦ
503 2755 525 2832 β
548 2747 677 2833 prmo)
645 2746 750 2826 ουέιος
773 2745 1021 2834 Ἡρωδιανὸς
1005 2773 1038 2814 εν
1047 2750 1101 2864 ,τῇ
1128 2745 1279 2814 καθόλου

169 2865 203 2921 et
223 2853 379 2942 probatur
396 2875 458 2917 usu
473 2850 641 2935 utriusque
653 2849 838 2937 promiscuo
852 2848 1028 2937 praecipue
1046 2846 1080 2913 in
1095 2846 1279 2935 periphrasi

168 2978 327 3045 personae
340 2951 372 3034 λς
381 2950 583 3041 Ἡρακληείη
596 2961 629 3017 et
641 2951 698 3039 βίη
717 2948 928 3039 ίἨιιακληειη,
951 2951 1009 3015 εει]
1022 2948 1281 3014 discriminantur

169 3057 412 3148 quodammodo
442 3055 510 3124 Od.
532 3054 667 3122 XVIII.
690 3054 720 3121 3.
750 3049 829 3122 odds'
856 3048 889 3119 ολ
917 3045 955 3139 ἦν
982 3047 1014 3130 λς
1043 3049 1120 3119 οὐδὲ
1148 3051 1216 3139 βίη.
1236 3088 1280 3098 -

168 3159 313 3230 Astron
344 3159 438 3243 παρὰ
463 3159 501 3225 τὸ
527 3159 642 3243 βλέπω
663 3157 744 3223 ΕΜ.
770 3154 822 3220 vel
843 3154 953 3243 potius
973 3164 1144 3238 utrumque
1167 3173 1187 3216 a
1208 3149 1278 3218 λάιιι

167 3285 197 3331 v.
217 3263 342 3329 Techn.
367 3263 438 3326 199.
470 3260 549 3324 Alia
572 3257 757 3343 hujusmodi
784 3256 930 3323 edoctis
952 3264 1082 3322 nostrae
1105 3253 1279 3319 memoriae

169 3366 339 3433 obses-ata
360 3371 436 3427 sunt
451 3359 555 3445 magis
567 3359 713 3423 minusve
724 3369 819 3423 certa.
854 3357 1030 3440 Βαλλίζειν
1045 3357 1082 3421 id
1098 3365 1147 3421 est
1158 3353 1279 3419 ballare

169 3476 202 3531 et
226 3458 411 3550 βαλλισμιλς
439 3460 565 3525 saltatio
590 3459 767 3545 Menagius
800 3459 834 3523 in
863 3460 982 3546 Origg.
1008 3484 1041 3547 p.
1072 3458 1122 3524 73.
1150 3455 1190 3521 ab
1219 3455 1301 3522 ιἰἷλ-4

169 3568 291 3632 tersas
312 3563 431 3649 repetit
452 3563 511 3626 sed
533 3561 643 3626 nescio
664 3584 705 3626 an
724 3584 926 3649 paragogum
944 3559 1125 3627 sitaverbo
1144 3557 1279 3644 βάλλειν

169 3675 207 3733 ac
230 3665 416 3753 primariam
435 3663 621 3729 saltatorum
632 3675 744 3743 artem,
769 3663 1001 3729 chironomiam
1015 3664 1099 3740 dico,
1118 3659 1280 3747 significet

136 3774 141 3781 ’
168 3782 205 3835 ut
233 3769 267 3833 in
297 3764 400 3831 Anth.
428 3767 470 3831 V.
500 3766 571 3830 129.
601 3767 643 3832 de
664 3766 761 3832 mima
784 3765 900 3831 dicitur
920 3764 1035 3849 βάλλει
1063 3764 1123 3842 τὰς
1145 3760 1280 3840 ἁπαλὰς

170 3861 235 3938 ὧδε
256 3868 313 3934 καὶ
340 3857 404 3933 ὧδε
424 3866 525 3949 χέρας
553 3880 586 3935 et
612 3867 728 3936 eodem
755 3868 853 3935 modo
875 3867 986 3932 Latini
1003 3871 1126 3953 jactare
1150 3866 1280 3930 bractia

169 4042 277 4105 borum,
290 4040 312 4094 si
325 4039 526 4112 producantur,
539 4035 718 4094 circumflecti
730 4039 848 4093 docent:
862 4039 916 4109 γρῦ
926 4039 967 4110 μῦ
978 4037 1086 4093 Anecd.
1095 4034 1187 4092 Beklr.
1203 4035 1277 4089 11611.

169 4129 221 4180 sed
232 4126 371 4180 Arcadius
386 4126 443 4189 181,
461 4125 504 4180 21.
518 4126 575 4178 πᾶν
587 4125 727 4197 {nuspa
741 4122 952 4194 μονοσύλλαβον
964 4119 1098 4195 ὀξύνεται,
1114 4119 1154 4195 μό
1167 4117 1197 4176 τὸ
1208 4127 1280 4193 tpa-

169 4207 278 4281 νηιικόν
291 4219 344 4265 etc.

237 4297 267 4368 2)
285 4294 394 4353 Vitiose
407 4295 504 4354 Orion.
517 4296 560 4362 38,
576 4296 616 4352 11.
632 4291 719 4363 βάθεα
732 4303 760 4351 ot
771 4290 850 4353 ἅδεα.
