2736 4778
95 339 98 349 ’
154 359 203 435 ro
516 356 834 426 nrssnummo
869 358 897 426 1.

154 541 287 612 emerita
309 542 472 631 stipendia
492 544 621 609 relictis.
664 546 709 610 Et
729 567 823 610 mons
846 545 1011 612 Galilaeae
1035 543 1185 626 Thabor,
1208 544 1264 632 qui

154 669 175 712 a
199 645 335 712 Graecis
353 642 565 730 Ἀταβύριον,
594 669 613 710 a
634 646 786 733 Josepho
808 657 841 713 et
863 647 978 712 LXX.
997 643 1181 734 Ἰταβύριον
1203 671 1263 714 no·

152 747 305 823 minatur3
338 770 419 833 gens
450 746 572 811 iberica
605 751 729 837 Γλῆτες
761 759 794 814 ct
821 745 972 837 Ἰγλῆτις.
1023 748 1092 815 Sed
1119 760 1266 834 praestat

153 850 294 915 animum
320 849 487 913 advertere
512 849 554 912 ad
585 849 728 914 notiora:
761 849 886 933 μάστιξ
919 850 1015 930 παρὰ
1046 849 1083 914 τά
1121 847 1264 934 ἱμάσσω,

151 957 251 1021 τοῦτο
281 951 318 1018 δὲ
346 950 443 1037 παρὰ
469 949 507 1016 τὸ
534 947 612 1031 ἱμάς
640 945 657 1017 ὁ
686 953 808 1038 λάρος,
833 937 948 1036 Epims
973 949 1019 1015 H.
1039 950 1113 1015 391.
1145 952 1264 1036 quibus

153 1063 295 1138 cognate
316 1062 392 1115 sunt
412 1047 573 1139 ἱμάσθλη,
593 1048 741 1138 μάσθλη,
763 1049 891 1142 μάσσαι
908 1051 1009 1116 idest
1031 1049 1143 1134 ἱμάντι
1165 1055 1265 1140 δῆσαι

152 1152 277 1220 Techn.
308 1153 357 1218 10.
381 1146 488 1237 Ἰβάνη
511 1147 727 1240 άντλητήρισν
749 1163 781 1217 et
794 1148 930 1236 Ἰβανεῖν
952 1147 1080 1220 ἀντλεῖν
1100 1153 1122 1217 i.
1140 1176 1171 1238 q.
1194 1148 1266 1220 άνι·

151 1258 227 1342 μᾷν.
250 1256 332 1318 Hes.
369 1253 436 1318 Hic
460 1262 622 1318 certamen
644 1253 790 1319 oboritur
807 1264 914 1318 utrum
932 1253 1088 1341 praeferri
1103 1266 1263 1341 oporteat,

152 1356 379 1447 pleonasmum
411 1378 453 1419 an
481 1354 619 1440 ellipsin.
673 1355 804 1421 Etenim
834 1377 953 1442 cogere
986 1366 1019 1420 et
1045 1356 1165 1421 vincire
1197 1357 1264 1422 sive

153 1459 375 1543 constringere
395 1467 462 1520 tam
488 1454 549 1519 sibi
571 1455 678 1520 vicina
700 1467 776 1520 sunt
797 1467 921 1521 utnon
941 1455 1118 1521 absurdum
1135 1458 1176 1522 sit
1194 1479 1263 1524 cre-

154 1560 230 1627 dere
245 1559 405 1626 voeabula
420 1557 561 1643 eogendi
576 1579 696 1643 graeca
711 1553 752 1636 ἴς,
775 1558 843 1641 βία,
863 1563 950 1646 βιᾷν,
974 1569 1008 1622 et
1021 1558 1264 1644 constringendi
1330 1637 1334 1645 Ι

153 1663 254 1728 latina
267 1665 362 1736 viere,
381 1664 495 1734 σιίαισ,
519 1659 680 1724 vincutum
697 1658 843 1740 ejusdem
862 1681 934 1724 esse
951 1659 1061 1745 stirpis
1081 1671 1113 1725 et
1129 1671 1265 1725 naturae

154 1787 193 1831 ac
224 1761 363 1849 proinde
392 1753 458 1837 ἶνις
480 1758 515 1823 id
537 1768 587 1823 est
606 1758 696 1823 nervi
719 1771 751 1823 et
773 1757 905 1841 ἱμάντες
925 1760 1058 1848 proprie
1079 1761 1208 1826 vincula
1233 1772 1267 1826 et
1334 1829 1336 1833 ,

152 1866 330 1953 ligamenta
359 1860 543 1947 significare
572 1860 613 1925 cl.
645 1859 767 1926 Parall.
796 1859 847 1925 83.
881 1873 913 1926 et
941 1862 1015 1926 337.
1053 1863 1264 1928 Doederlein.

154 1968 264 2035 Gloss.
286 1966 388 2030 Hom.
409 1963 437 2029 1.
455 1963 508 2027 25.
552 1961 655 2044 Quod
677 1962 704 2025 si
724 1962 770 2025 ita
793 1973 851 2040 est,
872 1960 957 2046 ἱμάς
970 1973 1003 2027 et
1025 1960 1176 2051 ἱμάσθλη
1197 1963 1266 2029 iota

153 2069 297 2134 nativum
321 2064 457 2143 habent,
486 2061 610 2148 μάστιξ
631 2073 738 2127 autem
761 2072 793 2128 et
814 2061 997 2152 ptoetqs)
1021 2062 1193 2150 aphaeresi
1216 2066 1264 2130 af-

153 2171 239 2237 lecta
266 2178 351 2233 sunt.
402 2169 514 2252 Atque
542 2163 605 2229 hac
630 2166 756 2230 ratione
785 2165 924 2231 fortasse
952 2165 1006 2230 ille
1038 2166 1120 2230 dixit
1143 2164 1268 2248 μάστιξ

154 2271 250 2360 παρὰ
273 2269 311 2336 τὸ
336 2264 476 2351 ἱμάσσω.
520 2268 643 2333 Verum
665 2266 848 2331 enimvero
871 2289 912 2331 ex
932 2266 1049 2345 verbo,
1080 2267 1170 2353 quod
1190 2269 1264 2333 Ho-

153 2393 261 2439 merus
281 2368 357 2434 huic
375 2367 500 2432 nomini
523 2367 701 2453 adjungere
724 2367 824 2443 solet,
851 2365 988 2452 μάστιγι
1010 2368 1189 2452 ἐπεμαίετο
1210 2370 1267 2437 ἵσ-

120 2542 125 2557 ,
153 2500 253 2553 πασς,
282 2481 507 2559 argumentum
534 2469 610 2534 duci
634 2478 745 2556 potest
769 2478 899 2554 etymon
921 2491 993 2535 esse
1015 2470 1195 2553 μάσασθαι
1215 2474 1266 2538 iu-

155 2579 293 2650 ιτνιάτντ,
324 2584 422 2658 atque
444 2571 529 2638 hanc
554 2570 825 2658 significationem
849 2575 924 2637 teuti
946 2571 1043 2636 etiam
1066 2571 1109 2635 ad
1130 2571 1185 2636 illa
1206 2594 1265 2638 vo·

154 2675 271 2741 cabula
292 2674 418 2739 funium
436 2675 635 2759 testiumque
650 2673 822 2738 convenire
841 2694 893 2737 res
912 2673 1011 2737 estin
1030 2673 1133 2739 oeulis
1145 2674 1264 2760 posita.

155 2775 241 2843 Cum
263 2774 402 2862 μάσθλη
433 2788 465 2840 et
490 2772 640 2863 ἱμάσθλη
664 2773 861 2841 conveniunt
875 2774 940 2851 duo
960 2773 1120 2840 vocabula
1136 2773 1177 2841 ab
1193 2778 1265 2842 He·

156 2877 269 2964 sychio
291 2876 454 2966 apposita,
480 2876 620 2963 primum
636 2872 784 2965 Ἰσμῆναι
811 2879 916 2961 θῆκαι
933 2875 968 2961 ⁸)
999 2887 1032 2940 et
1052 2879 1178 2963 Σμῆναι
1201 2883 1267 2944 τῶν

154 2982 321 3065 μελισσῶν
346 2974 380 3044 oi
407 2983 530 3068 θῆκαι,
558 2999 624 3064 (μισ
647 2977 871 3064 significantur
895 2976 1035 3041 alvearia
1060 2977 1128 3043 sive
1149 2975 1265 3066 σμήνη,

154 3081 195 3147 ab
225 3080 288 3147 hoc
316 3090 424 3146 autem
453 3080 535 3145 nihil
562 3080 671 3145 differt
698 3075 796 3163 ἑσμσί
824 3077 991 3155 examina,
1025 3088 1196 3163 utrumque
1223 3079 1265 3145 ab

155 3182 271 3248 eodem
298 3182 398 3247 verbo
432 3180 516 3250 ἱέναι
539 3182 719 3247 derivatum
737 3203 767 3246 ν.
791 3180 913 3246 Parall.
935 3179 1008 3244 548.
1038 3181 1129 3264 eujus
1157 3179 1267 3245 thema

157 3283 277 3370 duplex
293 3281 334 3347 tto
354 3294 386 3346 ct
403 3281 456 3346 ἔω.
496 3280 646 3346 Alterum
665 3293 715 3346 est
729 3278 854 3370 Ἴβηνσι
877 3280 987 3369 copel.
1015 3285 1122 3367 θῆκαι
1144 3276 1267 3369 άστρά-

158 3408 254 3461 κιναι,
277 3379 414 3465 κιβιιιτσί
438 3391 470 3444 et
491 3385 601 3466 Βῆνσς
623 3379 780 3464 κιβωτός,
808 3403 945 3466 qnorum
974 3381 1055 3446 illud
1086 3401 1158 3446 cum
1181 3380 1265 3469 θίβη

156 3482 315 3558 convenit,
339 3481 474 3546 alterum
496 3480 691 3547 adminiculo
717 3492 814 3547 caret.
853 3460 1016 3569 Suspecta
1032 3504 1108 3548 vero
1133 3492 1183 3548 est
1204 3482 1267 3547 alia

157 3583 303 3669 ejusdem
331 3583 443 3668 glossa
466 3575 570 3647 Ἰκιιόν
597 3583 795 3673 πορευθείς,
823 3607 883 3672 pro
911 3606 976 3669 quo
1005 3595 1037 3648 et
1064 3580 1144 3651 νιιάν
1167 3583 1266 3649 scribi

155 3693 266 3774 potest
293 3694 326 3748 et
358 3680 449 3760 ἲκών,
483 3705 559 3747 nam
587 3678 659 3751 ἷκσν
685 3696 810 3751 veteres
841 3687 997 3751 aoristum
1025 3707 1098 3750 esse
1120 3695 1267 3750 statuunt

156 3783 329 3874 participio
357 3794 462 3847 acuto.
514 3782 632 3851 Cetera
661 3808 733 3851 eum
765 3787 833 3852 iota
859 3797 986 3853 mutant
1007 3787 1266 3854 terminationem

156 3888 301 3954 variante
319 3882 494 3950 intellectu.
540 3887 596 3954 Sic
618 3887 764 3973 corporis
787 3899 896 3973 partes
920 3888 982 3954 sibi
1003 3889 1127 3955 vicinas
1150 3899 1183 3955 et
1204 3912 1265 3979 op·

225 4127 252 4193 7)
275 4127 343 4182 Cum
370 4125 483 4194 δίγσνος
505 4117 632 4192 μάσθλης
659 4120 687 4173 in
715 4120 862 4192 Sophoclis
888 4122 998 4195 Fragm.
1028 4127 1158 4182 convenit
1184 4127 1268 4196 διπλῆ

155 4206 254 4282 μάστιε
266 4210 312 4280 Aj.
326 4212 385 4263 aas.

224 4315 251 4383 8)
264 4311 394 4384 Ungsras
407 4311 436 4368 in
449 4311 541 4366 Theb.
556 4308 695 4364 Paradox.
714 4309 771 4365 127.
785 4306 901 4379 corrigit
908 4307 1042 4384 Ἰσμῆνιαι
1057 4316 1153 4382 Θῆβαι.
