2736 4778
139 392 196 457 na
219 387 463 472 srnnnnasn
485 387 686 491 omnnmsr
708 392 767 455 τω.
799 387 888 454 au
912 385 999 455 cn
1022 387 1092 474 §.a
1130 353 1181 456 er

54 556 245 623 nominativo
267 555 385 640 indicto
408 555 489 636 τέος,
512 553 597 620 unde
620 553 745 619 dativus
768 547 852 642 ὅτεῳ
878 552 915 618 Il.
937 550 1096 634 sulas,
1119 553 1173 635 qui

54 678 137 726 nunc
159 679 198 726 ex
220 657 372 724 Zenodoti
395 658 552 723 sententia
573 662 720 739 receptus
743 662 793 721 est
812 674 871 738 pro
894 651 960 742 ὅτῳ
975 655 1015 740 *).

140 763 372 845 Barytonorum
392 779 490 827 unum
513 760 581 827 sine
603 760 788 843 cuiusquam
810 759 1007 826 dissensione
1029 759 1075 825 sic
1097 759 1173 825 scri·

54 871 144 948 ptum
166 870 216 930 est
236 862 274 928 IL
295 862 356 928 XV
379 862 440 928 656
475 866 556 930 νεῶν
581 865 839 952 adsaporetur,
875 868 909 928 at
929 881 1005 929 vero
1029 862 1176 928 schola

55 962 421 1056 γράφεταιπρῶτων
453 963 509 1032 καὶ
533 965 745 1055 προτέρων
768 966 823 1034 ani
847 965 1058 1056 πρωτέων,
1094 967 1176 1032 ulter

57 1068 252 1158 πρωτέων
274 1068 358 1136 κατὰ
381 1067 558 1157 συνίζησεν·
587 1069 755 1155 μέμφεται
778 1069 815 1137 δὲ
836 1065 1027 1148 Διονύσιος·
1052 1066 1091 1136 οὗ
1114 1069 1176 1155 γὰρ

56 1174 93 1239 τὸ
118 1168 286 1260 πρώτων
320 1175 536 1260 resplendeat.
580 1171 665 1254 Ergo
699 1173 727 1238 si
753 1177 894 1261 πρωτιῦν
916 1174 1088 1256 decretur,
1122 1173 1175 1238 ille

54 1295 117 1342 non
138 1275 350 1357 improbasset
371 1272 536 1360 πρωτέων.
578 1275 780 1342 Hincautem
792 1278 943 1360 sequitur,
967 1295 1040 1343 enm
1055 1276 1176 1359 epsilon

56 1399 94 1446 ex
116 1383 142 1444 ῐνῖ
166 1375 364 1444 circumflexo
386 1381 497 1441 natum
517 1381 657 1459 putasse.
708 1378 791 1444 Nam
812 1385 849 1445 nt
870 1383 906 1452 ἴω
928 1381 961 1445 in
984 1383 1011 1450 ὦ
1033 1378 1175 1445 contrahi

56 1482 146 1564 solet,
169 1481 227 1550 ἐὰν
247 1479 327 1565 βέω,
350 1482 411 1563 βω,
435 1479 481 1543 ita
501 1483 661 1560 promtum
683 1479 743 1546 buit
765 1484 792 1552 ω’
814 1481 846 1546 in
863 1484 907 1554 εἶ
920 1482 1054 1548 distrahi
1076 1480 1176 1547 vocali

55 1585 153 1666 brevi,
176 1602 257 1666 qnae
280 1581 534 1663 monophthongo
556 1582 697 1648 involuta
719 1588 777 1664 est,
800 1585 832 1648 in
850 1584 1176 1667 integrnmrestituta.

44 1689 160 1770 'Atque
183 1688 243 1752 hac
263 1685 387 1751 ratione
409 1689 533 1752 veteres
555 1684 648 1767 vulgo
662 1679 836 1768 ‘explicant
857 1687 1012 1776 νυμφέων
1035 1692 1068 1753 et
1089 1688 1176 1754 simi·

57 1790 101 1856 lia
116 1791 139 1873 ¹)
171 1808 245 1855 mox
277 1788 417 1854 dicenda.
483 1787 573 1853 Haec
605 1807 680 1855 vero
712 1808 775 1855 non
808 1791 954 1857 convenit
975 1796 1127 1874 sequente
1154 1795 1177 1863 ὦ

57 1899 160 1974 atono,
183 1909 280 1976 quare
302 1891 356 1956 ille
377 1909 480 1972 neque
504 1893 664 1978 πρωτέων
686 1892 854 1958 admittere
876 1895 980 1975 potnit
1000 1912 1102 1976 neque
1115 1896 1178 1960 alia

53 1995 207 2063 feminina
239 1995 466 2061 adiectivorum
492 1996 700 2078 trigonorum,
731 2015 813 2078 quae
847 1995 919 2061 libri
939 1996 1100 2062 'Herodoti
1131 1998 1177 2063 le·

57 2098 204 2182 gentibus
226 2093 345 2181 passim
367 2097 532 2164 obiiciunt:
556 2095 685 2166 ἀλλέων
707 2100 884 2186 παιγνιέων
906 2098 922 2163 Ι
944 2097 995 2180 94,
1028 2096 1178 2167 ἐκεινέων

57 2208 91 2273 et
123 2202 238 2267 similia
270 2201 466 2267 aBredovio
489 2202 633 2282 collecta,
666 2202 795 2284 μεσέων
823 2205 945 2268 νυκτῶν
965 2201 1065 2267 Anon.
1090 2201 1178 2269 Scan.

57 2306 93 2371 F.
111 2302 238 2370 11113l
260 2304 355 2369 Mein.
399 2304 532 2369 Vossius
554 2323 629 2369 vero
651 2323 713 2369 non
735 2306 855 2371 veritus
878 2310 929 2371 est
949 2305 1082 2371 inArat
1096 2303 1179 2371 1064

58 2407 269 2475 &consocior
302 2407 441 2474 scribere
464 2407 636 2490 eodemque
669 2409 761 2474 modo
791 2409 876 2491 apud
898 2407 1125 2496 Callimachum
1147 2414 1180 2474 et

58 2511 279 2593 Appollonium
305 2505 432 2576 ἀλλέων
457 2506 561 2595 νήσων
584 2510 681 2577 scribi
702 2511 796 2576 iussit
818 2511 859 2604 ad
869 2511 909 2577 H.
921 2510 961 2576 H.
983 2509 1098 2576 iliCer.
1107 2509 1179 2576 363.

57 2614 211 2679 Veterum
234 2613 261 2679 si
283 2613 338 2695 qui
359 2612 405 2678 ita
427 2613 636 2694 scripserrmt,
669 2614 888 2682 recordatione
911 2614 1180 2681 substantivorum

58 2717 145 2782 ducti
168 2721 250 2797 sunt,
273 2734 355 2798 quae
377 2716 497 2798 epsilon
519 2717 662 2782 innatum
684 2717 816 2783 habent:
850 2718 1005 2806 κρηνέων,
1029 2717 1179 2784 ναυτέων.

58 2819 299 2885 Homericorum
341 2818 568 2884 adiectivorum
606 2839 704 2886 unum
739 2820 789 2886 bis
829 2821 1001 2902 repetitum
1035 2816 1181 2887 ἱππείων

60 2917 194 2990 ὁπλέων
216 2921 416 2993 Thierschius
449 2920 757 2989 circumflectendum
789 2927 883 3004 putat
915 2923 1031 3005 quippe
1059 2940 1098 2986 ox
1123 2919 1181 2989 irr-

61 3009 184 3092 ne're'wv
206 3028 411 3105 contractum,
434 3024 491 3089 sed
503 3024 744 3107 approbatorem
766 3043 827 3089 non
839 3024 967 3105 invenit,
990 3023 1181 3105 v.Spitzner.

60 3129 102 3195 ad
123 3127 171 3193 XI
192 3126 265 3192 536.
309 3128 481 3192 docentum
514 3127 706 3193 tralaticium
740 3132 851 3192 teuent
882 3128 1093 3209 grammatici,
1129 3128 1183 3208 qui

59 3231 154 3295 huius
183 3230 328 3297 dictionis
361 3230 552 3295 mentionem
584 3228 741 3309 ieeenmt,
778 3250 841 3296 non
874 3231 1049 3312 scripturae
1075 3249 1181 3311 causa,

61 3334 118 3400 sed
150 3338 280 3415 propter
313 3333 512 3412 abusionem3
545 3350 681 3421 namque
704 3332 891 3413 Homerum,
926 3333 953 3397 si
981 3332 1183 3413 decerperis

60 3436 206 3520 partibus
229 3436 435 3502 animantium
447 3436 588 3500 vivorum
609 3435 766 3516 loquatur,
789 3454 851 3501 non
874 3435 1036 3517 epitheton
1057 3453 1182 3516 posses·
1298 3431 1307 3442 “

62 3542 165 3607 sivum
186 3558 359 3623 apponere,
393 3539 450 3604 sed
478 3537 651 3620 genitivum
673 3536 877 3619 substantivi,
910 3538 1009 3620 quare
1030 3537 1095 3619 hic,
1130 3537 1185 3603 nbi

20 3706 23 3711 .
63 3644 137 3725 eqni
169 3648 332 3709 currentes
365 3641 595 3725 significantur,
629 3660 691 3707 nou
725 3637 826 3708 ὁπλαὶ
847 3638 983 3708 dancrat
1018 3641 1185 3707 dicendum

63 3745 170 3827 luisse,
194 3746 251 3812 sed
271 3742 389 3813 innon
402 3745 438 3830 ²).
482 3747 551 3813 Hoc
581 3748 688 3810 autern
710 3744 853 3825 exemplo
875 3743 1017 3810 nonnulli
1038 3746 1089 3810 usi
1112 3750 1186 3809 sunt

134 3968 162 4036 l)
180 3970 310 4022 Universa
329 3968 411 4020 schol.
430 3970 559 4038 Hermog.
578 3971 611 4023 de
629 3970 669 4024 Id.
688 3988 712 4023 c.
729 3970 767 4022 xl
780 3966 832 4023 889
850 3969 992 4025 nvn-1³.
1010 3969 1038 4019 11
1056 3967 1187 4036 διωέρεσές

65 4055 148 4120 ἔστιν,
167 4052 236 4109 ὅταν
253 4057 324 4116 λέξις
341 4058 539 4124 περισπωμένη
558 4057 595 4114 sic
613 4051 664 4110 δύο
683 4055 833 4125 decipient:
853 4055 963 4107 πυλῶν
981 4055 1119 4105 πυλέων.

133 4139 161 4207 2)
179 4143 278 4195 Aratus
305 4142 338 4194 da
365 4144 451 4195 sidere
468 4143 580 4209 loquens
597 4140 649 4196 487
676 4139 761 4195 ὁπλαὶ
787 4143 911 4205 inustor,
938 4141 985 4192 sed
1011 4140 1073 4191 alibi
1090 4138 1188 4208 έππεέη

65 4223 181 4298 κεφαλή,
200 4232 290 4296 nasein
308 4223 424 4298 κεφαλή.

133 4313 163 4380 *)
182 4316 210 4367 E
224 4315 345 4368 schedula
368 4333 415 4379 eo,
440 4332 519 4384 ριιατιι
545 4331 627 4383 ιιιρνω
652 4314 888 4377 έιπινπιένωνένινι,
914 4313 964 4367 buc
980 4313 1189 4384 transferendam

63 4408 100 4451 est
117 4399 196 4452 illud:
215 4405 314 4466 „Aliter
332 4403 415 4456 schol.
434 4404 485 4458 Od.
503 4404 532 4456 11
550 4400 601 4456 lla
618 4402 668 4469 τῷ,
687 4395 767 4469 ὅτεῴ
785 4416 818 4452 τε
836 4394 946 4467 πατήρ
958 4427 990 4438 -
1009 4399 1039 4454 έιι
1057 4401 1106 4454 τοῦ
1126 4396 1189 4469 ὅτῳ

69 4518 72 4522 ,
118 4484 236 4534 τωρωι.
249 4486 333 4531 aanor.
348 4486 376 4527 11.
969 4470 992 4533 'l
