2736 4778
207 383 264 450 DE
287 383 532 467 summensi,
554 384 754 453 ornanum
775 384 836 453 eta
864 385 937 453 P.L
960 385 1046 468 uu
1072 387 1099 473 fi.
1113 389 1156 455 1..
1197 387 1239 454 35

119 565 160 614 ne
182 549 215 613 in
235 565 332 631 prosa
352 547 488 630 quidem,
511 550 628 616 nedum
642 544 775 640 νοολᾴα.
810 548 949 616 Albanus
971 549 1113 617 merismi
1135 567 1240 618 exem·

121 652 208 734 plum
219 652 347 718 unicum
369 650 692 734 estEurip.Ala.135
715 654 834 720 δουποῖ
842 652 911 738 χεὶρ
922 650 1055 720 νεολαία
1066 661 1239 741 γυναικῶν,

122 753 217 837 idque
238 772 316 836 prae
338 754 439 821 altero
460 754 612 838 probatur
633 754 675 822 ab
697 755 894 822 Hermanno:
917 756 1012 842 ,ρ’ροο
1023 755 1140 842 sonno
1156 754 1242 820 docet

123 854 294 924 νεολαία
317 855 502 921 adiectionem
523 861 620 923 eaoa“.
677 858 748 925 Non
778 859 920 925 dubitem
941 860 1102 942 equidem,
1124 861 1200 943 quin
1223 853 1241 926 ὁ

124 963 184 1026 τοῦ
217 959 400 1028 vicedomni
426 953 471 1028 oio
504 961 565 1028 dici
597 963 698 1045 possit
725 960 874 1041 νεόλαος,
909 964 993 1045 quod
1015 961 1243 1046 quodammodo

125 1060 288 1130 confirmat
306 1063 410 1130 Photii
430 1063 537 1147 glossa
560 1062 717 1146 Νοόλεως
738 1065 880 1155 ἔφηβοξ,
913 1067 971 1133 sed
994 1066 1149 1150 quomodo
1170 1066 1243 1132 hinc
1294 1111 1297 1123 ·

124 1167 165 1230 ad
188 1165 339 1246 νεόλαιος
359 1170 616 1250 perventum‘sit
639 1187 752 1252 parum
773 1171 882 1252 liquet
914 1168 1074 1236 -Geterum
1095 1170 1156 1235 loci
1178 1169 1242 1235 Eu·

124 1269 237 1352 ripidei
259 1271 415 1354 scriptura
440 1271 707 1354 ambignum—A
728 1267 809 1352 λαός
831 1291 896 1338 una
916 1273 1011 1339 litera
1032 1273 1131 1338 distat
1152 1269 1242 1352 ναός.

124 1373 207 1438 unde
229 1374 372 1440 derivata
393 1381 467 1441 sunt
488 1374 582 1455 νάϊος
604 1382 638 1442 ct
658 1374 798 1456 οαΐδιον,
820 1377 899 1442 nubi
921 1373 1077 1442 affectioni
1093 1374 1241 1456 obnoxia;

125 1477 181 1541 sed
202 1476 431 1544 dubitationem
441 1479 541 1544 iniicit
551 1478 713 1545 Minervae
724 1477 896 1561 Delphicae
908 1478 1069 1561 epitheton
1080 1475 1242 1563 Προνοία,

124 1597 198 1643 num
221 1577 375 1662 significet
406 1582 465 1668 τὴν
488 1579 713 1668 προναίουααν
747 1583 829 1648 sicut
860 1581 1002 1648 eiusdem
1034 1580 1095 1647 loci
1123 1582 1243 1647 incolae

124 1681 168 1747 dii
189 1681 371 1750 hominesve
394 1680 541 1752 crievecor
563 1690 793 1767 nuncupantur,
817 1704 856 1751 an
873 1685 933 1751 dea
955 1683 1105 1750 sacellum
1127 1683 1245 1766 templo

125 1787 336 1867 antepositum
364 1789 466 1870 quasi
478 1785 627 1876 πρόνοον
648 1788 786 1854 incolens
819 1787 905 1854 oica
936 1789 979 1854 sit
1001 1784 1157 1876 προοάῖος
1179 1787 1245 1852 aive
1276 1856 1281 1862 ,

126 1886 272 1974 προναία
305 1891 387 1956 sicin
421 1889 627 1977 προβώμιος,
665 1890 855 1974 syllabisque
889 1891 1057 1957 contractis
1091 1888 1244 1976 προναία,

126 1991 280 2072 quomodo
301 1991 374 2058 libri
397 1994 546 2061 exhibent
567 1997 600 2060 in
610 1994 754 2076 Aeschyl.
766 1992 897 2059 Eumen.
910 1994 949 2059 21
974 1998 1008 2059 et
1021 1992 1245 2075 inscriptiones

127 2092 166 2157 ab
188 2092 370 2161 Hermanno
391 2095 453 2161 huc
475 2097 649 2179 adhibitae,
676 2099 731 2180 qui
752 2098 818 2163 iota
838 2096 939 2162 vocali
959 2095 1085 2178 longae,
1118 2101 1155 2160 nt
1178 2113 1246 2161 mos

126 2194 196 2276 lert
219 2197 407 2279 subscripsit
427 2205 464 2264 ut
474 2197 640 2266 Pindarico
650 2205 760 2291 Λᾷος.
775 2237 810 2247 -
827 2198 906 2265 Cum
920 2191 1003 2279 λαός
1023 2205 1056 2265 et
1077 2197 1156 2278 οαός
1173 2216 1245 2280 pro·

126 2300 216 2365 sodia
247 2301 435 2368 conveniunt
467 2302 688 2386 andronymica
709 2298 887 2380 Εὐπαίδας
920 2300 1057 2384 Thucyd
1080 2307 1113 2367 et
1134 2305 1246 2368 lioto-

127 2401 260 2493 παΐδης,
284 2405 368 2487 quod
390 2406 464 2471 olim
485 2407 517 2470 in
533 2405 670 2489 Theogn.
683 2402 793 2470 Gnom.
817 2403 1013 2471 scribebatur
1024 2401 1246 2492 Πολυπαίοης

127 2507 191 2573 iota
212 2513 322 2574 contra
342 2509 484 2591 regulam
511 2527 574 2575 non
596 2509 758 2592 supposito
788 2496 849 2573 'sed
872 2507 1028 2590 apposito,
1062 2506 1153 2589 quasi
1175 2524 1246 2572 oum
1308 2567 1311 2574 .

126 2616 207 2690 παῖς
228 2612 434 2694 compositum
458 2614 508 2679 sit
534 2651 568 2660 -
595 2611 675 2679 (lum
696 2609 818 2690 Λάδας
852 2612 884 2675 in
917 2609 1032 2677 Parall.
1055 2609 1097 2674 78
1130 2609 1247 2675 contuli

128 2712 267 2802 Γράδρς,
288 2715 372 2797 quod
394 2715 593 2782 Herodianus
615 2717 648 2781 in
664 2715 815 2781 Anecdot
838 2712 935 2780 Oxon.
962 2712 1019 2779 lli
1042 2711 1105 2779 232
1128 2713 1246 2779 directe

124 2818 373 2900 patronymicum
394 2819 525 2900 apellat,
559 2821 616 2887 τὸν
638 2819 700 2906 γὰρ
724 2815 793 2885 υἱὸν
816 2821 876 2884 τοῦ
901 2819 970 2904 Γρᾶ
994 2813 1158 2904 σημαίνοι,
1191 2815 1268 2880 sed.

128 2939 198 2986 oum
230 2927 389 3003 potestate
416 2922 632 3005 patronymica
658 2922 765 2986 amisit
791 2920 888 2984 otiam
910 2920 983 2985 iota
1038 2918 1151 2983 Fixum
1172 2934 1247 2983 vcro

128 3030 178 3089 est
199 3024 391 3090 deminutivo
406 3022 543 3114 γρᾴδιον
564 3042 627 3090 non
650 3024 751 3089 solum
765 3024 798 3089 in
819 3024 936 3089 nostris
957 3021 1055 3100 libris,
1079 3019 1247 3085 sedetiam

127 3129 161 3192 in
182 3128 338 3216 pmadosi
360 3145 456 3209 qnam
478 3131 671 3193 attestantur
682 3126 887 3209 grammatici
910 3145 938 3190 v.
956 3120 1246 3202 Elomm.1p.280‚

127 3236 161 3296 et
181 3231 215 3296 in
235 3229 379 3296 versibus
391 3229 686 3311 distincteeuuitm,
709 3230 793 3296 unde
816 3228 993 3313 synaeresis
1015 3224 1171 3308 trisyllabi
1194 3242 1245 3290 oo·

129 3334 296 3415 gnoscitnr.
309 3369 351 3380 -
363 3331 442 3398 (lum
463 3333 512 3398 his
524 3335 713 3416 complectar
724 3334 887 3412 adiectiva
910 3348 991 3414 quae
1003 3327 1171 3411 etymologi
1182 3327 1246 3408 pri-

129 3437 237 3512 mitivo
259 3432 343 3515 οάϊς,
368 3439 439 3524 δῆῒς
461 3435 637 3517 subiiciunt
662 3440 754 3528 δᾷος,
777 3436 861 3519 qnod
878 3434 1079 3500 Hermannus
1090 3428 1246 3512 Aeschylo

129 3539 268 3622 Choeph.·
289 3538 353 3605 618
385 3540 479 3605 metri
511 3558 608 3605 causa
640 3540 818 3619 substituit,
852 3538 963 3620 hisque
991 3554 1114 3602 annexa
1135 3537 1247 3623 ἀροῦν,

130 3639 245 3731 ἀδῇος,
270 3640 449 3732 epitome,
473 3638 654 3732 Δῃάοειρα,
677 3643 792 3724 quibus
807 3642 1248 3708 editionesveteresnonnun·
1337 3704 1341 3709 ,

128 3765 223 3829 quam
244 3747 311 3811 iota
332 3746 511 3827 donabunt
533 3747 649 3829 partim
671 3750 852 3829 asyncreta‚
885 3740 1062 3827 μεοοδαΐοο
1083 3738 1195 3808 ἵππου
1217 3741 1249 3804 in

129 3850 217 3917 exitu
237 3867 348 3916 versus
370 3851 493 3932 Anytae
514 3848 622 3932 Epigr.
642 3848 718 3915 XVI
740 3854 774 3915 et
794 3847 1021 3914 nominativum
1042 3844 1160 3926 proprii
1173 3847 1249 3910 Ma·

131 3957 261 4032 οοδαῖος
278 3952 416 4036 Thucyd.
438 3952 557 4034 11110,
580 3953 634 4035 qui
655 3971 737 4019 nunc
760 3957 922 4018 accentum
944 3951 977 4015 in
1002 3945 1250 4028 antepenultima

130 4057 344 4139 accepitsicut
358 4055 611 4143 &continencia
627 4055 789 4123 Demosth.
805 4049 992 4121 (10101321
1016 4054 1049 4114 et
1070 4048 1142 4112 aliis
1163 4047 1248 4112 locis.

130 4158 193 4226 Sed
215 4179 310 4242 saepe
333 4161 429 4227 etiam
450 4159 763 4241 properispomenon:
786 4156 940 4222 Athenae.
963 4151 1008 4218 VI
1034 4149 1097 4217 249
1116 4144 1249 4240 0,Ἀρι-

131 4267 226 4341 δαῖος
248 4263 339 4329 Diod
361 4262 437 4330 XIV
459 4259 510 4342 24,
534 4260 638 4327 Strab.
649 4259 741 4327 xvu
762 4259 792 4325 8.
816 4255 888 4338 294,
911 4256 1047 4322 Pauson.
1069 4254 1085 4320 Ι
1107 4251 1137 4320 6.
1159 4253 1189 4333 2,
1212 4253 1249 4320 cf.

127 4365 244 4432 Parali
257 4364 329 4432 229.
345 4403 380 4414 -
395 4365 592 4432 adiectuim
602 4363 653 4429 his
664 4363 838 4430 subnexum
851 4358 948 4440 δάϊος
963 4355 1143 4509 sinogaliens,
1167 4357 1251 4438 qnod
1303 4419 1307 4428 .
