2736 4778
192 337 273 411 356
400 340 403 347 '
459 330 802 403 :mssltsmlo
830 335 877 402 11.
920 337 961 402 Ρ.
982 335 1052 402 Π.-
1092 360 1113 399 ι.
1211 366 1251 406 n.

192 517 261 584 ,tuit
283 517 364 584 EM.
383 514 466 595 387,
487 517 523 584 3.
542 515 676 603 πρέσβα
697 512 767 588 άπὸ
789 522 849 588 τοῦ
876 515 1152 608 eododem-oi
1183 519 1222 589 di
1243 515 1319 590 ἀπὸ

191 622 257 686 τοῦ
274 615 449 703 πρίσβεια.
492 620 541 685 At
565 618 762 706 bisyllabum
789 620 944 710 primitivi
976 621 1112 687 simibus
1138 632 1205 699 est,
1233 623 1318 690 alto·

198 740 271 786 rum
291 718 426 785 desirati
444 729 486 787 ut
504 718 656 808 πέπειροι
676 721 779 789 Proll.
802 723 854 790 39.
899 722 958 790 Sic
985 722 1083 788 etiarn
1103 745 1124 787 e
1147 723 1326 810 Πρίσβων

190 819 393 907 πρέσβειρα,
416 817 507 887 πίων
526 818 659 906 πίειρα,
680 822 756 901 νίας
775 821 909 910 νίαιρα,
931 818 1008 910 diac
1029 822 1151 910 ἕταρσς
1173 823 1316 911 ξ’ταιρος,

199 922 241 988 de
263 943 331 1008 quo
353 928 522 1007 argutabar
541 922 752 989 Ptolemaeus
772 923 807 989 iu
828 923 939 991 Sebol.
961 926 1006 990 A.
1037 924 1077 989 ll.
1098 925 1158 993 Vl.
1176 925 1254 992 239.
1278 925 1318 995 τί

193 1018 275 1111 ἴτης
296 1021 466 1112 ψιλωτέσν
486 1019 518 1090 εί
538 1023 596 1091 καί
617 1023 678 1092 ἐντί
696 1028 762 1092 τῶν
782 1019 927 1112 ἑταίρων
943 1019 1114 1104 τάττεται,
1138 1024 1215 1092 iusi
1236 1048 1316 1114 acy·

199 1125 288 1211 κοπῇ
309 1121 439 1208 ἐγένετο
460 1117 506 1201 ὥς
527 1121 597 1191 άντό
616 1128 675 1192 τοῦ
693 1122 798 1212 ἥλατο
813 1115 896 1192 ἆλτο
910 1147 971 1192 nec
986 1124 1189 1213 probabilius
1201 1126 1316 1195 schot

198 1226 244 1290 A.
263 1223 306 1288 ad
326 1223 367 1290 11.
387 1223 454 1290 IX.
474 1222 548 1290 464.
574 1220 649 1292 ἔται
668 1220 800 1311 ἑταῖροι
823 1223 909 1292 κατὰ
930 1219 1118 1314 άποκσπήν.
1160 1226 1254 1292 Hine
1274 1228 1318 1294 de

188 1325 306 1392 ‚serbis
328 1336 361 1392 et
382 1324 543 1392 edrerbiis
562 1325 700 1392 tradere
727 1325 884 1414 incipiam
905 1327 1027 1392 omissa
1054 1327 1112 1392 illa
1137 1326 1319 1395 subtilitate

198 1449 266 1514 qua
287 1437 384 1494 antea
403 1427 564 1494 vocalium
591 1439 624 1493 et
641 1428 890 1494 consonantium
915 1429 968 1495 vel
996 1430 1032 1494 in
1058 1429 1176 1496 iisdem
1200 1429 1254 1496 vel
1280 1431 1317 1495 in

200 1529 336 1598 dirersis
357 1528 492 1616 syllabis
511 1529 735 1597 successiones
756 1530 957 1616 distinguere
981 1530 1103 1596 surdui.

188 1674 198 1681 -·
285 1635 311 1717 ζ.
332 1632 363 1697 3.
393 1629 485 1713 ‘lilio
512 1625 582 1697 ἀπὸ
610 1633 669 1696 τοῦ
700 1626 791 1712 χάζω
811 1629 972 1718 γίγνεται·
1000 1626 1019 1698 ὃ
1049 1631 1088 1698 δὲ
1106 1627 1317 1719 Ἡρωδιανὸς

190 1731 236 1800 »dv
258 1738 307 1822 τῷ
340 1731 419 1819 περί
447 1734 575 1797 παθῶν
601 1729 690 1816 λέγει
723 1729 778 1798 du
805 1727 1009 1819 παράγωγόν
1042 1732 1134 1801 ἐστιν
1158 1726 1227 1800 άπὸ
1255 1735 1317 1799 τοῦ

188 1833 284 1923 ίίγος
310 1828 415 1920 ἁγίζω
442 1824 491 1909 ὥς
509 1838 618 1912 τεῖχος
648 1829 780 1913 τειχίζει
818 1831 877 1896 καὶ
905 1831 991 1898 κατὰ
1031 1830 1198 1920 aemonia
1223 1831 1315 1916 ίίζιι·

200 1937 302 2026 δῆλον
332 1931 369 1999 δὲ
397 1931 436 1999 εἰι
463 1935 526 2001 τοῦ
543 1924 712 2016 Ἀλκμᾶνα
736 1928 844 2000 εἰπεῖν
873 1925 1012 2017 άγίσδεο
1039 1929 1115 2000 ἀντὶ
1143 1937 1202 2000 τοῦ
1232 1929 1314 2022 ἅζεο

189 2038 279 2106 ΕΜ.
304 2036 358 2114 22,
375 2034 427 2100 29.
450 2033 541 2119 quod
562 2033 709 2118 sequitur
729 2033 930 2120 Apollonius
955 2034 989 2099 in
1005 2034 1089 2100 Lex.
1112 2057 1138 2100 s.
1159 2034 1191 2099 b.
1214 2057 1245 2100 v.
1268 2037 1319 2102 At

200 2149 313 2208 corruo
334 2147 400 2202 stat
423 2136 506 2202 ratio
513 2160 523 2213 3
545 2158 620 2201 uam
642 2134 787 2215 ἅζεσθαι
809 2135 1008 2222 primitivum
1030 2149 1089 2201 est.
1132 2136 1190 2203 Sic
1217 2135 1316 2201 etiam

198 2236 333 2328 κράζειν
355 2249 388 2303 et
408 2232 606 2323 κραινγάζειν
634 2236 873 2323 significatione
894 2237 1092 2304 conveniunt
1112 2238 1172 2304 ssd
1192 2236 1275 2303 illud
1295 2260 1320 2302 a

198 2348 270 2432 κριῦ
291 2339 470 2408 derivatum
492 2338 557 2404 hoo
573 2361 777 2434 Euonymon
800 2349 849 2404 est
870 2362 901 2405 v.
919 2339 1045 2405 Teclm.
1058 2341 1109 2405 83.
1136 2336 1206 2405 Τίω
1228 2332 1315 2408 άτίω

200 2445 260 2514 καί
284 2441 487 2528 πλεονασμῷ
506 2443 564 2506 τοῦ
582 2441 600 2520 ζ
620 2435 723 2520 άτίζω
754 2431 776 2526 ἢ
799 2433 869 2507 άπὸ
897 2445 959 2507 τοῦ
985 2434 1138 2525 ἀτιμάζοι
1160 2443 1315 2527 σογκοπῇ

171 2548 279 2616 ἘΜ
310 2544 388 2622 163,
422 2542 483 2607 56.·
522 2541 610 2607 Illud
647 2538 810 2627 approbat
845 2537 957 2607 Schol.
984 2540 1098 2626 Apoll.
1127 2541 1188 2607 IV.
1220 2541 1315 2605 1317.

199 2643 270 2715 <irai
291 2639 391 2722 άτὺω,
415 2637 668 2727 περισσεύοντος
689 2639 727 2706 δὲ
745 2646 804 2708 τοῦ
824 2629 973 2722 ζάτίζιι
996 2637 1042 2719 ὡς
1057 2639 1152 2726 παρὰ
1168 2638 1207 2706 τὸ
1231 2633 1314 2708 eirico

200 2745 314 2829 άτίζω.
347 2741 494 2811 Verbum
516 2742 629 2807 similis
650 2742 696 2807 fili
721 2741 944 2808 demonstrare
965 2764 1033 2807 non
1056 2765 1231 2828 possumus
1255 2742 1315 2806 sed

200 2850 264 2916 boc
286 2857 409 2913 certum
430 2842 587 2909 babemus
610 2837 713 2926 ἀτίζω
735 2865 844 2929 neque
862 2866 903 2909 ex
917 2835 1001 2908 άτίιι
1021 2857 1126 2908 ortum
1141 2843 1317 2928 essequod

200 2950 300 3018 modo
330 2944 556 3032 disjunctionis
585 2967 684 3010 causa
709 2945 820 3010 fictum
851 2956 916 3022 est,
949 2967 1057 3029 neque
1084 2968 1126 3010 ex
1152 2939 1314 3026 ἀτιμάζει.

199 3046 345 3132 Κολάζω
373 3045 470 3134 παρὰ
496 3045 535 3113 τὸ
562 3043 735 3134 κολαφίζω
762 3051 913 3134 συγκοπῇ
941 3045 1029 3112 Gud.
1061 3047 1141 3125 333,
1171 3046 1225 3112 48.
1255 3047 1318 3112 sed

119 3169 124 3174 ”
200 3153 311 3241 potior
337 3171 449 3215 eorum
476 3147 636 3214 sententia
658 3147 715 3231 qui
742 3143 895 3227 κολάζειν
924 3159 956 3212 et
983 3144 1135 3215 κολούειν
1159 3171 1180 3211 a
1204 3143 1314 3224 κάλος,

198 3247 343 3337 κολοβός
370 3261 536 3336 repetunt,
565 3246 759 3335 κολαφίζειν
787 3257 820 3311 et
849 3243 1000 3336 κόλαφις
1028 3270 1049 3313 a
1075 3245 1190 3316 κόπτω
1211 3247 1317 3313 Proll.

199 3354 272 3421 292.
316 3350 412 3417 Idem
432 3348 559 3435 turpius
582 3358 667 3413 errat
687 3370 720 3432 p.
743 3348 817 3425 388,
842 3349 895 3412 22.
920 3345 1110 3431 μεσάζοισα
1137 3346 1196 3414 καί
1227 3348 1315 3415 κατὰ

200 3449 371 3541 συγκοπὴν
390 3453 549 3535 μισοῦσα.
584 3447 783 3534 Apollonius
803 3449 844 3514 de
857 3450 944 3515 Adv.
957 3452 1030 3515 572.
1052 3449 1091 3517 τὸ
1115 3445 1199 3530 ίάζω
1222 3470 1318 3515 συνε-

200 3551 289 3642 κόπη
311 3552 349 3620 ἐκ
369 3554 429 3620 τοῦ
452 3546 583 3629 ίωνίζιι.
628 3548 731 3630 Quod
752 3570 853 3633 quum
879 3550 974 3617 nimis
1002 3552 1181 3618 violentum
1199 3550 1244 3615 sit
1264 3549 1318 3615 di·

94 3698 97 3702 ·
200 3676 274 3721 cere
295 3674 363 3718 non
382 3651 588 3727 solumduas
610 3649 719 3715 literas
743 3651 971 3717 exterminatas
993 3653 1053 3721 sed
1075 3652 1173 3718 etiam
1192 3651 1261 3716 iota
1281 3650 1317 3715 iu

200 3753 300 3843 alpha
325 3762 483 3818 mutatum
508 3773 598 3830 esse,
631 3749 695 3816 buc
724 3752 927 3818 necessitatis
955 3753 1151 3841 redigimus,
1179 3763 1217 3817 ut
1238 3745 1315 3831 Ἰάς,

200 3855 285 3940 ίάζω
307 3865 341 3922 et
362 3848 459 3929 ίακός
481 3874 500 3916 a
521 3852 696 3939 principali
723 3854 864 3919 nominis
892 3856 1049 3942 gentilitii
1074 3854 1203 3942 syllaba
1228 3853 1318 3919 deri·

199 3971 276 4025 vata
295 3977 369 4024 esse
391 3953 548 4021 dicemus:
591 3949 697 4040 Παροί
720 3953 780 4042 τὴν
806 3954 911 4023 παιδί
939 3955 1075 4045 δοτικὴν
1095 3952 1247 4035 παιδίζω
1269 3948 1319 4033 ὥς

200 4059 286 4130 ποδί
306 4055 437 4138 ποδίζω
457 4053 516 4122 καί
539 4060 690 4143 acyrone}
712 4054 825 4137 παίζω
847 4057 966 4126 Orion.
990 4058 1069 4137 138,
1094 4058 1144 4123 12.
1175 4054 1319 4141 quodsi

200 4161 374 4251 probasset
401 4157 611 4223 Herodianus
636 4178 676 4222 eo
705 4156 779 4223 loco
811 4181 876 4244 quo
903 4180 1007 4224 unum
1033 4155 1147 4239 παίζω
1176 4157 1212 4222 in
1228 4143 1320 4239 ἆζιι

201 4264 290 4330 exire
313 4262 412 4328 docet
431 4258 525 4324 Mon.
536 4259 589 4324 22.
608 4258 800 4339 addidisset,
822 4272 914 4347 puto,
938 4256 1048 4328 αίεισν
1067 4258 1107 4327 dd
1126 4258 1167 4325 τὸ
1189 4253 1320 4337 πάθος.
