2736 4778
122 312 214 442 ω’
479 364 768 435 ισιαιιιιιιιτιο
790 362 879 433 vm

127 531 282 617 ruptionis
302 533 447 613 repetere
469 534 640 611 potuerunt
661 529 701 596 ab
722 524 1120 612 imperiovnlgivoeabnla
1143 543 1259 592 rerum

96 638 159 721 ‘in
180 635 308 703 assiduo
335 650 396 700 usu
417 633 609 715 positurum,
640 631 816 697 cuiusmodi
849 637 901 698 est
931 625 1056 719 aptotis
1089 629 1256 696 violenter

125 735 342 820 abrumpentis
375 739 409 802 et
428 736 564 801 maxime
591 753 631 801 ea
658 753 740 818 quae
766 752 819 801 res
840 736 968 801 viliores
989 732 1190 816 significant
1215 768 1251 781 -

123 841 194 908 Hoc
224 841 257 906 in
290 856 421 904 numero
454 837 534 903 duco
566 837 651 919 quod
671 837 803 903 Photins
837 836 931 904 affert
966 833 1022 904 Ψό
1057 833 1253 922 ἀπόκαμμα

124 939 305 1024 λιξιιδλσυ·
340 936 539 1032 urbium-et
559 942 593 1004 K
599 941 643 1005 νῦ
666 940 704 1005 τὸ
727 937 915 1023 ἐλάχισται,
944 935 1082 1007 noveta
1104 935 1253 1027 σμικρόν

124 1046 210 1128 Hes„
232 1064 261 1112 v.
282 1043 392 1110 Rbem.
414 1040 487 1124 287,
508 1041 620 1124 hisque
643 1041 745 1110 simile
767 1047 839 1132 γρῦ
860 1041 995 1110 fortasse
1017 1060 1081 1109 non
1102 1041 1140 1108 id
1164 1040 1252 1125 qnod

123 1150 218 1232 vvrlgo
229 1148 373 1228 sumitur,
396 1145 455 1211 sei
475 1146 602 1227 proprie
623 1143 752 1235 γρῦιηι,
772 1145 834 1213 hoc
855 1152 906 1213 est
920 1151 1027 1213 sunta
1047 1149 1083 1211 et
1092 1145 1252 1211 minutias

124 1247 289 1334 significat
327 1251 409 1336 Βρῦ
431 1247 470 1315 τὸ
491 1242 721 1337 ὑποκόρισμα,
751 1245 776 1315 b'
798 1248 868 1317 ἐστι
894 1254 965 1328 ταῖς
986 1245 1142 1327 παιδίοις
1164 1246 1250 1331 σύμ·

122 1356 225 1435 βολον
246 1353 307 1419 roi
329 1350 555 1434 nsaiaPhryn.
577 1352 657 1435 App.
669 1351 707 1418 31
732 1370 795 1418 non
815 1351 908 1435 longe
930 1351 1064 1418 dissidet
1085 1369 1107 1416 a
1127 1367 1251 1432 genere

124 1454 293 1538 potulenti,
330 1454 415 1536 quod
446 1457 569 1541 βρῦτον
600 1460 723 1522 vocant.
772 1454 816 1520 Hi
848 1460 924 1521 sunt
954 1453 1046 1536 quasi
1078 1450 1252 1536 ineffigisfi

123 1557 244 1638 laeuus,
278 1574 357 1640 quos
378 1557 575 1623 consuetudo
597 1554 825 1640 significantiae
852 1557 956 1641 gratis
984 1555 1045 1621 sibi
1065 1556 1251 1623 reservavit

123 1660 273 1743 integros.
297 1654 334 1707 -‘
358 1658 479 1726 Eodem
501 1664 636 1744 vergunt
661 1660 717 1726 illa
736 1660 840 1743 prims
861 1660 947 1727 vocis
968 1657 1127 1725 humanae
1151 1677 1250 1725 eona·

115 1764 210 1830 mina
232 1764 288 1830 πᾶ
309 1767 344 1827 et
363 1765 418 1845 μᾶ
440 1762 473 1828 id
496 1757 704 1846 esbernetorp,
731 1758 862 1851 μάμμη.
886 1761 968 1846 [Vol
990 1759 1008 1825 Ι
1031 1758 1092 1825 172
1115 1759 1183 1845 etp]
1209 1794 1247 1807 -

125 1865 198 1931 Alia
234 1864 299 1930 ἱιιιιι
336 1863 447 1931 adulte
485 1864 692 1946 omnibusque
724 1865 869 1947 partibus
902 1880 1052 1946 expresse
1083 1862 1250 1929 mutilavit

124 1965 257 2034 affectus
277 1966 473 2050 loquentium
494 1966 647 2033 voeabula
667 1968 784 2050 raptim
803 1967 1015 2050 praecipitans
1036 1969 1075 2031 nt
1097 1969 1184 2049 παῦ,
1208 1964 1249 2033 de

124 2088 187 2153 quo
208 2089 239 2153 p.
250 2067 324 2150 275,
346 2073 380 2134 et
400 2069 572 2150 vocativus,
594 2086 690 2151 quem
711 2069 847 2136 Graecia
868 2067 1080 2136 deflorescens
1101 2069 1247 2151 peperit:

126 2163 154 2238 ὦ
177 2175 265 2260 sip,
286 2190 315 2238 v.
333 2170 448 2237 Parnll
461 2173 511 2236 77.
543 2171 583 2236 lu
604 2189 704 2254 genus
724 2171 913 2239 barbarismi
934 2169 1144 2237 oontnbemia
1165 2170 1249 2237 mili·

123 2275 209 2341 turia
229 2273 432 2356 personuisse
454 2279 588 2356 apparet
619 2290 659 2340 ex
679 2273 830 2341 Pullariae
851 2273 959 2358 Epigr.
980 2272 1084 2353 xcn,
1118 2274 1156 2339 in
1185 2292 1248 2357 qno

125 2376 262 2459 ebquem
286 2374 327 2441 de
346 2386 436 2463 peste
457 2374 583 2439 hircosa
604 2376 820 2442 ααιιππσπιιπι
840 2379 887 2444 sie
902 2378 1084 2461 loquentem
1105 2376 1246 2444 inducit:

124 2479 183 2546 riu
205 2484 264 2547 θῶ
286 2471 343 2547 καὶ
363 2477 423 2557 τὰς
446 2481 519 2565 κνῆ
542 2478 601 2543 acis
623 2473 727 2547 ἆσπί
747 2504 783 2547 rr
805 2480 861 2547 καὶ
883 2476 1019 2567 κύρι’)
1041 2479 1097 2544 καὶ
1118 2478 1248 2564 κρᾶ’).

124 2582 185 2649 Hic
206 2587 313 2647 autem
336 2579 502 2646 Jacobsius
524 2580 688 2648 Animadv.
711 2582 744 2647 11
767 2582 786 2647 3
809 2602 840 2664 p.
851 2581 914 2648 247
937 2582 1108 2648 lectoribus
1128 2583 1166 2647 in
1182 2599 1247 2648 me·

124 2684 256 2749 moriam
276 2687 406 2748 revocat
427 2699 584 2763 apocopae
607 2685 751 2766 exempla
773 2684 958 2751 eStrebone
980 2684 1120 2764 collecta,
1144 2684 1247 2767 aqui·

124 2786 184 2852 bus
206 2786 261 2851 illa
282 2783 453 2851 castrensis
475 2783 673 2864 eloquentiae
694 2786 814 2852 lumina
835 2793 959 2853 mutum
981 2788 1115 2867 distant,
1143 2805 1245 2868 qnan-

124 2894 192 2954 tum
213 2887 350 2954 barbare
372 2885 411 2951 ab
434 2882 566 2951 affectis.
600 2885 888 2972 Sedetiectuparia
910 2896 992 2970 sunt,
1015 2908 1088 2954 nam
1106 2894 1245 2971 utroque

73 2981 77 2989 ’
123 2992 216 3057 modo
243 2989 395 3057 vocabula
426 2989 623 3069 brevientur,
657 2996 753 3073 atque
787 2992 847 3058 hae
880 2991 1083 3057 similitudine
1116 2990 1244 3056 illectus

123 3092 312 3158 Plutarchus
330 3092 436 3175 junior
473 3091 512 3156 de
534 3091 624 3156 Poes
646 3093 738 3158 Hom.
761 3092 843 3159 119.
869 3093 951 3159 1075
975 3094 1009 3158 T.
1031 3091 1060 3157 V
1083 3110 1243 3175 apoeupas

124 3194 309 3260 Homericos
332 3213 352 3260 ιι
372 3193 641 3276 breviloquentiae
663 3195 772 3269 studio¹
789 3194 946 3276 proiectus
968 3195 1057 3261 dicit:
1080 3195 1245 3282 Δωριέων

125 3300 166 3386 ap}
189 3294 327 3382 συνήθει
360 3301 419 3382 τῆς
439 3294 662 3381 βραχυλογίας
694 3295 843 3384 ἐλλείψει
878 3301 1031 3384 κέχρηται
1055 3293 1245 3384 (Ὅμηρος)

123 3398 160 3465 τὸ
186 3402 282 3482 δῶμα
304 3399 404 3485 λέγων
427 3401 474 3463 δῶ
496 3397 550 3463 καὶ
575 3397 612 3463 τὸ
636 3395 688 3464 ὅτι
711 3397 730 3464 ὂ
752 3401 807 3466 καὶ
830 3401 869 3465 τὸ
892 3397 1003 3466 ὀπίσω
1026 3393 1080 3483 ὂψ
1112 3399 1170 3466 καὶ
1206 3399 1244 3465 τὸ

125 3496 245 3567 illota
268 3494 368 3580 ι’ίλλσ,
401 3498 514 3582 quibus
536 3496 723 3566 Eustathius
749 3500 818 3566 187.
840 3500 882 3567 28
916 3500 960 3590 ῥά
993 3506 1027 3566 et
1058 3505 1113 3585 κρῖ
1143 3501 1244 3567 addit

124 3602 185 3667 Hic
206 3621 246 3667 ea
268 3601 413 3667 Aeolicae
435 3602 549 3668 tribuit
569 3602 703 3668 dialecto
726 3621 886 3685 apocopen
906 3621 978 3667 eum
1001 3620 1135 3685 syncope
1170 3620 1245 3668 oon·

124 3701 268 3784 undans,
291 3702 534 3788 illeDoricae‘),
557 3705 712 3788 colligatis
728 3705 859 3786 duobus,
881 3710 919 3771 ut
928 3703 1245 3788 mododixibracby·

191 3959 219 4024 3)
237 3961 282 4014 Sic
298 3963 394 4029 scripsi
409 3978 457 4028 pro
475 3956 531 4014 τάπ’
543 3958 562 4014 ι’
584 3960 699 4027 αἰσπλιλα,
717 3960 763 4014 sal
780 3955 859 4031 δόρυ,
877 3978 929 4031 qno
947 3964 1073 4017 similiora
1084 3967 1247 4018 essenteon·

122 4046 274 4099 λλιιαιιιίλιιιι.
1120 4070 1123 4077 ’

193 4147 227 4215 ll·
240 4149 284 4202 Sie
303 4149 341 4200 illi
357 4152 446 4202 nasnti
464 4152 580 4202 omnium
602 4149 658 4202 iere
675 4147 842 4202 affeefiounm
862 4150 939 4203 sodes
966 4157 993 4203 et
1010 4152 1149 4205 domicilia
1168 4171 1245 4207 eom·

123 4238 270 4287 monstrare
288 4237 415 4303 gestiunt:
442 4231 530 4303 ἡμὲν
548 4228 700 4305 πρόσθεσις
718 4229 811 4300 uerear}
829 4233 918 4303 ἐστιν,
945 4233 1009 4302 ἡδὲ
1028 4234 1179 4311 ἀφαίρεσις
1199 4241 1248 4294 λιι·

191 4334 219 4397 *l
237 4333 313 4408 ..Ao'p
332 4364 364 4376 -
383 4334 451 4410 δόρυ
468 4338 567 4390 Parall.
586 4335 643 4389 76.“
662 4335 740 4391 adnot
758 4334 800 4403 [ὦ.
818 4334 888 4406 1161.
