<?xml version="1.0" encoding="UTF-8"?>
<!DOCTYPE html PUBLIC "-//W3C//DTD XHTML 1.0 Transitional//EN"
    "http://www.w3.org/TR/xhtml1/DTD/xhtml1-transitional.dtd">
<html xmlns="http://www.w3.org/1999/xhtml" xml:lang="en" lang="en">
 <head>
  <title>
</title>
<meta http-equiv="Content-Type" content="text/html;charset=utf-8" />
  <meta name='ocr-system' content='tesseract 3.04.00' />
  <meta name='ocr-capabilities' content='ocr_page ocr_carea ocr_par ocr_line ocrx_word'/>
</head>
<body>
  <div class='ocr_page' id='page_1' title='image "./pathologiaegrae00lobegoog_0484.png"; bbox 0 0 2736 4778; ppageno 0'>
   <div class='ocr_carea' id='block_1_1' title="bbox 128 316 885 405">
    <p class='ocr_par' dir='ltr' id='par_1_1' title="bbox 128 316 885 405">
     <span class='ocr_line' id='line_1_1' title="bbox 128 316 885 405; baseline 0 -18"><span class='ocrx_word' id='word_1_1' title='bbox 128 329 204 405; x_wconf 66' lang='grc' dir='ltr'><strong><em>μη</em></strong></span> <span class='ocrx_word' id='word_1_2' title='bbox 473 316 793 389; x_wconf 76' lang='lat' dir='ltr'><strong>urssnnrnrro</strong></span> <span class='ocrx_word' id='word_1_3' title='bbox 817 318 885 389; x_wconf 86' lang='lat' dir='ltr'><strong>m.</strong></span> 
     </span>
    </p>
   </div>
   <div class='ocr_carea' id='block_1_2' title="bbox 33 503 1251 4320">
    <p class='ocr_par' dir='ltr' id='par_1_2' title="bbox 33 503 1251 4320">
     <span class='ocr_line' id='line_1_2' title="bbox 129 503 1251 596; baseline -0.001 -21"><span class='ocrx_word' id='word_1_4' title='bbox 129 531 213 596; x_wconf 87' lang='lat' dir='ltr'><strong>quae</strong></span> <span class='ocrx_word' id='word_1_5' title='bbox 238 529 306 573; x_wconf 92' lang='lat' dir='ltr'><strong>non</strong></span> <span class='ocrx_word' id='word_1_6' title='bbox 330 504 539 591; x_wconf 87' lang='lat' dir='ltr'><strong>bisyllabam,</strong></span> <span class='ocrx_word' id='word_1_7' title='bbox 565 516 602 571; x_wconf 91' lang='lat' dir='ltr'><strong>ut</strong></span> <span class='ocrx_word' id='word_1_8' title='bbox 629 505 803 593; x_wconf 85' lang='lat' dir='ltr'><strong>pleraque,</strong></span> <span class='ocrx_word' id='word_1_9' title='bbox 833 503 1094 572; x_wconf 87' lang='lat' dir='ltr'><strong>terminationem</strong></span> <span class='ocrx_word' id='word_1_10' title='bbox 1122 503 1251 573; x_wconf 86' lang='lat' dir='ltr'><strong>habent</strong></span> 
     </span>
     <span class='ocr_line' id='line_1_3' title="bbox 128 602 1250 696; baseline -0.003 -18"><span class='ocrx_word' id='word_1_11' title='bbox 128 610 188 679; x_wconf 88' lang='lat' dir='ltr'><strong>sed</strong></span> <span class='ocrx_word' id='word_1_12' title='bbox 209 606 407 694; x_wconf 70' lang='lat' dir='ltr'><strong>trisyllabum</strong></span> <span class='ocrx_word' id='word_1_13' title='bbox 428 607 517 673; x_wconf 89' lang='lat' dir='ltr'><strong>velut</strong></span> <span class='ocrx_word' id='word_1_14' title='bbox 535 605 746 687; x_wconf 81' lang='grc' dir='ltr'><strong><em>λεπτοκινός,</em></strong></span> <span class='ocrx_word' id='word_1_15' title='bbox 770 602 964 696; x_wconf 78' lang='grc' dir='ltr'><strong><em>φυζακινός,</em></strong></span> <span class='ocrx_word' id='word_1_16' title='bbox 986 628 1071 692; x_wconf 81' lang='lat' dir='ltr'><strong>quae</strong></span> <span class='ocrx_word' id='word_1_17' title='bbox 1089 605 1250 675; x_wconf 72' lang='lat' dir='ltr'><strong>Choero·</strong></span> 
     </span>
     <span class='ocr_line' id='line_1_4' title="bbox 126 704 1250 809; baseline -0.004 -28"><span class='ocrx_word' id='word_1_18' title='bbox 126 713 246 781; x_wconf 78' lang='lat' dir='ltr'><strong>boseus</strong></span> <span class='ocrx_word' id='word_1_19' title='bbox 270 709 367 778; x_wconf 87' lang='lat' dir='ltr'><strong>Orth.</strong></span> <span class='ocrx_word' id='word_1_20' title='bbox 394 708 465 786; x_wconf 85' lang='lat'><strong>180,</strong></span> <span class='ocrx_word' id='word_1_21' title='bbox 486 709 518 775; x_wconf 88' lang='grc'><strong>4.</strong></span> <span class='ocrx_word' id='word_1_22' title='bbox 541 729 581 773; x_wconf 85' lang='lat' dir='ltr'><strong>ex</strong></span> <span class='ocrx_word' id='word_1_23' title='bbox 606 705 776 787; x_wconf 78' lang='grc' dir='ltr'><strong><em>λεπτινός,</em></strong></span> <span class='ocrx_word' id='word_1_24' title='bbox 800 704 935 796; x_wconf 78' lang='grc' dir='ltr'><strong><em>φυζινός</em></strong></span> <span class='ocrx_word' id='word_1_25' title='bbox 951 719 1023 774; x_wconf 78' lang='lat' dir='ltr'><strong>orte</strong></span> <span class='ocrx_word' id='word_1_26' title='bbox 1040 707 1132 809; x_wconf 47' lang='grc' dir='ltr'><strong>ῥοὴ</strong></span> <span class='ocrx_word' id='word_1_27' title='bbox 1155 734 1250 796; x_wconf 72' lang='grc' dir='ltr'><strong><em>πσρ-</em></strong></span> 
     </span>
     <span class='ocr_line' id='line_1_5' title="bbox 127 796 1248 908; baseline -0.004 -25"><span class='ocrx_word' id='word_1_28' title='bbox 127 810 318 898; x_wconf 80' lang='grc' dir='ltr'><strong><em>τντεδείσης</em></strong></span> <span class='ocrx_word' id='word_1_29' title='bbox 338 815 398 899; x_wconf 82' lang='grc' dir='ltr'><strong><em>τῆς</em></strong></span> <span class='ocrx_word' id='word_1_30' title='bbox 421 796 467 879; x_wconf 65' lang='grc' dir='ltr'><strong>αἶ</strong></span> <span class='ocrx_word' id='word_1_31' title='bbox 483 811 661 897; x_wconf 76' lang='grc' dir='ltr'><strong><em>συλλαβῆς,</em></strong></span> <span class='ocrx_word' id='word_1_32' title='bbox 685 808 739 874; x_wconf 85' lang='lat' dir='ltr'><strong>alii</strong></span> <span class='ocrx_word' id='word_1_33' title='bbox 757 808 1023 908; x_wconf 60' lang='lat' dir='ltr'><strong>pleonasmo-rjc</strong></span> <span class='ocrx_word' id='word_1_34' title='bbox 1041 835 1077 876; x_wconf 87' lang='grc' dir='ltr'><strong>ιιι</strong></span> <span class='ocrx_word' id='word_1_35' title='bbox 1095 832 1130 876; x_wconf 79' lang='grc' dir='ltr'><strong>τι.</strong></span> <span class='ocrx_word' id='word_1_36' title='bbox 1141 810 1248 878; x_wconf 85' lang='lat' dir='ltr'><strong>Proll.</strong></span> 
     </span>
     <span class='ocr_line' id='line_1_6' title="bbox 126 909 1249 999; baseline -0.002 -18"><span class='ocrx_word' id='word_1_37' title='bbox 126 915 200 982; x_wconf 85' lang='lat'><strong>319.</strong></span> <span class='ocrx_word' id='word_1_38' title='bbox 233 912 311 999; x_wconf 87' lang='lat' dir='ltr'><strong>quia</strong></span> <span class='ocrx_word' id='word_1_39' title='bbox 340 909 440 997; x_wconf 81' lang='lat' dir='ltr'><strong>longa</strong></span> <span class='ocrx_word' id='word_1_40' title='bbox 475 910 625 976; x_wconf 73' lang='lat' dir='ltr'><strong>usitatior</strong></span> <span class='ocrx_word' id='word_1_41' title='bbox 656 920 707 977; x_wconf 83' lang='lat' dir='ltr'><strong>est</strong></span> <span class='ocrx_word' id='word_1_42' title='bbox 738 932 906 998; x_wconf 74' lang='lat' dir='ltr'><strong>paragoge</strong></span> <span class='ocrx_word' id='word_1_43' title='bbox 937 935 1007 989; x_wconf 83' lang='grc' dir='ltr'><strong><em>ινος</em></strong></span> <span class='ocrx_word' id='word_1_44' title='bbox 1032 932 1104 978; x_wconf 91' lang='lat' dir='ltr'><strong>non</strong></span> <span class='ocrx_word' id='word_1_45' title='bbox 1138 912 1249 979; x_wconf 85' lang='lat' dir='ltr'><strong>solum</strong></span> 
     </span>
     <span class='ocr_line' id='line_1_7' title="bbox 128 1010 1248 1099; baseline -0.004 -16"><span class='ocrx_word' id='word_1_46' title='bbox 128 1013 401 1084; x_wconf 76' lang='lat' dir='ltr'><strong>substantivorum</strong></span> <span class='ocrx_word' id='word_1_47' title='bbox 419 1011 608 1098; x_wconf 73' lang='grc' dir='ltr'><strong><em>ἐργατίνης,</em></strong></span> <span class='ocrx_word' id='word_1_48' title='bbox 633 1013 878 1099; x_wconf 77' lang='grc' dir='ltr'><strong><em>σινεογατίνης,</em></strong></span> <span class='ocrx_word' id='word_1_49' title='bbox 900 1011 960 1078; x_wconf 87' lang='lat' dir='ltr'><strong>sed</strong></span> <span class='ocrx_word' id='word_1_50' title='bbox 983 1010 1082 1077; x_wconf 84' lang='lat' dir='ltr'><strong>etiam</strong></span> <span class='ocrx_word' id='word_1_51' title='bbox 1103 1012 1248 1098; x_wconf 80' lang='lat' dir='ltr'><strong>adjeeti-</strong></span> 
     </span>
     <span class='ocr_line' id='line_1_8' title="bbox 125 1107 1247 1199; baseline -0.004 -16"><span class='ocrx_word' id='word_1_52' title='bbox 125 1139 240 1183; x_wconf 84' lang='lat' dir='ltr'><strong>vorum</strong></span> <span class='ocrx_word' id='word_1_53' title='bbox 260 1107 485 1198; x_wconf 73' lang='grc' dir='ltr'><strong><em>μαλθακινός,</em></strong></span> <span class='ocrx_word' id='word_1_54' title='bbox 507 1108 657 1191; x_wconf 75' lang='grc' dir='ltr'><strong><em>χθιζινός</em></strong></span> <span class='ocrx_word' id='word_1_55' title='bbox 677 1135 711 1199; x_wconf 90' lang='lat' dir='ltr'><strong>p.</strong></span> <span class='ocrx_word' id='word_1_56' title='bbox 735 1113 808 1179; x_wconf 79' lang='lat'><strong>200.</strong></span> <span class='ocrx_word' id='word_1_57' title='bbox 851 1113 913 1179; x_wconf 89' lang='lat' dir='ltr'><strong>Ilia</strong></span> <span class='ocrx_word' id='word_1_58' title='bbox 938 1124 1047 1179; x_wconf 90' lang='lat' dir='ltr'><strong>tamen</strong></span> <span class='ocrx_word' id='word_1_59' title='bbox 1071 1113 1247 1199; x_wconf 78' lang='lat' dir='ltr'><strong>trisyllaba</strong></span> 
     </span>
     <span class='ocr_line' id='line_1_9' title="bbox 127 1206 1246 1299; baseline 0 -16"><span class='ocrx_word' id='word_1_60' title='bbox 127 1215 280 1297; x_wconf 82' lang='lat' dir='ltr'><strong>inusitata</strong></span> <span class='ocrx_word' id='word_1_61' title='bbox 309 1221 393 1277; x_wconf 80' lang='lat' dir='ltr'><strong>sunt.</strong></span> <span class='ocrx_word' id='word_1_62' title='bbox 440 1210 513 1277; x_wconf 88' lang='lat' dir='ltr'><strong>Neo</strong></span> <span class='ocrx_word' id='word_1_63' title='bbox 542 1210 680 1297; x_wconf 82' lang='lat' dir='ltr'><strong>legimus</strong></span> <span class='ocrx_word' id='word_1_64' title='bbox 713 1236 852 1299; x_wconf 89' lang='lat' dir='ltr'><strong>nsquam</strong></span> <span class='ocrx_word' id='word_1_65' title='bbox 886 1210 1015 1295; x_wconf 74' lang='grc' dir='ltr'><strong><em>εἴδιμος</em></strong></span> <span class='ocrx_word' id='word_1_66' title='bbox 1048 1206 1083 1279; x_wconf 83' lang='lat' dir='ltr'><strong>et</strong></span> <span class='ocrx_word' id='word_1_67' title='bbox 1117 1209 1246 1298; x_wconf 74' lang='grc' dir='ltr'><strong><em>ἴδιμος,</em></strong></span> 
     </span>
     <span class='ocr_line' id='line_1_10' title="bbox 33 1308 1246 1405; baseline -0.001 -23"><span class='ocrx_word' id='word_1_68' title='bbox 33 1332 37 1339; x_wconf 92' lang='grc'><strong>’</strong></span> <span class='ocrx_word' id='word_1_69' title='bbox 128 1338 213 1405; x_wconf 84' lang='lat' dir='ltr'><strong>quae</strong></span> <span class='ocrx_word' id='word_1_70' title='bbox 230 1313 277 1378; x_wconf 85' lang='lat' dir='ltr'><strong>iili</strong></span> <span class='ocrx_word' id='word_1_71' title='bbox 292 1311 418 1378; x_wconf 89' lang='lat' dir='ltr'><strong>usitatis</strong></span> <span class='ocrx_word' id='word_1_72' title='bbox 440 1308 614 1397; x_wconf 80' lang='grc' dir='ltr'><strong><em>εἷδάλιμος</em></strong></span> <span class='ocrx_word' id='word_1_73' title='bbox 630 1325 664 1379; x_wconf 90' lang='lat' dir='ltr'><strong>et</strong></span> <span class='ocrx_word' id='word_1_74' title='bbox 683 1311 838 1401; x_wconf 81' lang='grc' dir='ltr'><strong><em>ἶδάλιμος</em></strong></span> <span class='ocrx_word' id='word_1_75' title='bbox 851 1314 1052 1380; x_wconf 77' lang='lat' dir='ltr'><strong>fundamenti</strong></span> <span class='ocrx_word' id='word_1_76' title='bbox 1067 1315 1148 1381; x_wconf 90' lang='lat' dir='ltr'><strong>looo</strong></span> <span class='ocrx_word' id='word_1_77' title='bbox 1165 1313 1246 1381; x_wconf 86' lang='lat' dir='ltr'><strong>sub·</strong></span> 
     </span>
     <span class='ocr_line' id='line_1_11' title="bbox 128 1413 1248 1503; baseline -0.004 -17"><span class='ocrx_word' id='word_1_78' title='bbox 128 1427 276 1486; x_wconf 86' lang='lat' dir='ltr'><strong>sternunt</strong></span> <span class='ocrx_word' id='word_1_79' title='bbox 296 1438 330 1503; x_wconf 86' lang='lat' dir='ltr'><strong>p.</strong></span> <span class='ocrx_word' id='word_1_80' title='bbox 354 1415 406 1480; x_wconf 80' lang='grc'><strong>84.</strong></span> <span class='ocrx_word' id='word_1_81' title='bbox 431 1413 508 1500; x_wconf 87' lang='lat' dir='ltr'><strong>quia</strong></span> <span class='ocrx_word' id='word_1_82' title='bbox 529 1435 549 1478; x_wconf 87' lang='lat' dir='ltr'><strong>a</strong></span> <span class='ocrx_word' id='word_1_83' title='bbox 569 1415 671 1492; x_wconf 87' lang='grc' dir='ltr'><strong><em>κῦδος</em></strong></span> <span class='ocrx_word' id='word_1_84' title='bbox 691 1416 846 1499; x_wconf 79' lang='grc' dir='ltr'><strong><em>κύδιμος,</em></strong></span> <span class='ocrx_word' id='word_1_85' title='bbox 875 1438 895 1481; x_wconf 80' lang='lat' dir='ltr'><strong>a</strong></span> <span class='ocrx_word' id='word_1_86' title='bbox 922 1417 1050 1494; x_wconf 78' lang='grc' dir='ltr'><strong><em>πένθος</em></strong></span> <span class='ocrx_word' id='word_1_87' title='bbox 1072 1413 1248 1498; x_wconf 72' lang='grc' dir='ltr'><strong>πένθιμος</strong></span> 
     </span>
     <span class='ocr_line' id='line_1_12' title="bbox 126 1514 1247 1605; baseline -0.004 -18"><span class='ocrx_word' id='word_1_88' title='bbox 126 1519 287 1594; x_wconf 60' lang='lat' dir='ltr'><strong>nescitum</strong></span> <span class='ocrx_word' id='word_1_89' title='bbox 311 1516 371 1582; x_wconf 89' lang='lat' dir='ltr'><strong>sed</strong></span> <span class='ocrx_word' id='word_1_90' title='bbox 392 1514 564 1581; x_wconf 86' lang='lat' dir='ltr'><strong>verborum</strong></span> <span class='ocrx_word' id='word_1_91' title='bbox 584 1515 714 1582; x_wconf 81' lang='lat' dir='ltr'><strong>fictores</strong></span> <span class='ocrx_word' id='word_1_92' title='bbox 728 1537 934 1602; x_wconf 84' lang='lat' dir='ltr'><strong>nequaqnam</strong></span> <span class='ocrx_word' id='word_1_93' title='bbox 951 1515 1036 1582; x_wconf 88' lang='lat' dir='ltr'><strong>hano</strong></span> <span class='ocrx_word' id='word_1_94' title='bbox 1051 1515 1116 1581; x_wconf 93' lang='lat' dir='ltr'><strong>sibi</strong></span> <span class='ocrx_word' id='word_1_95' title='bbox 1134 1516 1247 1605; x_wconf 72' lang='lat' dir='ltr'><strong>legun</strong></span> 
     </span>
     <span class='ocr_line' id='line_1_13' title="bbox 127 1615 1246 1709; baseline -0.005 -19"><span class='ocrx_word' id='word_1_96' title='bbox 127 1624 337 1709; x_wconf 83' lang='lat' dir='ltr'><strong>injunxerunt</strong></span> <span class='ocrx_word' id='word_1_97' title='bbox 366 1627 404 1680; x_wconf 90' lang='lat' dir='ltr'><strong>ut</strong></span> <span class='ocrx_word' id='word_1_98' title='bbox 430 1615 540 1681; x_wconf 84' lang='lat' dir='ltr'><strong>omnia</strong></span> <span class='ocrx_word' id='word_1_99' title='bbox 568 1616 611 1681; x_wconf 86' lang='lat' dir='ltr'><strong>ad</strong></span> <span class='ocrx_word' id='word_1_100' title='bbox 642 1639 742 1682; x_wconf 90' lang='lat' dir='ltr'><strong>unum</strong></span> <span class='ocrx_word' id='word_1_101' title='bbox 773 1618 871 1684; x_wconf 90' lang='lat' dir='ltr'><strong>finem</strong></span> <span class='ocrx_word' id='word_1_102' title='bbox 905 1618 1099 1703; x_wconf 81' lang='lat' dir='ltr'><strong>dirigerent3</strong></span> <span class='ocrx_word' id='word_1_103' title='bbox 1132 1638 1246 1704; x_wconf 83' lang='lat' dir='ltr'><strong>neque</strong></span> 
     </span>
     <span class='ocr_line' id='line_1_14' title="bbox 128 1714 1247 1806; baseline -0.005 -16"><span class='ocrx_word' id='word_1_104' title='bbox 128 1722 262 1790; x_wconf 90' lang='lat' dir='ltr'><strong>dubium</strong></span> <span class='ocrx_word' id='word_1_105' title='bbox 284 1718 363 1805; x_wconf 89' lang='lat' dir='ltr'><strong>quin</strong></span> <span class='ocrx_word' id='word_1_106' title='bbox 385 1714 427 1781; x_wconf 87' lang='lat' dir='ltr'><strong>ab</strong></span> <span class='ocrx_word' id='word_1_107' title='bbox 453 1716 568 1781; x_wconf 89' lang='lat' dir='ltr'><strong>eodem</strong></span> <span class='ocrx_word' id='word_1_108' title='bbox 590 1717 689 1795; x_wconf 84' lang='grc' dir='ltr'><strong><em>κῦδος</em></strong></span> <span class='ocrx_word' id='word_1_109' title='bbox 711 1730 744 1783; x_wconf 90' lang='lat' dir='ltr'><strong>et</strong></span> <span class='ocrx_word' id='word_1_110' title='bbox 764 1718 905 1803; x_wconf 79' lang='grc' dir='ltr'><strong><em>κύδιμος</em></strong></span> <span class='ocrx_word' id='word_1_111' title='bbox 930 1718 1010 1804; x_wconf 83' lang='lat' dir='ltr'><strong>fingi</strong></span> <span class='ocrx_word' id='word_1_112' title='bbox 1035 1718 1188 1806; x_wconf 79' lang='lat' dir='ltr'><strong>potuerit</strong></span> <span class='ocrx_word' id='word_1_113' title='bbox 1214 1726 1247 1784; x_wconf 87' lang='lat' dir='ltr'><strong>et</strong></span> 
     </span>
     <span class='ocr_line' id='line_1_15' title="bbox 126 1815 1248 1904; baseline -0.004 -15"><span class='ocrx_word' id='word_1_114' title='bbox 126 1820 328 1904; x_wconf 76' lang='grc' dir='ltr'><strong><em>κυδάλιμος,</em></strong></span> <span class='ocrx_word' id='word_1_115' title='bbox 357 1816 448 1902; x_wconf 88' lang='lat' dir='ltr'><strong>quod</strong></span> <span class='ocrx_word' id='word_1_116' title='bbox 480 1815 527 1880; x_wconf 93' lang='lat' dir='ltr'><strong>illi</strong></span> <span class='ocrx_word' id='word_1_117' title='bbox 554 1815 746 1903; x_wconf 79' lang='lat' dir='ltr'><strong>antiquitate</strong></span> <span class='ocrx_word' id='word_1_118' title='bbox 773 1818 946 1884; x_wconf 78' lang='lat' dir='ltr'><strong>antecedit.</strong></span> <span class='ocrx_word' id='word_1_119' title='bbox 995 1817 1099 1883; x_wconf 86' lang='lat' dir='ltr'><strong>Hand</strong></span> <span class='ocrx_word' id='word_1_120' title='bbox 1119 1818 1248 1902; x_wconf 87' lang='lat' dir='ltr'><strong>justior</strong></span> 
     </span>
     <span class='ocr_line' id='line_1_16' title="bbox 127 1915 1247 2006; baseline -0.004 -15"><span class='ocrx_word' id='word_1_121' title='bbox 127 1934 179 1991; x_wconf 84' lang='lat' dir='ltr'><strong>est</strong></span> <span class='ocrx_word' id='word_1_122' title='bbox 209 1917 353 2006; x_wconf 83' lang='lat' dir='ltr'><strong>suspicio</strong></span> <span class='ocrx_word' id='word_1_123' title='bbox 388 1918 430 1983; x_wconf 87' lang='lat' dir='ltr'><strong>de</strong></span> <span class='ocrx_word' id='word_1_124' title='bbox 460 1915 568 1982; x_wconf 84' lang='lat' dir='ltr'><strong>verbis</strong></span> <span class='ocrx_word' id='word_1_125' title='bbox 600 1917 810 1998; x_wconf 76' lang='grc' dir='ltr'><strong><em>πυκταλίζω,</em></strong></span> <span class='ocrx_word' id='word_1_126' title='bbox 842 1918 1027 2000; x_wconf 72' lang='grc' dir='ltr'><strong><em>ποιναλῖζιυ</em></strong></span> <span class='ocrx_word' id='word_1_127' title='bbox 1058 1930 1122 1985; x_wconf 86' lang='lat' dir='ltr'><strong>ete.</strong></span> <span class='ocrx_word' id='word_1_128' title='bbox 1157 1942 1247 2006; x_wconf 79' lang='lat' dir='ltr'><strong>quae</strong></span> 
     </span>
     <span class='ocr_line' id='line_1_17' title="bbox 127 2014 1246 2111; baseline -0.003 -21"><span class='ocrx_word' id='word_1_129' title='bbox 127 2014 206 2111; x_wconf 88' lang='lat' dir='ltr'><strong>quia</strong></span> <span class='ocrx_word' id='word_1_130' title='bbox 225 2044 299 2088; x_wconf 87' lang='lat' dir='ltr'><strong>oum</strong></span> <span class='ocrx_word' id='word_1_131' title='bbox 319 2018 505 2107; x_wconf 81' lang='lat' dir='ltr'><strong>primitivis,</strong></span> <span class='ocrx_word' id='word_1_132' title='bbox 533 2018 622 2085; x_wconf 86' lang='lat' dir='ltr'><strong>unde</strong></span> <span class='ocrx_word' id='word_1_133' title='bbox 643 2029 715 2085; x_wconf 82' lang='lat' dir='ltr'><strong>orta</strong></span> <span class='ocrx_word' id='word_1_134' title='bbox 736 2030 830 2099; x_wconf 85' lang='lat' dir='ltr'><strong>sunt,</strong></span> <span class='ocrx_word' id='word_1_135' title='bbox 859 2020 949 2086; x_wconf 88' lang='lat' dir='ltr'><strong>nullo</strong></span> <span class='ocrx_word' id='word_1_136' title='bbox 975 2019 1162 2086; x_wconf 83' lang='lat' dir='ltr'><strong>internodio</strong></span> <span class='ocrx_word' id='word_1_137' title='bbox 1186 2042 1246 2087; x_wconf 83' lang='lat' dir='ltr'><strong>oo·</strong></span> 
     </span>
     <span class='ocr_line' id='line_1_18' title="bbox 126 2118 1245 2209; baseline -0.004 -17"><span class='ocrx_word' id='word_1_138' title='bbox 126 2125 278 2201; x_wconf 80' lang='lat' dir='ltr'><strong>haerent,</strong></span> <span class='ocrx_word' id='word_1_139' title='bbox 299 2120 492 2186; x_wconf 79' lang='lat' dir='ltr'><strong>intrinsecus</strong></span> <span class='ocrx_word' id='word_1_140' title='bbox 515 2131 610 2185; x_wconf 84' lang='lat' dir='ltr'><strong>aucta</strong></span> <span class='ocrx_word' id='word_1_141' title='bbox 631 2119 852 2206; x_wconf 80' lang='lat' dir='ltr'><strong>perhibentur.</strong></span> <span class='ocrx_word' id='word_1_142' title='bbox 889 2118 945 2185; x_wconf 85' lang='lat' dir='ltr'><strong>Ab</strong></span> <span class='ocrx_word' id='word_1_143' title='bbox 962 2120 1026 2185; x_wconf 87' lang='lat' dir='ltr'><strong>alia</strong></span> <span class='ocrx_word' id='word_1_144' title='bbox 1041 2142 1142 2186; x_wconf 75' lang='lat' dir='ltr'><strong>eatraa</strong></span> <span class='ocrx_word' id='word_1_145' title='bbox 1162 2142 1245 2209; x_wconf 87' lang='lat' dir='ltr'><strong>pro-</strong></span> 
     </span>
     <span class='ocr_line' id='line_1_19' title="bbox 126 2219 1244 2309; baseline 0 -20"><span class='ocrx_word' id='word_1_146' title='bbox 126 2225 213 2291; x_wconf 75' lang='lat' dir='ltr'><strong>iecta</strong></span> <span class='ocrx_word' id='word_1_147' title='bbox 240 2232 316 2288; x_wconf 87' lang='lat' dir='ltr'><strong>suut</strong></span> <span class='ocrx_word' id='word_1_148' title='bbox 345 2219 532 2308; x_wconf 81' lang='lat' dir='ltr'><strong>epenthesis</strong></span> <span class='ocrx_word' id='word_1_149' title='bbox 562 2221 729 2308; x_wconf 87' lang='lat' dir='ltr'><strong>exempla,</strong></span> <span class='ocrx_word' id='word_1_150' title='bbox 762 2243 845 2308; x_wconf 89' lang='lat' dir='ltr'><strong>quae</strong></span> <span class='ocrx_word' id='word_1_151' title='bbox 875 2222 997 2290; x_wconf 87' lang='lat' dir='ltr'><strong>Suidus</strong></span> <span class='ocrx_word' id='word_1_152' title='bbox 1023 2222 1187 2309; x_wconf 84' lang='lat' dir='ltr'><strong>proponit</strong></span> <span class='ocrx_word' id='word_1_153' title='bbox 1216 2245 1244 2289; x_wconf 84' lang='lat' dir='ltr'><strong>s.</strong></span> 
     </span>
     <span class='ocr_line' id='line_1_20' title="bbox 122 2311 1245 2420; baseline -0.001 -29"><span class='ocrx_word' id='word_1_154' title='bbox 122 2320 381 2398; x_wconf 81' lang='grc' dir='ltr'><strong><em>Ἑλκεσίπτπλος</em></strong></span> <span class='ocrx_word' id='word_1_155' title='bbox 414 2344 456 2386; x_wconf 87' lang='lat' dir='ltr'><strong>ex</strong></span> <span class='ocrx_word' id='word_1_156' title='bbox 483 2321 593 2408; x_wconf 83' lang='lat' dir='ltr'><strong>Epim.</strong></span> <span class='ocrx_word' id='word_1_157' title='bbox 614 2322 643 2387; x_wconf 92' lang='lat'><strong>1.</strong></span> <span class='ocrx_word' id='word_1_158' title='bbox 662 2322 739 2420; x_wconf 53' lang='lat' dir='ltr'><strong>Lib.</strong></span> <span class='ocrx_word' id='word_1_159' title='bbox 761 2321 812 2388; x_wconf 92' lang='lat' dir='ltr'><strong>his</strong></span> <span class='ocrx_word' id='word_1_160' title='bbox 839 2322 961 2390; x_wconf 85' lang='lat' dir='ltr'><strong>verbis:</strong></span> <span class='ocrx_word' id='word_1_161' title='bbox 988 2311 1075 2390; x_wconf 70' lang='lat' dir='ltr'><strong>ubo</strong></span> <span class='ocrx_word' id='word_1_162' title='bbox 1103 2320 1140 2390; x_wconf 75' lang='grc' dir='ltr'><strong>ἐν</strong></span> <span class='ocrx_word' id='word_1_163' title='bbox 1167 2329 1245 2402; x_wconf 69' lang='grc' dir='ltr'><strong><em>τοῖς</em></strong></span> 
     </span>
     <span class='ocr_line' id='line_1_21' title="bbox 129 2412 1244 2511; baseline -0.002 -17"><span class='ocrx_word' id='word_1_164' title='bbox 129 2421 309 2494; x_wconf 56' lang='lat' dir='ltr'><strong>suffitores</strong></span> <span class='ocrx_word' id='word_1_165' title='bbox 338 2420 504 2498; x_wconf 72' lang='grc' dir='ltr'><strong><em>πολλάκις</em></strong></span> <span class='ocrx_word' id='word_1_166' title='bbox 532 2418 582 2499; x_wconf 79' lang='grc' dir='ltr'><strong><em>εἰς</em></strong></span> <span class='ocrx_word' id='word_1_167' title='bbox 606 2423 643 2488; x_wconf 87' lang='grc' dir='ltr'><strong>τδ</strong></span> <span class='ocrx_word' id='word_1_168' title='bbox 672 2449 689 2490; x_wconf 83' lang='lat' dir='ltr'><strong>a</strong></span> <span class='ocrx_word' id='word_1_169' title='bbox 715 2419 1006 2509; x_wconf 73' lang='grc' dir='ltr'><strong><em>μεταβαλλόμενον</em></strong></span> <span class='ocrx_word' id='word_1_170' title='bbox 1029 2422 1088 2490; x_wconf 79' lang='grc' dir='ltr'><strong>καὶ</strong></span> <span class='ocrx_word' id='word_1_171' title='bbox 1117 2422 1182 2511; x_wconf 73' lang='grc' dir='ltr'><strong>τὴν</strong></span> <span class='ocrx_word' id='word_1_172' title='bbox 1198 2412 1244 2492; x_wconf 66' lang='grc' dir='ltr'><strong>ἰἷι</strong></span> 
     </span>
     <span class='ocr_line' id='line_1_22' title="bbox 128 2517 1243 2611; baseline -0.003 -17"><span class='ocrx_word' id='word_1_173' title='bbox 128 2521 295 2611; x_wconf 69' lang='grc' dir='ltr'><strong><em>συλλαβὴν</em></strong></span> <span class='ocrx_word' id='word_1_174' title='bbox 315 2517 582 2605; x_wconf 77' lang='grc' dir='ltr'><strong><em>προςλαμβάνει,</em></strong></span> <span class='ocrx_word' id='word_1_175' title='bbox 611 2521 696 2589; x_wconf 78' lang='grc' dir='ltr'><strong><em>λ’λκιυ</em></strong></span> <span class='ocrx_word' id='word_1_176' title='bbox 720 2520 930 2602; x_wconf 81' lang='grc' dir='ltr'><strong><em>ἑλκόπεπλος</em></strong></span> <span class='ocrx_word' id='word_1_177' title='bbox 957 2520 1165 2602; x_wconf 51' lang='lat' dir='ltr'><strong>{torneator</strong></span> <span class='ocrx_word' id='word_1_178' title='bbox 1186 2520 1243 2591; x_wconf 78' lang='grc' dir='ltr'><strong>ἑλ-</strong></span> 
     </span>
     <span class='ocr_line' id='line_1_23' title="bbox 127 2622 1242 2710; baseline 0.002 -20"><span class='ocrx_word' id='word_1_179' title='bbox 127 2622 347 2698; x_wconf 76' lang='grc' dir='ltr'><strong><em>κεσλπεπλος,</em></strong></span> <span class='ocrx_word' id='word_1_180' title='bbox 381 2625 517 2703; x_wconf 80' lang='grc' dir='ltr'><strong><em>πρῶτος</em></strong></span> <span class='ocrx_word' id='word_1_181' title='bbox 544 2623 744 2702; x_wconf 83' lang='grc' dir='ltr'><strong><em>πρωτόλαος</em></strong></span> <span class='ocrx_word' id='word_1_182' title='bbox 772 2624 968 2710; x_wconf 83' lang='grc' dir='ltr'><strong><em>πριυτέλαος</em></strong></span> <span class='ocrx_word' id='word_1_183' title='bbox 996 2622 1242 2709; x_wconf 77' lang='grc' dir='ltr'><strong><em>πριυτέσιλαος,</em></strong></span> 
     </span>
     <span class='ocr_line' id='line_1_24' title="bbox 128 2714 1244 2812; baseline 0.004 -25"><span class='ocrx_word' id='word_1_184' title='bbox 128 2717 236 2808; x_wconf 81' lang='grc' dir='ltr'><strong><em>πηγός</em></strong></span> <span class='ocrx_word' id='word_1_185' title='bbox 266 2714 486 2807; x_wconf 78' lang='grc' dir='ltr'><strong><em>πηγόμαλλος</em></strong></span> <span class='ocrx_word' id='word_1_186' title='bbox 516 2722 729 2807; x_wconf 77' lang='grc' dir='ltr'><strong><em>πηγέμαλλος</em></strong></span> <span class='ocrx_word' id='word_1_187' title='bbox 764 2722 1021 2812; x_wconf 80' lang='grc' dir='ltr'><strong><em>πηγεοίμολλος.</em></strong></span> <span class='ocrx_word' id='word_1_188' title='bbox 1064 2714 1171 2792; x_wconf 78' lang='grc' dir='ltr'><strong><em>’Ἔνιοι</em></strong></span> <span class='ocrx_word' id='word_1_189' title='bbox 1205 2722 1244 2792; x_wconf 71' lang='lat' dir='ltr'><strong>di</strong></span> 
     </span>
     <span class='ocr_line' id='line_1_25' title="bbox 128 2813 1243 2918; baseline 0.002 -29"><span class='ocrx_word' id='word_1_190' title='bbox 128 2816 212 2889; x_wconf 75' lang='grc' dir='ltr'><strong><em>αὐτὰ</em></strong></span> <span class='ocrx_word' id='word_1_191' title='bbox 232 2813 302 2889; x_wconf 74' lang='grc' dir='ltr'><strong>ἀπὸ</strong></span> <span class='ocrx_word' id='word_1_192' title='bbox 325 2818 503 2918; x_wconf 64' lang='grc' dir='ltr'><strong><em>μέλλοντος</em></strong></span> <span class='ocrx_word' id='word_1_193' title='bbox 523 2818 764 2906; x_wconf 76' lang='grc' dir='ltr'><strong><em>σχηματίζουσι</em></strong></span> <span class='ocrx_word' id='word_1_194' title='bbox 785 2830 851 2890; x_wconf 86' lang='grc' dir='ltr'><strong><em>τιδν</em></strong></span> <span class='ocrx_word' id='word_1_195' title='bbox 872 2827 1001 2892; x_wconf 86' lang='grc' dir='ltr'><strong><em>διπλῶν</em></strong></span> <span class='ocrx_word' id='word_1_196' title='bbox 1021 2824 1081 2908; x_wconf 75' lang='grc' dir='ltr'><strong><em>μὲν</em></strong></span> <span class='ocrx_word' id='word_1_197' title='bbox 1097 2818 1243 2893; x_wconf 76' lang='grc' dir='ltr'><strong><em>ἀναλυο-</em></strong></span> 
     </span>
     <span class='ocr_line' id='line_1_26' title="bbox 128 2918 1243 3008; baseline 0.004 -20"><span class='ocrx_word' id='word_1_198' title='bbox 128 2923 250 3006; x_wconf 84' lang='grc' dir='ltr'><strong><em>μὲνιυν,</em></strong></span> <span class='ocrx_word' id='word_1_199' title='bbox 278 2924 336 2987; x_wconf 81' lang='grc' dir='ltr'><strong>τοῦ</strong></span> <span class='ocrx_word' id='word_1_200' title='bbox 365 2919 404 2988; x_wconf 80' lang='grc' dir='ltr'><strong>δὲ</strong></span> <span class='ocrx_word' id='word_1_201' title='bbox 431 2918 783 3008; x_wconf 82' lang='grc' dir='ltr'><strong><em>επαρεμπίπτοντος,</em></strong></span> <span class='ocrx_word' id='word_1_202' title='bbox 812 2923 895 3005; x_wconf 76' lang='grc' dir='ltr'><strong><em>ἕλξω</em></strong></span> <span class='ocrx_word' id='word_1_203' title='bbox 921 2921 1123 3005; x_wconf 77' lang='grc' dir='ltr'><strong><em>ἓλξίπεπλος</em></strong></span> <span class='ocrx_word' id='word_1_204' title='bbox 1152 2921 1243 2993; x_wconf 73' lang='grc' dir='ltr'><strong><em>ἕλκο-</em></strong></span> 
     </span>
     <span class='ocr_line' id='line_1_27' title="bbox 127 3017 1242 3121; baseline 0.001 -31"><span class='ocrx_word' id='word_1_205' title='bbox 127 3023 308 3100; x_wconf 52' lang='lat' dir='ltr'><strong>ornantes,</strong></span> <span class='ocrx_word' id='word_1_206' title='bbox 317 3017 425 3121; x_wconf 62' lang='grc' dir='ltr'><strong><em>πηξω</em></strong></span> <span class='ocrx_word' id='word_1_207' title='bbox 441 3021 653 3120; x_wconf 52' lang='grc' dir='ltr'><strong><em>τρηζίμαλλος</em></strong></span> <span class='ocrx_word' id='word_1_208' title='bbox 673 3022 930 3112; x_wconf 78' lang='grc' dir='ltr'><strong><em>πηγεσίμαλλος.</em></strong></span> <span class='ocrx_word' id='word_1_209' title='bbox 973 3027 1070 3090; x_wconf 86' lang='lat' dir='ltr'><strong>Hano</strong></span> <span class='ocrx_word' id='word_1_210' title='bbox 1091 3025 1242 3111; x_wconf 83' lang='lat' dir='ltr'><strong>analysin</strong></span> 
     </span>
     <span class='ocr_line' id='line_1_28' title="bbox 126 3122 1242 3211; baseline 0.004 -24"><span class='ocrx_word' id='word_1_211' title='bbox 126 3123 233 3188; x_wconf 79' lang='lat' dir='ltr'><strong>futura</strong></span> <span class='ocrx_word' id='word_1_212' title='bbox 262 3122 296 3187; x_wconf 92' lang='lat' dir='ltr'><strong>in</strong></span> <span class='ocrx_word' id='word_1_213' title='bbox 323 3125 369 3202; x_wconf 84' lang='grc' dir='ltr'><strong><em>ξιυ</em></strong></span> <span class='ocrx_word' id='word_1_214' title='bbox 398 3135 431 3189; x_wconf 89' lang='lat' dir='ltr'><strong>et</strong></span> <span class='ocrx_word' id='word_1_215' title='bbox 457 3137 513 3211; x_wconf 75' lang='grc' dir='ltr'><strong><em>ψιυ</em></strong></span> <span class='ocrx_word' id='word_1_216' title='bbox 536 3125 688 3189; x_wconf 82' lang='lat' dir='ltr'><strong>exeuntia</strong></span> <span class='ocrx_word' id='word_1_217' title='bbox 715 3125 749 3189; x_wconf 92' lang='lat' dir='ltr'><strong>in</strong></span> <span class='ocrx_word' id='word_1_218' title='bbox 771 3126 916 3211; x_wconf 84' lang='lat' dir='ltr'><strong>synthesi</strong></span> <span class='ocrx_word' id='word_1_219' title='bbox 936 3127 1099 3192; x_wconf 89' lang='lat' dir='ltr'><strong>interdum</strong></span> <span class='ocrx_word' id='word_1_220' title='bbox 1120 3126 1242 3192; x_wconf 85' lang='lat' dir='ltr'><strong>admit·</strong></span> 
     </span>
     <span class='ocr_line' id='line_1_29' title="bbox 129 3219 1241 3314; baseline 0.005 -26"><span class='ocrx_word' id='word_1_221' title='bbox 129 3236 201 3289; x_wconf 88' lang='lat' dir='ltr'><strong>tunt</strong></span> <span class='ocrx_word' id='word_1_222' title='bbox 221 3219 483 3304; x_wconf 66' lang='grc' dir='ltr'><strong><em>ἀιιχεοίμολπος,</em></strong></span> <span class='ocrx_word' id='word_1_223' title='bbox 506 3224 766 3309; x_wconf 74' lang='grc' dir='ltr'><strong><em>θελγεσίμυθος,</em></strong></span> <span class='ocrx_word' id='word_1_224' title='bbox 790 3225 1031 3314; x_wconf 75' lang='grc' dir='ltr'><strong><em>καμπεοίγυιος</em></strong></span> <span class='ocrx_word' id='word_1_225' title='bbox 1049 3227 1153 3293; x_wconf 85' lang='lat' dir='ltr'><strong>Proll.</strong></span> <span class='ocrx_word' id='word_1_226' title='bbox 1169 3228 1241 3294; x_wconf 83' lang='lat'>143.</span> 
     </span>
     <span class='ocr_line' id='line_1_30' title="bbox 128 3322 1242 3413; baseline 0.003 -24"><span class='ocrx_word' id='word_1_227' title='bbox 128 3336 161 3389; x_wconf 91' lang='lat' dir='ltr'><strong>et</strong></span> <span class='ocrx_word' id='word_1_228' title='bbox 188 3322 336 3389; x_wconf 87' lang='lat' dir='ltr'><strong>restituta</strong></span> <span class='ocrx_word' id='word_1_229' title='bbox 365 3322 515 3389; x_wconf 88' lang='lat' dir='ltr'><strong>thematis</strong></span> <span class='ocrx_word' id='word_1_230' title='bbox 544 3325 647 3389; x_wconf 81' lang='lat' dir='ltr'><strong>vocali</strong></span> <span class='ocrx_word' id='word_1_231' title='bbox 678 3324 768 3391; x_wconf 86' lang='lat' dir='ltr'><strong>brevi</strong></span> <span class='ocrx_word' id='word_1_232' title='bbox 800 3324 1005 3413; x_wconf 81' lang='grc' dir='ltr'><strong><em>λιπεοήνιυρ,</em></strong></span> <span class='ocrx_word' id='word_1_233' title='bbox 1037 3327 1242 3412; x_wconf 84' lang='lat' dir='ltr'><strong>eandemque</strong></span> 
     </span>
     <span class='ocr_line' id='line_1_31' title="bbox 128 3423 1241 3495; baseline 0.002 -4"><span class='ocrx_word' id='word_1_234' title='bbox 128 3423 345 3491; x_wconf 85' lang='lat' dir='ltr'><strong>evolutionem</strong></span> <span class='ocrx_word' id='word_1_235' title='bbox 373 3423 483 3492; x_wconf 86' lang='lat' dir='ltr'><strong>Sohol.</strong></span> <span class='ocrx_word' id='word_1_236' title='bbox 513 3425 556 3488; x_wconf 83' lang='lat' dir='ltr'><strong>A.</strong></span> <span class='ocrx_word' id='word_1_237' title='bbox 588 3424 631 3488; x_wconf 90' lang='lat' dir='ltr'><strong>ad</strong></span> <span class='ocrx_word' id='word_1_238' title='bbox 660 3424 699 3490; x_wconf 91' lang='grc'><strong>11.</strong></span> <span class='ocrx_word' id='word_1_239' title='bbox 729 3426 928 3493; x_wconf 81' lang='lat' dir='ltr'><strong>xss1.340.</strong></span> <span class='ocrx_word' id='word_1_240' title='bbox 951 3429 1059 3493; x_wconf 80' lang='lat' dir='ltr'><strong>tuturo</strong></span> <span class='ocrx_word' id='word_1_241' title='bbox 1085 3428 1241 3495; x_wconf 88' lang='lat' dir='ltr'><strong>inusitato</strong></span> 
     </span>
     <span class='ocr_line' id='line_1_32' title="bbox 127 3522 1243 3616; baseline 0.006 -27"><span class='ocrx_word' id='word_1_242' title='bbox 127 3522 241 3613; x_wconf 77' lang='grc' dir='ltr'><strong><em>τμὴσιυ</em></strong></span> <span class='ocrx_word' id='word_1_243' title='bbox 264 3525 411 3610; x_wconf 81' lang='grc' dir='ltr'><strong><em>(νμῆσις)</em></strong></span> <span class='ocrx_word' id='word_1_244' title='bbox 432 3522 566 3589; x_wconf 84' lang='lat' dir='ltr'><strong>adhibet</strong></span> <span class='ocrx_word' id='word_1_245' title='bbox 586 3523 626 3590; x_wconf 85' lang='grc' dir='ltr'><strong>τὸ</strong></span> <span class='ocrx_word' id='word_1_246' title='bbox 648 3525 850 3612; x_wconf 79' lang='grc' dir='ltr'><strong><em>τμηοίχροας</em></strong></span> <span class='ocrx_word' id='word_1_247' title='bbox 875 3522 1035 3608; x_wconf 82' lang='grc' dir='ltr'><strong><em>ἆνέπτυξε</em></strong></span> <span class='ocrx_word' id='word_1_248' title='bbox 1057 3533 1243 3616; x_wconf 81' lang='grc' dir='ltr'><strong><em>ποιητικῶς</em></strong></span> 
     </span>
     <span class='ocr_line' id='line_1_33' title="bbox 128 3622 1241 3718; baseline 0.004 -28"><span class='ocrx_word' id='word_1_249' title='bbox 128 3622 349 3707; x_wconf 79' lang='grc' dir='ltr'><strong><em>ταμεσίχροας</em></strong></span> <span class='ocrx_word' id='word_1_250' title='bbox 371 3622 491 3704; x_wconf 80' lang='grc' dir='ltr'><strong><em>εἰπών,</em></strong></span> <span class='ocrx_word' id='word_1_251' title='bbox 523 3626 688 3710; x_wconf 90' lang='lat' dir='ltr'><strong>quomodo</strong></span> <span class='ocrx_word' id='word_1_252' title='bbox 710 3649 730 3691; x_wconf 86' lang='lat' dir='ltr'><strong>a</strong></span> <span class='ocrx_word' id='word_1_253' title='bbox 751 3624 860 3715; x_wconf 70' lang='grc' dir='ltr'><strong><em>τλήυιυ</em></strong></span> <span class='ocrx_word' id='word_1_254' title='bbox 882 3629 1032 3714; x_wconf 87' lang='lat' dir='ltr'><strong>proxima</strong></span> <span class='ocrx_word' id='word_1_255' title='bbox 1052 3628 1105 3692; x_wconf 85' lang='lat' dir='ltr'><strong>via</strong></span> <span class='ocrx_word' id='word_1_256' title='bbox 1126 3630 1241 3718; x_wconf 88' lang='grc' dir='ltr'><strong><em>τλησι-</em></strong></span> 
     </span>
     <span class='ocr_line' id='line_1_34' title="bbox 127 3723 1240 3816; baseline 0.005 -27"><span class='ocrx_word' id='word_1_257' title='bbox 127 3723 267 3809; x_wconf 78' lang='grc' dir='ltr'><strong><em>κάρδιος</em></strong></span> <span class='ocrx_word' id='word_1_258' title='bbox 288 3723 463 3789; x_wconf 88' lang='lat' dir='ltr'><strong>deductum</strong></span> <span class='ocrx_word' id='word_1_259' title='bbox 483 3735 549 3802; x_wconf 84' lang='lat' dir='ltr'><strong>est,</strong></span> <span class='ocrx_word' id='word_1_260' title='bbox 572 3746 632 3812; x_wconf 86' lang='lat' dir='ltr'><strong>per</strong></span> <span class='ocrx_word' id='word_1_261' title='bbox 652 3727 811 3792; x_wconf 84' lang='lat' dir='ltr'><strong>tramitem</strong></span> <span class='ocrx_word' id='word_1_262' title='bbox 832 3728 1048 3816; x_wconf 81' lang='grc' dir='ltr'><strong><em>ταλασιήριυν</em></strong></span> <span class='ocrx_word' id='word_1_263' title='bbox 1069 3738 1106 3792; x_wconf 91' lang='lat' dir='ltr'><strong>ut</strong></span> <span class='ocrx_word' id='word_1_264' title='bbox 1127 3728 1240 3814; x_wconf 89' lang='grc' dir='ltr'><strong><em>δαμα-</em></strong></span> 
     </span>
     <span class='ocr_line' id='line_1_35' title="bbox 127 3822 1241 3915; baseline 0.003 -24"><span class='ocrx_word' id='word_1_265' title='bbox 127 3822 267 3913; x_wconf 75' lang='grc' dir='ltr'><strong><em>σιίμρων.</em></strong></span> <span class='ocrx_word' id='word_1_266' title='bbox 311 3824 385 3889; x_wconf 86' lang='grc' dir='ltr'><strong><em>Ηιιο</em></strong></span> <span class='ocrx_word' id='word_1_267' title='bbox 413 3822 513 3910; x_wconf 81' lang='lat' dir='ltr'><strong>igitur</strong></span> <span class='ocrx_word' id='word_1_268' title='bbox 540 3826 668 3892; x_wconf 86' lang='lat' dir='ltr'><strong>ratione</strong></span> <span class='ocrx_word' id='word_1_269' title='bbox 696 3823 938 3906; x_wconf 80' lang='grc' dir='ltr'><strong><em>ἑλνεοίπιπλος</em></strong></span> <span class='ocrx_word' id='word_1_270' title='bbox 966 3826 1030 3892; x_wconf 83' lang='lat' dir='ltr'><strong>dici</strong></span> <span class='ocrx_word' id='word_1_271' title='bbox 1061 3838 1171 3915; x_wconf 89' lang='lat' dir='ltr'><strong>potest</strong></span> <span class='ocrx_word' id='word_1_272' title='bbox 1200 3851 1241 3894; x_wconf 84' lang='lat' dir='ltr'><strong>ex</strong></span> 
     </span>
     <span class='ocr_line' id='line_1_36' title="bbox 129 3921 1242 4004; baseline 0.004 -14"><span class='ocrx_word' id='word_1_273' title='bbox 129 3921 329 4004; x_wconf 72' lang='grc' dir='ltr'><strong><em>ὲλξλπυπλος</em></strong></span> <span class='ocrx_word' id='word_1_274' title='bbox 352 3923 520 3991; x_wconf 81' lang='lat' dir='ltr'><strong>diductum</strong></span> <span class='ocrx_word' id='word_1_275' title='bbox 542 3949 625 3994; x_wconf 89' lang='lat' dir='ltr'><strong>esse.</strong></span> <span class='ocrx_word' id='word_1_276' title='bbox 656 3928 705 3993; x_wconf 87' lang='lat' dir='ltr'><strong>At</strong></span> <span class='ocrx_word' id='word_1_277' title='bbox 728 3947 767 3991; x_wconf 89' lang='lat' dir='ltr'><strong>ea</strong></span> <span class='ocrx_word' id='word_1_278' title='bbox 787 3948 855 3993; x_wconf 90' lang='lat' dir='ltr'><strong>nou</strong></span> <span class='ocrx_word' id='word_1_279' title='bbox 878 3928 1029 3993; x_wconf 87' lang='lat' dir='ltr'><strong>oonveuit</strong></span> <span class='ocrx_word' id='word_1_280' title='bbox 1045 3930 1088 3993; x_wconf 88' lang='lat' dir='ltr'><strong>ad</strong></span> <span class='ocrx_word' id='word_1_281' title='bbox 1109 3930 1242 3996; x_wconf 83' lang='lat' dir='ltr'><strong>nomina</strong></span> 
     </span>
     <span class='ocr_line' id='line_1_37' title="bbox 128 4023 1239 4116; baseline 0.007 -28"><span class='ocrx_word' id='word_1_282' title='bbox 128 4024 246 4108; x_wconf 89' lang='lat' dir='ltr'><strong>quibus</strong></span> <span class='ocrx_word' id='word_1_283' title='bbox 269 4025 392 4090; x_wconf 90' lang='lat' dir='ltr'><strong>nullum</strong></span> <span class='ocrx_word' id='word_1_284' title='bbox 416 4027 576 4111; x_wconf 91' lang='lat' dir='ltr'><strong>ejusmodi</strong></span> <span class='ocrx_word' id='word_1_285' title='bbox 598 4028 740 4091; x_wconf 85' lang='lat' dir='ltr'><strong>futurum</strong></span> <span class='ocrx_word' id='word_1_286' title='bbox 768 4028 946 4106; x_wconf 80' lang='lat' dir='ltr'><strong>antecedit3</strong></span> <span class='ocrx_word' id='word_1_287' title='bbox 976 4029 1059 4095; x_wconf 89' lang='lat' dir='ltr'><strong>siout</strong></span> <span class='ocrx_word' id='word_1_288' title='bbox 1080 4023 1239 4116; x_wconf 74' lang='grc' dir='ltr'><strong><em>Ἀλφεσί-</em></strong></span> 
     </span>
     <span class='ocr_line' id='line_1_38' title="bbox 127 4122 1239 4217; baseline 0.005 -28"><span class='ocrx_word' id='word_1_289' title='bbox 127 4130 222 4205; x_wconf 81' lang='grc' dir='ltr'><strong><em>βοια,</em></strong></span> <span class='ocrx_word' id='word_1_290' title='bbox 256 4122 526 4215; x_wconf 77' lang='grc' dir='ltr'><strong><em>Μενεσιιιροὶτης,</em></strong></span> <span class='ocrx_word' id='word_1_291' title='bbox 562 4124 797 4213; x_wconf 76' lang='grc' dir='ltr'><strong><em>ε’μμεσίκιυμος,</em></strong></span> <span class='ocrx_word' id='word_1_292' title='bbox 831 4129 1087 4217; x_wconf 75' lang='grc' dir='ltr'><strong><em>φερεσοίπονος,</em></strong></span> <span class='ocrx_word' id='word_1_293' title='bbox 1120 4129 1239 4215; x_wconf 88' lang='lat' dir='ltr'><strong>quibus</strong></span> 
     </span>
     <span class='ocr_line' id='line_1_39' title="bbox 127 4220 1241 4320; baseline 0.008 -31"><span class='ocrx_word' id='word_1_294' title='bbox 127 4222 238 4289; x_wconf 86' lang='lat' dir='ltr'><strong>nescio</strong></span> <span class='ocrx_word' id='word_1_295' title='bbox 259 4247 301 4295; x_wconf 80' lang='lat' dir='ltr'><strong>aa</strong></span> <span class='ocrx_word' id='word_1_296' title='bbox 320 4226 417 4292; x_wconf 83' lang='lat' dir='ltr'><strong>etiam</strong></span> <span class='ocrx_word' id='word_1_297' title='bbox 439 4220 685 4318; x_wconf 80' lang='grc' dir='ltr'><strong><em>ἆρχεσίμολπος</em></strong></span> <span class='ocrx_word' id='word_1_298' title='bbox 709 4228 808 4314; x_wconf 67' lang='lat' dir='ltr'><strong>adjici</strong></span> <span class='ocrx_word' id='word_1_299' title='bbox 830 4229 946 4297; x_wconf 89' lang='lat' dir='ltr'><strong>debeat</strong></span> <span class='ocrx_word' id='word_1_300' title='bbox 967 4242 1142 4320; x_wconf 83' lang='lat' dir='ltr'><strong>propterea</strong></span> <span class='ocrx_word' id='word_1_301' title='bbox 1163 4232 1241 4318; x_wconf 84' lang='lat' dir='ltr'><strong>quia</strong></span> 
     </span>
    </p>
   </div>
   <div class='ocr_carea' id='block_1_3' title="bbox 0 0 1372 4778">
    <p class='ocr_par' dir='ltr' id='par_1_3' title="bbox 0 0 1372 4778">
     <span class='ocr_line' id='line_1_40' title="bbox 0 0 1372 4778; baseline 0 1"><span class='ocrx_word' id='word_1_302' title='bbox 0 0 1372 4778; x_wconf 95' lang='lat' dir='ltr'><strong> </strong></span> 
     </span>
    </p>
   </div>
  </div>
 </body>
</html>
