2736 4778
119 356 177 424 ’12
519 354 796 423 DISSERTATIO
818 355 873 423 VL

134 513 217 608 ἤϊον,
239 521 296 586 sed
307 520 365 587 hoo
376 523 473 587 etiam
495 521 691 588 contrahitur
712 515 776 610 ᾖον
799 514 905 611 ’,ἦσαν
921 558 955 568 —-
971 519 1117 586 Altemm
1132 524 1269 587 constat

135 643 173 690 eu
207 624 353 706 optativis
385 623 574 706 quibusdam
605 623 737 707 perfecti
758 626 889 707 passivi,
922 624 977 707 qui
998 623 1141 689 vocalem
1178 622 1268 689 modi

135 728 228 793 huius
250 727 537 794 characteristioam
557 733 672 808 gerunt
694 729 750 795 sed
772 747 843 794 eam
865 727 1057 811 diphthongo
1072 725 1266 805 insolutam,

133 831 185 896 vix
214 836 252 896 ut
284 830 325 896 ad
353 849 446 897 aures
467 831 643 914 perveniat:
680 825 749 897 dab
773 835 832 898 τοῦ
854 831 1022 918 μέμνημαι
1045 829 1083 896 τὸ
1106 823 1268 899 εὐκτικὸν

132 930 313 1024 μεμνῄμην,
346 937 491 1022 μεμνῄσ,
524 937 670 1021 μεμνῇτο
704 932 775 998 ΕΜ.
805 931 878 998 578.
910 931 967 1011 51,
1001 931 1039 998 τὸ
1071 928 1265 1024 μεμνῄμην

134 1032 296 1124 ἀνάλογον
338 1031 486 1103 εῧκτικόν
523 1035 606 1102 κατὰ
647 1035 689 1102 τὰ
723 1036 885 1124 κέκλημαι
923 1034 1088 1123 κεκλῄμην
1122 1034 1185 1103 καὶ
1220 1034 1264 1102 ui

135 1138 237 1224 ὃμοια
259 1139 349 1204 Eust
374 1138 465 1204 1371.
492 1139 518 1220 1,
546 1143 678 1222 uterque
699 1139 929 1218 Herodianum,
962 1143 999 1202 ut
1030 1138 1176 1220 uidetur,
1212 1158 1264 1209 se-

134 1244 233 1325 quuti,
256 1243 310 1325 qui
331 1243 363 1307 iu
380 1242 417 1306 11.
429 1240 539 1306 XXIII
550 1240 610 1307 361
636 1242 733 1308 allata
755 1241 870 1324 triplici
893 1245 1050 1323 scriptura
1070 1243 1264 1325 μιννέωιο,

134 1350 297 1434 μεμνῷτσ,
320 1348 467 1434 μεμνῄτο
502 1344 592 1411 addit
623 1346 661 1412 τὸ
685 1341 846 1433 ἀνάλογον
871 1343 929 1429 διὰ
951 1347 1067 1429 aad}
1095 1369 1262 1432 πμοσκιι·

133 1449 236 1533 μένου
258 1453 318 1514 τοῦ
346 1450 368 1521 ἶ
378 1443 455 1539 παρ’
476 1444 718 1539 Ἀριστοφάνει·
751 1445 785 1516 ἐν
819 1445 941 1534 ἑτέροις
972 1447 1086 1531 μέντοι
1116 1443 1264 1531 ἐντελῶς

136 1552 213 1638 περὶ
236 1555 293 1620 τοῦ
315 1556 544 1643 σχηματισμοῦ
573 1553 738 1638 διέλαβον.
797 1552 904 1617 Prima
926 1568 1062 1633 persona
1081 1548 1264 1641 μεμνῄμην

102 1714 109 1725 .
134 1655 289 1721 Ι1.ΧΧΝ
307 1653 369 1721 745
392 1656 467 1722 olim
489 1656 557 1721 sine
579 1656 645 1721 iota
666 1655 864 1722 scribebatur
875 1660 908 1720 et
917 1657 1092 1742 μεμνῇσθε
1103 1653 1263 1723 Andoeid

135 1759 175 1825 de
203 1758 296 1842 Myst
322 1758 370 1824 18.
384 1757 435 1824 30
470 1759 534 1841 (70.
558 1757 599 1823 30
629 1758 689 1841 a),
724 1758 847 1846 addidit
877 1776 952 1824 vero
978 1754 1106 1821 Bekker
1138 1775 1169 1838 p.
1198 1755 1262 1825 121

136 1863 163 1946 ᾗ.
190 1859 246 1926 141
272 1867 305 1927 et
325 1861 418 1945 nitori
441 1855 617 1949 κεκλῄμεθ’
642 1853 683 1926 ἔν
704 1860 864 1943 Aristoph.
885 1860 958 1944 Lys.
981 1857 1044 1926 253
1066 1858 1264 1929 Brunokius.

136 1962 217 2049 [Vol.
251 1964 268 2030 Ι
300 1961 387 2049 423]
442 1961 491 2028 De
524 1968 657 2046 utroque
690 1965 837 2029 dixenmt
868 1963 922 2028 alii
954 1963 1050 2043 alias,
1085 1963 1263 2033 novissime

137 2067 345 2134 Schneiderus
368 2067 409 2133 ad
429 2066 510 2132 Plat
527 2064 618 2132 civit
641 2065 675 2132 Τ.
698 2066 731 2131 Π
752 2065 826 2134 263.
871 2066 898 2130 Α
922 2066 1077 2132 similibus
1097 2063 1262 2148 perfectis,

135 2190 216 2254 quae
238 2171 338 2236 multa
359 2177 441 2251 sunt,
473 2169 643 2258 κέχρημαι,
678 2169 859 2255 ιίιμηγμαι
881 2176 940 2235 etc.
969 2170 1074 2235 nullus
1096 2171 1262 2251 optativus

136 2275 248 2340 duetus
270 2273 403 2340 videtur.
448 2272 511 2339 Sed
532 2274 594 2339 rite
617 2271 820 2354 subsequitur
841 2273 976 2338 doristus
992 2272 1261 2355 secundosquum

136 2377 268 2442 aliorum
290 2376 457 2445 verborum
480 2375 555 2441 'tum
579 2376 711 2441 duorum
743 2376 777 2441 in
808 2376 936 2441 easdem
966 2374 1103 2458 syllabas
1124 2378 1202 2461 ημῖν
1223 2381 1261 2443 ut

135 2481 233 2546 uerba
254 2481 287 2546 in
308 2482 343 2566 ᾗῖ
364 2480 553 2557 exeuntium,
577 2485 672 2562 atque
693 2478 773 2544 haee
793 2480 858 2545 iota
880 2496 962 2544 nuno
983 2477 1177 2561 adscriptum
1200 2480 1259 2546 hu-

136 2583 225 2661 bent,
258 2601 340 2648 nunc
373 2580 599 2662 subscriptum:
636 2581 727 2663 βλεῖο
760 2582 810 2663 (ut
845 2581 935 2664 θεῖα)
969 2580 1062 2646 schol.
1095 2582 1259 2664 Aristopb.

136 2686 211 2750 Aah.
234 2683 297 2749 236
331 2682 424 2749 affert
455 2703 494 2748 err
521 2683 557 2749 Il.
580 2683 659 2749 XIII
682 2682 754 2763 288,
789 2684 845 2748 sed
868 2684 929 2749 duo
952 2684 1074 2750 coffiues
1096 2684 1200 2770 βλῆο,
1224 2684 1258 2751 id

136 2795 186 2853 est
217 2789 303 2876 βλῇο
337 2787 490 2870 probante
514 2786 654 2866 Clarkio,
689 2805 788 2869 eoque
821 2788 963 2869 exemplo
994 2786 1173 2853 Brunokius
1205 2786 1258 2852 bis

136 2891 339 2975 Aristophani
371 2891 510 2956 reddidit
543 2885 719 2978 ἐμπλῄμην
753 2893 786 2954 et
813 2887 962 2978 ε’μπλῄιο
991 2895 1101 2956 eontra
1122 2889 1257 2969 oodiues,
1289 2939 1293 2948 .

136 2995 193 3060 sed
214 3000 377 3077 acceptum
397 2994 564 3076 plerisque.
992 3007 994 3010 ·

221 3101 248 3184 ξ.
272 3097 300 3164 3.
345 3099 433 3163 Duas
448 3098 580 3178 vocales,
604 3114 684 3179 quae
706 3096 738 3160 in
753 3089 823 3183 ἠΰς,
847 3089 954 3181 nuntie
970 3101 1027 3161 eto.
1040 3113 1074 3160 se
1087 3095 1256 3176 excipiunt

136 3223 240 3269 sermo
262 3202 433 3269 communis
456 3220 518 3265 non
539 3199 631 3266 facile
654 3198 794 3264 admittit
814 3197 876 3263 nisi
894 3202 1072 3263 contractas
1094 3202 1128 3263 et
1148 3199 1181 3263 id
1203 3217 1256 3265 so·

136 3308 200 3372 lurn
223 3308 254 3372 in
278 3309 445 3388 augmento
467 3302 635 3369 verborum
658 3300 695 3368 τὸ
718 3305 754 3385 ἠ’
775 3299 831 3367 καὶ
853 3299 891 3365 τὸ
914 3302 949 3369 ἰῖ
965 3297 999 3366 ἐν
1020 3304 1082 3389 μιᾷ
1107 3301 1258 3389 συλλαβῇ

136 3406 195 3476 oria
218 3409 306 3477 ἔστιν
329 3408 504 3494 ἐπινοῆσαι
526 3405 627 3490 χωμὶς
640 3401 669 3473 εἰ
689 3404 736 3491 μὴ
749 3404 782 3471 ἐν
794 3400 897 3470 κλίσει
922 3399 1085 3492 ῥῄμαισςτ
1110 3394 1254 3492 aridior,

136 3507 279 3602 ηἰῖχονν
301 3513 443 3594 Apollon.
465 3512 543 3577 Adv.
567 3507 639 3574 560.
695 3507 777 3572 Hinc
809 3513 915 3572 autem
943 3512 1181 3588 argumentatur
1214 3506 1256 3572 de

135 3617 298 3700 particula,
321 3634 417 3697 quam
439 3615 498 3681 hoo
520 3615 587 3680 loeo
610 3631 648 3677 ex
670 3611 811 3694 professo
833 3616 963 3677 tractat:
989 3605 1173 3695 ἀναγκαίως
1197 3600 1257 3675 οὖν

137 3716 155 3806 η
180 3716 352 3796 διάστασις
374 3722 433 3786 τοῦ
457 3713 545 3802 ἠΰτε,
568 3721 601 3782 et
622 3717 695 3783 huic
720 3715 849 3797 apponit
870 3713 1071 3779 Homericum
1095 3707 1194 3798 γρηῢς
1216 3731 1257 3778 ex

135 3826 236 3909 γρηῦς
259 3820 432 3901 diductum,
461 3821 542 3886 hano
563 3821 647 3887 enim
670 3835 851 3901 germanam
873 3834 943 3882 esse
966 3816 1100 3881 nominis
1122 3814 1257 3881 formam

135 3925 261 4009 probari
284 3925 420 4005 genitivo
432 3920 541 4010 γηηός,
565 3942 638 3988 nam
661 3941 680 3986 a
700 3920 854 4001 bisyllabo
877 3919 944 3987 fieri
968 3919 1114 3985 debuisse
1136 3917 1257 4004 νηήσας

135 4036 172 4094 ut
193 4029 311 4113 γένυος.
356 4027 540 4110 Apollonius
561 4026 658 4107 igitur
679 4023 711 4087 iu
734 4023 856 4088 duobus
877 4022 986 4087 Iliadis
999 4023 1083 4101 lucie,
1107 4023 1258 4089 ubinuno

56 4217 61 4227 x
136 4150 173 4197 ex
185 4132 360 4197 Aristarchi
382 4129 540 4196 sententia
562 4120 634 4195 εὖτε
656 4126 675 4191 1.
698 4145 727 4208 q.
751 4120 796 4205 ὡς
818 4125 972 4204 scribitur,
995 4125 1146 4207 praetulit
1168 4117 1257 4211 ηὖιε,

136 4235 220 4316 quod
241 4234 395 4316 Didymus
418 4234 458 4299 ad
480 4232 530 4297 III
555 4231 594 4298 10
627 4230 660 4296 in
682 4229 804 4296 duabus
838 4228 1027 4295 editionibus
1049 4227 1184 4309 politicis
1207 4228 1256 4292 in·

137 4338 236 4405 veniri
258 4337 364 4429 tradit,
397 4338 543 4420 idemque
565 4336 776 4438 Buttmunnus
799 4331 936 4398 Homero
958 4330 1116 4397 vindicare
1139 4330 1255 4395 anniti-

234 4678 340 4708 4
