2736 4778
167 317 233 384 DE
253 316 524 385 PROSTHESI
543 314 606 381 ET
629 314 892 384 APHAERESI.
925 312 965 382 C.
980 315 1060 383 vn.
1107 319 1177 391 131

63 501 213 567 confusis
242 501 337 588 pellis
364 511 399 566 et
426 497 560 565 corticis
590 495 777 562 notionibus
798 509 836 562 ut
854 499 889 565 in
910 516 1057 567 sermone
1077 500 1179 566 latino

63 616 180 670 cortex
194 603 388 668 nucleorum
401 599 625 682 malorumque
643 597 825 683 appellatur
842 603 933 674 eutis,
960 607 1090 678 acrium,
1111 622 1181 670 mu-

63 706 225 779 titurium,
246 700 369 779 σκιιλος
388 697 528 784 καρύσισ
543 698 617 764 Nic.
633 699 690 765 At
709 699 784 764 270.
806 699 959 784 idemque
977 702 1123 768 ordinem
1131 703 1182 769 in·

66 816 198 870 vertens
231 797 339 889 φλόον
369 799 513 887 appellat
536 811 644 867 cutem
672 799 857 867 humanam.
898 800 1021 868 Suidas
1049 803 1184 887 ἰλεργις

65 892 289 988 rteyyidoc⁰
268 930 287 988 η
316 900 375 967 καὶ
402 900 563 986 στλεγρις,
586 901 639 966 cui
667 901 773 986 sigma
803 901 941 968 debetur
963 925 1005 968 ex
1025 911 1135 988 etymo
1155 925 1186 967 v.

70 1006 202 1070 Teehn
221 1003 274 1069 55.
297 1002 357 1067 sed
375 1003 486 1088 glossa
503 1001 644 1068 insiticia
666 1013 782 1068 est-
798 999 1057 1072 Ἐπιτέλλειν
1021 1028 1060 1071 τσ
1083 1026 1187 1088 προς-

71 1105 211 1173 τάσσειν
243 1103 298 1170 ναι
329 1101 558 1171 ἐντέλλεσθαι·
591 1098 693 1182 ιξ’
652 1108 756 1171 αυτοῦ
789 1105 829 1173 di
859 1105 1045 1190 προςθέσει
1072 1108 1134 1171 τοῦ
1165 1127 1188 1173 α

75 1199 240 1292 ἐπιστολή
259 1199 279 1291 ἦ
300 1201 414 1291 ἐντολή
430 1190 543 1271 Sahal.
559 1204 672 1270 Prom.
687 1205 719 1271 3.
738 1227 836 1291 quem
850 1205 1076 1294 pleonasmum
1093 1204 1187 1271 Tho·
1231 1236 1245 1245 ·

71 1330 145 1372 mas
167 1324 296 1390 quoque
315 1324 356 1369 cx
376 1302 442 1370 hoc
463 1304 538 1372 loco
562 1304 704 1372 enotavit
725 1317 894 1391 metroque
915 1305 1070 1372 attribuit.
1113 1307 1186 1372 Nec

68 1421 179 1474 tamen
198 1426 342 1491 unquam
363 1402 502 1492 ἐπιτολή
521 1407 655 1493 ponitur
669 1429 730 1494 pro
752 1403 912 1495 ἐπιστολή
934 1406 1073 1494 ipsaque
1087 1406 1188 1472 verba

71 1508 256 1576 ἐπιτέλλειν
287 1515 321 1571 et
352 1503 560 1574 ἐπιστέλλειν
591 1507 653 1573 etsi
691 1529 791 1594 saepe
827 1508 1003 1595 permutari
1036 1519 1188 1595 possunt,

69 1607 174 1674 nihilo
211 1605 318 1672 secius
356 1604 484 1673 diverse
514 1606 637 1673 hahent
669 1607 831 1694 principia
861 1610 987 1676 τέλλειν
1014 1609 1129 1674 tollere
1156 1618 1190 1673 et

72 1710 219 1777 στέλλειν
240 1706 366 1783 ειειειε,
391 1729 529 1791 quorum
550 1708 632 1774 illud
652 1710 695 1774 ad
715 1706 858 1776 ταλάοαι
879 1709 1029 1788 inclinat,
1052 1709 1188 1776 alterum

70 1809 116 1873 ad
130 1812 250 1895 στῆσαι
266 1830 296 1872 v.
310 1806 436 1873 Τεειιιι.
450 1809 580 1874 115.-
593 1811 808 1876 Homericum
822 1797 1050 1892 περιστένεται
1060 1808 1187 1899 γαστήρ

71 1909 185 1978 Schol.
211 1907 442 2005 interpretatur
475 1919 744 1997 στενοχωρειται·
775 1911 907 1995 βέλτιον
933 1910 978 1981 de
1004 1926 1190 1994 παρεμπε-

72 2011 241 2078 πτωκέναι
255 2009 295 2075 τὸ
310 2032 331 2077 σ
344 2007 428 2087 αιςτε
447 2003 573 2077 ειναι
556 2012 628 2078 αντὶ
651 2037 708 2077 roo
694 2012 878 2078 τεινεται.
921 2009 963 2075 ld
984 2018 1096 2094 potest
1116 2009 1190 2092 qui·

71 2111 151 2175 dem
182 2108 287 2196 accipi
319 2132 380 2196 pro
412 2112 603 2178 distenditur
634 2110 694 2176 sed
726 2107 859 2229 proprie
893 2119 1002 2173 tamen
1030 2107 1214 2194 significat·

74 2234 258 2278 στενοιιται
268 2246 310 2259 -
335 2206 480 2293 Τρύχνον
495 2211 555 2299 τὴν
573 2207 679 2277 πόαν·
703 2213 763 2279 σὺν
784 2210 822 2277 δε
842 2213 890 2296 τῷ
912 2233 933 2277 σ
955 2209 1112 2292 στριιχνον
1133 2203 1191 2278 oi-

71 2314 185 2394 ὀαρισῦ
206 2299 303 2395 εἷιρσν
323 2309 423 2376 Ριισι.
454 2310 506 2376 cui
532 2311 630 2376 fidem
651 2311 745 2377 affert
769 2309 988 2397 Theophrasti
1010 2310 1085 2377 cod.
1106 2309 1189 2377 Urb.

71 2410 212 2497 τρύχνον
241 2410 399 2477 exhibens
432 2423 465 2477 et
492 2412 605 2481 Sahal.
636 2413 776 2480 Theocr.
807 2411 855 2479 X.
882 2412 935 2478 37.
966 2408 1105 2507 τριιχνος
1134 2412 1191 2478 και

73 2538 192 2598 τρσχνη
214 2503 305 2590 εἶδος
326 2509 521 2595 duziaco*
506 2541 525 2580 ο
548 2515 585 2581 δὲ
608 2513 790 2599 Θεόκριτος
816 2513 952 2595 ἐξέβαλε
976 2511 1013 2576 ιιι
1039 2509 1134 2578 σιιιὰ
1152 2510 1189 2574 τὸ

71 2611 206 2699 μέτρον,
228 2613 293 2679 nisi
314 2612 409 2702 φανὴ
431 2610 567 2697 τρύχνος
588 2614 656 2678 sive
681 2639 738 2698 τρι
740 2641 798 2702 χνη
827 2614 858 2678 h.
880 2613 903 2677 l.
934 2611 1044 2699 potius
1067 2610 1192 2698 signifi-

73 2724 129 2778 cat
159 2713 344 2799 τρύζουσαν
373 2715 551 2780 stridulam.
604 2715 730 2780 Eadem
766 2725 816 2779 est
851 2713 1069 2781 inconstantia
1103 2713 1193 2780 verbi

75 2812 205 2900 τρύζειν
231 2812 264 2883 οι
291 2816 327 2884 δὲ
357 2813 672 2902 στρύζεινΕιοιιειι
700 2839 730 2882 v.
760 2817 886 2883 Techn
918 2818 969 2883 80.
994 2819 1069 2882 adn.
1103 2818 1193 2883 Huic

74 2917 183 2982 simile
201 2915 323 3001 τρίζειν
344 2917 578 3003 sigmatismum
602 2917 734 3003 effugit,
764 2919 824 2984 sed
848 2942 968 2985 nomen
989 2919 1065 2984 hinc
1088 2930 1196 2984 crtum

75 3011 218 3101 τρισμιις
245 3016 312 3082 siva
338 3014 476 3105 τριγμός
504 3019 539 3083 in
567 3019 664 3084 codd.
685 3019 825 3085 Aristot.
854 3021 898 3082 H.
926 3021 992 3081 An.
1014 3021 1074 3086 IV.
1098 3020 1129 3083 9.
1159 3043 1193 3105 p.

74 3118 154 3194 535,
178 3116 228 3181 19.
251 3116 410 3203 σιριγμιις
430 3118 583 3185 scribitur
610 3131 647 3185 ut
672 3120 809 3205 στριίιος
835 3112 854 3204 ἡ
879 3117 982 3205 λεπτὴ
1012 3117 1068 3182 ναι
1101 3112 1197 3196 ὀξεῖα

76 3217 141 3306 βοή
175 3218 285 3285 Schol.
313 3221 373 3285 Ar.
401 3220 488 3287 Aah.
518 3221 611 3286 1048.
643 3220 724 3285 strix
760 3241 781 3282 a
814 3216 952 3283 stridore
984 3226 1022 3282 ut
1055 3215 1197 3283 Ovidius

77 3319 168 3384 dicit.
218 3320 353 3389 Praeter
385 3322 543 3387 usitatum
570 3317 712 3407 θριγκός
744 3319 910 3406 quondam
938 3329 1106 3406 receptum
1138 3317 1200 3383 fuit

83 3421 225 3506 Τριγχός
248 3423 470 3509 περιφραγμα
498 3421 620 3504 τειχισν
645 3431 677 3487 et
695 3419 855 3509 Στριγχός
881 3421 1004 3504 τειχίον
1024 3422 1108 3486 Ηεε.
1131 3442 1197 3504 quo

72 3521 202 3585 Moeris
233 3520 335 3586 utitur
364 3519 473 3609 Σηκός
503 3519 645 3602 ἔπαυλις
678 3526 823 3609 στριγχῷ
859 3523 1086 3609 περιεχομένη.
1129 3522 1197 3589 Pro

81 3625 253 3707 Τριχιῦσαι
282 3617 402 3705 θάψαι
433 3623 516 3687 Ηεε.
548 3645 616 3689 non
645 3627 823 3712 ταρχῠσαι,
861 3633 898 3686 ιιι
930 3621 1199 3692 Ηειιιειειιιιιειιιε

76 3721 192 3798 suasit,
213 3720 420 3788 scribendum
445 3733 496 3789 est
517 3722 577 3788 sed
598 3726 780 3808 τριγχῶσαι
803 3722 868 3789 hoc
888 3734 938 3789 est
957 3725 1065 3811 sepire
1087 3737 1121 3793 et
1141 3749 1201 3814 per

77 3822 310 3908 metonymiam
335 3823 493 3909 sepelire;
513 3845 590 3889 nam
617 3823 767 3911 sepulcra
792 3836 885 3912 septo
908 3824 1199 3903 circumdabantur,

77 3945 180 4008 quare
199 3920 310 4011 σηκός,
330 3924 421 4009 quod
431 3924 587 3992 Timaeus
604 3925 824 4015 περιφραγμα
843 3929 1081 4014 interpretatur,
1105 3948 1201 4013 prae·

78 4025 177 4112 cipue
217 4024 414 4110 sepulcrum
442 4026 687 4114 significattt).
746 4030 926 4118 Στυριφαια
965 4027 1043 4092 urbs
1087 4026 1201 4091 eadem

148 4244 196 4312 ιι)
220 4240 470 4316 Κοτεκσιμὴαημεν
491 4241 559 4300 ὅσον
582 4247 677 4313 στίλην
699 4243 845 4315 Aristoph.
870 4244 989 4298 ιοιιεεεε
1015 4261 1072 4300 non
1095 4209 1200 4302 ιιιιιιιιι

941 4328 962 4393 9
970 4330 984 4361 ¹!
