2736 4778
389 328 455 394 Du
473 323 758 393 PAREOTASI,
791 327 881 397 Ο.ΙΙ.
904 331 974 415 ςε2.
1164 335 1240 405 415

127 515 193 582 leni
212 536 273 602 pro
296 510 406 593 α’μμα,
430 509 565 594 duoque
586 509 627 575 ab
648 511 818 596 Hesyohio
837 523 870 577 et
883 513 963 578 EM.
981 508 1137 577 Μετ’
1120 510 1242 593 αενμός

127 614 164 684 τὸ
189 619 321 698 πνεῦμα
344 620 379 677 et
400 633 508 694 αετμα
531 600 662 727 γλόξ
640 634 661 696 η
683 615 831 695 πνεῦμα,
861 621 1034 699 utrumque
1060 612 1241 680 abeodem

124 707 279 783 verbo'‘
252 737 307 782 αα
335 706 473 775 unde
455 709 574 793 ατμός,
601 720 670 775 tum
692 709 736 776 ab
757 713 906 780 obsoleto
930 713 1015 781 δέλω
1043 715 1159 800 δεῖλαρ
1186 715 1242 799 (ut

125 813 192 882 ἔδω
214 807 328 898 εἶλαρ)
353 822 387 877 et
408 811 525 897 δέλεαρ
547 832 621 877 oum
639 811 739 879 verbo
761 810 917 896 δελεάζω,
941 817 1067 893 anuos
1085 812 1192 882 πυτλα
1209 825 1243 880 et

123 912 257 981 ποετία.
288 910 499 996 Αάγθοῐὶνιιω
520 909 666 999 στυφλός
687 923 720 980 et
742 914 1017 1000 στοφελοςΡεοΗ.
1030 916 1102 981 141.
1125 915 1242 981 eodem

123 1015 201 1082 loeo
222 1013 411 1080 habendum
432 1034 498 1098 quo
522 1034 608 1097 quae
630 1011 669 1078 0.
691 1014 719 1078 Ι.
742 1017 768 1099 ξ.
789 1014 818 1078 1.
841 1014 935 1100 attigi
956 1015 1240 1104 οιφλόςελαίπα-

125 1119 187 1192 λος
208 1128 269 1180 eto.
313 1114 376 1179 His
405 1113 584 1179 succedunt
616 1114 751 1201 propria
770 1112 931 1200 Ἅρπυιαι
956 1117 1015 1185 καὶ
1039 1118 1241 1203 πλεονασμῷ

119 1213 300 1300 Ἀρεπυῖαι
330 1214 409 1298 (hoo
438 1213 693 1297 ascensuum
724 1215 799 1293 138,
835 1215 888 1280 20.
913 1219 1144 1299 Τελεμιοσεῖς,
1174 1238 1240 1302 quo

124 1313 367 1401 Aristophanes
394 1315 430 1379 in
458 1315 602 1380 numeris
629 1338 708 1381 usus
728 1319 787 1382 'est
815 1317 1046 1403 anapaesticis,
1074 1319 1240 1400 Βελέμινα

125 1416 226 1481 Ρεαε.
241 1413 332 1483 urbis
347 1438 468 1481 nomen
484 1438 569 1501 quae
586 1415 664 1482 alibi
676 1416 823 1502 Βέλβενα
839 1428 974 1484 vocatur
987 1418 1088 1485 Proll.
1110 1419 1174 1483 222
1189 1440 1239 1503 sq.

125 1516 283 1584 Proximo
303 1516 377 1583 loeo
403 1516 595 1583 eolloomda
616 1529 693 1583 sunt
718 1516 878 1584 voeabula
901 1540 987 1603 quae
1016 1541 1091 1584 eum
1113 1518 1240 1585 deriva-

127 1618 216 1684 tione
247 1618 386 1704 figuram
413 1631 555 1695 mutant,
575 1614 671 1706 ἀλκή,
694 1610 820 1701 ἶν’λκαρ,
849 1612 991 1706 α’λκτήρ,
1022 1616 1179 1686 ἀλαλκεῖν
1208 1630 1241 1685 et

127 1712 268 1800 ἆλὲκειν,
290 1714 433 1799 ἀλέξειν,
457 1711 574 1805 ὅργοεα
599 1728 632 1783 et
664 1711 810 1804 ὀρέγειν,
852 1718 1046 1803 quibuscum
1068 1722 1240 1786 Buttman-

127 1843 189 1887 nus
211 1821 295 1887 Lex.
317 1823 344 1887 I.
367 1821 420 1886 47.
448 1830 482 1886 et
509 1818 582 1884 289.
628 1817 929 1891 Gramm.,ll.106.
961 1813 1061 1906 ἄλγος
1081 1834 1115 1888 et
1133 1815 1239 1906 ἀλέγω

129 1921 254 1988 eoniert
275 1922 335 1988 sed
357 1932 464 1987 utrum
488 1919 616 2009 epsilon
637 1919 785 1985 additum
800 1921 843 1984 sit
858 1945 900 1986 an
913 1922 1094 1987 detractum
1110 1923 1241 1988 deoerni

129 2043 230 2108 posse
256 2033 367 2109 negat.
411 2024 532 2090 Verum
560 2014 691 2088 ἀλένενν
716 2021 859 2105 antiquis
887 2023 1038 2106 ignotum
1062 2022 1165 2088 fuisse
1193 2025 1241 2088 vi·

131 2123 225 2188 detur
242 2147 273 2190 v.
296 2122 423 2189 Teohn.
443 2124 496 2188 57.
519 2142 628 2205 neque
650 2121 813 2201 invenitur
833 2122 915 2187 haee
936 2123 1058 2189 vocalis
1085 2123 1148 2188 nisi
1168 2137 1243 2191 anto

128 2211 314 2304 ξ’Άλεξις,
339 2217 513 2303 Ἀλεξίων,
552 2243 637 2307 quae
669 2220 775 2287 lenius
809 2234 927 2288 sonant
958 2247 1057 2308 quam
1091 2223 1242 2305 ἔπαλξις,

121 2318 271 2401 Ἀλξίων.
314 2323 409 2389 Idem
436 2346 469 2409 p.
493 2322 565 2389 167.
593 2321 634 2388 ab
663 2321 737 2391 ἔπω
760 2323 920 2408 gradatim
946 2325 990 2388 ad
1017 2321 1132 2403 ἔμπω,
1167 2325 1243 2391 hine

131 2423 177 2488 ad
203 2422 355 2489 usitatum
382 2423 491 2491 ἐνέπω
514 2446 705 2509 processum
734 2446 806 2490 esse
835 2425 948 2493 statuit
975 2424 1186 2509 similiterque
1209 2449 1243 2511 p.

130 2525 205 2591 314.
226 2517 348 2611 ἤνεγκα
371 2523 414 2588 sd
437 2546 592 2610 praesens
618 2524 702 2611 ἔγνω
724 2536 865 2604 revooat,
887 2522 1037 2613 ἐνήνοχα
1051 2526 1095 2590 ad
1113 2539 1244 2593 auctum

131 2625 248 2704 ἒνένω,
282 2625 373 2710 quod
412 2625 509 2690 etiam
540 2638 684 2692 veterum
715 2626 864 2692 nonnulli
900 2625 1060 2709 adjectivo
1094 2625 1244 2717 δαγνεκὴς

131 2735 339 2812 praestruunt
357 2726 438 2792 EM
461 2726 534 2802 274,
554 2726 603 2792 19.
622 2721 768 2814 Ἀφελὴς
789 2727 843 2794 hio
860 2727 949 2792 idem
971 2726 1012 2792 ab
1035 2720 1170 2817 ἀφελεῖν
1190 2751 1243 2797 re·

131 2828 224 2914 petit,
245 2827 461 2894 Ruhnkenius
483 2850 560 2893 vero
582 2829 625 2893 ad
647 2827 732 2894 Tim.
744 2829 817 2894 270.
840 2851 916 2894 eum
932 2824 1244 2917 ‘pstiocwsitsrio

131 2928 351 3015 compositum
371 2939 480 3014 putat3
500 2938 534 2994 at
557 2928 668 2996 SehoL
688 2929 791 2995 Arist.
814 2930 902 3014 qu.
924 2929 998 2993 954.
1020 2950 1094 2993 oum
1116 2926 1245 3007 ἁπλοῦς

132 3028 299 3094 eonsoeiat
321 3039 356 3095 et
377 3027 419 3093 ab
441 3028 506 3094 boe
534 3030 631 3094 etiam
652 3029 835 3115 Sopingius
860 3029 904 3093 ad
927 3030 1010 3093 Hes.
1041 3050 1068 3092 s.
1086 3021 1245 3109 Ἐπιβλαλ

131 3127 213 3192 illud
233 3142 345 3194 natum
367 3129 561 3215 suspicatur,
582 3129 616 3194 id
637 3130 728 3215 quod
749 3129 792 3193 ad
814 3128 1084 3215 significationem
1103 3127 1244 3193 maxime

133 3230 293 3307 convenit,
317 3230 376 3295 sed
400 3231 552 3316 analogia
575 3252 642 3295 non
665 3241 857 3316 praestatur.
898 3230 1057 3314 Ejusdem
1079 3229 1168 3296 modi
1195 3240 1246 3295 est

132 3330 303 3416 Apollonii
325 3332 513 3416 oonjeetura
534 3332 575 3397 de
596 3332 684 3397 Adv.
705 3331 779 3397 554.
808 3335 856 3419 τῷ
878 3325 959 3419 ἀκήν
979 3326 1184 3416 παράκειται
1204 3329 1245 3397 τὸ

133 3423 239 3497 ἀκέων
266 3428 509 3514 μετατεθέντος
529 3437 590 3498 τοῦ
610 3459 630 3522 η
653 3431 702 3513 εἷς
724 3461 752 3501 ω
774 3431 833 3498 καὶ
862 3429 1113 3507 πλεονάσαντος
1135 3436 1194 3498 τοῦ
1217 3455 1244 3511 ε,

131 3527 230 3597 τόνου
264 3527 476 3616 ἐγγενομένου
506 3554 684 3614 μετοχικου
717 3533 776 3599 διὰ
810 3532 866 3597 τὸν
898 3530 1002 3598 τύπον
1036 3528 1128 3597 καθὸ
1160 3528 1247 3610 τινὲς

134 3624 295 3718 (γήθησαν
315 3630 355 3695 τὸ
376 3626 457 3717 χρήν
477 3625 590 3713 χρεών.

219 3735 245 3816 ξ.
266 3732 299 3796 2.
342 3732 414 3796 Has
443 3732 610 3818 angustias
640 3731 763 3819 egressi
796 3731 980 3797 accedimns
1014 3731 1058 3796 ad
1086 3731 1247 3798 satalexes

133 3832 315 3899 mutabiles.
359 3834 486 3899 Harum
510 3833 593 3900 aliae
624 3831 803 3919 generatim
834 3832 1069 3919 comprehendi
1098 3840 1247 3918 possunt,

135 3934 218 3999 aliae
246 3955 313 3998 non
347 3931 468 3999 habent
496 3933 661 3999 definitam
700 3932 843 4019 aliquam
868 3934 1067 4031 regionem
1100 3932 1249 3997 Primum

133 4035 243 4100 locum
271 4033 419 4100 obtinent
451 4033 584 4100 nomina
613 4032 797 4099 verbalia
788 4057 823 4099 ια
848 4059 908 4121 της
940 4045 973 4098 et
1003 4059 1067 4110 τας.
1108 4027 1164 4098 Ἐκ
1188 4036 1249 4099 τοῦ

137 4140 238 4223 μῆτις
259 4135 384 4220 γίνεται
404 4132 545 4225 μητίτης
567 4159 623 4200 και
615 4134 846 4221 πλεονασμῷ
870 4160 931 4202 τοο
953 4161 968 4200 ε
988 4132 1146 4219 μητιέτης
1166 4132 1248 4201 ΕΜ.

134 4235 208 4315 585,
232 4237 263 4301 5.
307 4236 417 4323 Epim.
433 4236 461 4301 Ι.
483 4229 597 4353 27οΠ
580 4259 648 4301 απο
674 4240 734 4302 τοῦ
756 4232 895 4319 μητίτνγς
916 4234 1046 4320 γέγονεν
1070 4260 1090 4322 νγ
1079 4228 1248 4327 ‘sinuavi
