2736 4778
208 365 264 430 DE
288 365 531 446 SYNAERESL
555 364 753 432 DIAERESI
775 373 834 434 etc.
867 368 900 433 P.
912 368 936 433 1.
960 368 993 434 (i.
1004 369 1030 434 1.
1053 371 1079 454 ᾖ.
1096 370 1120 434 l.
1183 367 1219 434 11

107 531 146 595 de
168 529 217 595 his
240 530 304 595 alia
324 529 450 595 exsistit
471 529 692 610 mnhorersia'„
713 535 820 595 utrum
836 531 932 598 Attici
955 528 1126 612 ἀλκαιικός
1147 535 1223 599 scri-

106 634 236 715 riserint,
258 633 342 714 quod
363 631 560 714 Phrynichus
579 650 730 715 expresse
752 631 898 714 affirmat
921 653 961 699 an
983 641 1020 700 ut
1039 635 1224 718 plerumque

107 736 263 815 scribitur,
287 731 453 814 ἀλκαϊκός
496 734 580 801 Illud
600 734 735 801 fortasse
757 737 919 818 proprium
939 736 1000 804 fuit
1013 739 1224 805 reterislitti·

107 840 210 915 cismi‚
244 839 379 905 alterurn
407 839 522 906 aetatis
544 838 735 905 delicatioris
755 839 890 905 dumam
911 841 1067 907 vocalium
1088 844 1135 910 si
1151 858 1224 907 con·

108 959 235 1008 cursum
256 939 413 1023 fugientis.
457 940 657 1009 Hermsnnus
680 942 721 1007 ad
742 941 846 1009 Nubb.
864 941 925 1008 821
950 944 1028 1008 nihil
1050 944 1222 1010 decernere

108 1044 214 1123 audet,
236 1045 293 1110 sed
315 1045 385 1126 ipsa
406 1046 438 1110 in
460 1045 537 1111 urbe
559 1045 756 1111 Athenarum
778 1045 857 1110 alios
880 1046 958 1111 haec
980 1046 1073 1113 aliter
1087 1065 1224 1129 pronun·

107 1147 205 1214 tissse
227 1147 414 1229 suspicatur.
458 1147 507 1212 De
529 1147 721 1229 diphthongo
745 1150 778 1217 {1
798 1154 921 1214 certum
947 1154 999 1215 est
1025 1150 1109 1232 quod
1134 1150 1226 1216 modo

108 1249 188 1329 dixi,
211 1268 311 1332 eaque
334 1270 403 1317 non.
418 1252 519 1333 mams
545 1251 691 1317 convenit
719 1250 882 1316 adisctivis
908 1252 941 1315 in
962 1252 1225 1331 ‚Tofbxeuntibus

106 1349 268 1421 κάλλαιον
289 1353 466 1437 solidibus
493 1360 567 1434 eta,
601 1354 689 1419 cuius
718 1355 842 1434 generis
869 1373 967 1420 unum
988 1354 1109 1438 profert
1130 1355 1226 1433 schol,

108 1455 189 1521 Victa
211 1454 248 1521 ll.
269 1455 349 1521 XIII
370 1455 434 1523 612
457 1452 570 1534 ἒλᾶϊος
594 1457 687 1542 παρὰ
702 1456 753 1522 ’τὸ
776 1454 872 1523 ἐλαία
902 1456 956 1523 καὶ
978 1455 1121 1536 druensis
1142 1454 1226 1545 iop-

108 1561 196 1647 ρέθη
223 1559 299 1631 τὸ]
327 1554 373 1639 ὡς
400 1557 601 1649 Πειραΐδης,
632 1555 817 1646 Minoidos,
850 1559 901 1624 cui
933 1560 1035 1625 simile
1065 1558 1227 1628 Φιλαΐδαι

108 1664 220 1731 demus
241 1663 374 1730 Atticus.
418 1663 456 1729 ln
477 1680 556 1745 pure
582 1662 761 1729 terminatis
793 1660 915 1727 nullum
947 1664 1047 1745 serpit
1079 1663 1226 1729 disstssis

108 1768 258 1835 indicium
279 1772 408 1849 praeter
429 1766 699 1848 quadrisyllabum
724 1763 888 1854 Θηβαΐαι,
921 1765 1006 1846 quod
1026 1766 1227 1833 Hermannus

109 1871 158 1938 bis
189 1872 223 1937 in
244 1870 435 1952 tragicorum
456 1868 599 1935 versibus
622 1869 788 1952 strophicis
811 1869 911 1935 edidit
932 1869 973 1933 ad
993 1868 1132 1935 Phoenn.
1155 1868 1226 1936 665.

110 1974 137 2039 Α
159 1959 345 2052 nominibus,
368 1989 449 2053 quae
466 1971 561 2052 alpha
582 1972 710 2053 longum
731 1971 948 2053 inpenultims
958 1973 1127 2052 continent
1149 1973 1228 2039 haec

107 2078 202 2143 litera
242 2078 425 2157 incorrupta
454 2074 583 2141 transit
624 2074 666 2140 ad
698 2073 921 2156 andronymica
959 2074 1033 2139 hinc
1081 2075 1224 2141 derivata

103 2175 330 2266 Ἀρχιλαΐδας,
365 2176 594 2255 Nesoi-uidae,
630 2177 688 2242 sed
718 2177 829 2242 eadem
858 2177 1054 2243 contrahitur
1075 2174 1227 2265 Νικολᾴ-

109 2285 171 2361 δας
204 2300 275 2349 cum
296 2280 455 2348 deminino
482 2281 606 2347 numeri
637 2279 769 2362 pluralis
792 2282 982 2369 Νικολᾷόες
1009 2280 1042 2345 in
1064 2278 1226 2345 Mathonis

111 2385 235 2468 Fragm
267 2405 297 2467 p.
318 2381 382 2450 497
411 2383 446 2450 T.
464 2383 533 2463 lv,
570 2383 655 2466 quod
687 2383 761 2448 olim
799 2380 1000 2462 Νικολαΐδες
1032 2382 1229 2449 scribebatur

111 2493 375 2567 contremetrum,
397 2505 481 2553 nnnc
502 2489 547 2553 sis
569 2491 606 2552 ut
627 2482 752 2574 ἐλᾷδες,
776 2487 992 2575 Κωπᾷδες“).
1020 2485 1229 2553 Mascrdinum

108 2588 308 2676 Ἀγελάὀας,
337 2591 403 2655 siue
433 2608 504 2655 cum
526 2587 608 2667 λαός
629 2589 835 2671 compositum
858 2594 907 2655 est
927 2593 965 2654 ut
980 2585 1142 2674 Ἦγέλεως
1163 2589 1229 2655 sive

47 2688 49 2692 ’
111 2712 183 2761 curn
193 2693 307 2759 Dorico
330 2690 410 2760 λαία
433 2694 452 2758 i.
473 2712 503 2775 q.
526 2691 611 2771 isio,
632 2692 716 2758 unde
727 2691 889 2758 Minervae
900 2692 1062 2775 epitheton
1084 2686 1228 2776 ἀγελείη,

111 2802 197 2863 certe
219 2797 285 2862 iota
294 2802 408 2862 natura
429 2797 560 2863 insitum
569 2796 667 2863 babet
688 2795 745 2861 sed
766 2794 974 2861 inscribendo
988 2796 1176 2878 neglectum.
1191 2829 1226 2841 -

111 2886 280 2965 Nominum
312 2900 344 2964 in
377 2902 432 2984 ,ἧς
464 2900 646 2965 exeuntium
678 2915 821 2963 normam
848 2897 1012 2962 constituit
1034 2896 1229 2979 Stephanus:

108 2996 329 3089 Ἀμυκλαΐτης
341 2997 385 3079 ὡς
401 3000 579 3089 Θηβαΐιης,
604 3000 776 3081 eodemque
790 2999 883 3065 modo
895 2994 1231 3087 scribuntur'h'la'lzpc

111 3102 322 3190 χαμελαΐιης,
345 3104 459 3186 quibus
481 3104 644 3169 dissonum
666 3097 863 3188 σπηλαιίτης
884 3119 967 3167 nune
982 3108 1157 3171 correctum
1172 3109 1230 3169 est

112 3208 183 3275 Iota
214 3212 396 3275 constanter
432 3207 616 3289 producitur
652 3195 712 3270 nec
743 3202 908 3283 ferendum
948 3205 1033 3287 quod
1065 3205 1230 3271 Jacobsius
1280 3198 1283 3203 ’

113 3311 207 3400 Anih.
218 3311 299 3377 XIII
312 3309 352 3375 18
373 3303 447 3390 pro‘
458 3306 598 3376 Υλαΐδαι
609 3310 766 3393 βασιλῆες
786 3308 861 3390 poni
882 3307 982 3374 voluit
1000 3303 1229 3391 ²Aparusirsisas,

113 3414 170 3479 sed
190 3419 335 3497 praestat
351 3405 563 3494 ‘Ysasisaffll
585 3410 635 3476 uel
653 3404 833 3478 Ὕλλιᾶδαι
855 3410 889 3475 id
910 3415 961 3476 est
979 3410 1168 3477 Heraclidae
1190 3409 1230 3476 ab

106 3513 232 3594 Ὕλλος
254 3514 445 3582 denominati
467 3517 504 3579 ut
525 3511 714 3580 Bassaridas
735 3531 756 3579 a
776 3509 915 3590 Βάττος.
946 3548 982 3562 -
1034 3512 1072 3578 In
1094 3512 1230 3578 decina-

112 3621 197 3685 tione
219 3605 375 3700 nusqua'm
408 3617 450 3682 ad
472 3617 653 3700 synaeresin
674 3616 850 3682 recurritur
878 3621 968 3681 extra
989 3615 1111 3682 dativos
1134 3612 1230 3704 γήρᾳ,

113 3722 195 3810 κέρᾳ
218 3729 287 3801 etc,
310 3721 349 3786 de
371 3720 486 3803 quibus
507 3721 540 3786 in
562 3718 695 3785 Dissert
719 3719 759 3785 de
781 3719 917 3801 hpocop.
939 3736 1007 3801 cap.
1029 3718 1058 3785 V
1080 3719 1107 3803 §-
1133 3719 1159 3785 l.

181 3996 209 4063 8)
225 3995 393 4067 Ἀμυκλᾶδες
410 3995 547 4050 Belsksrus
567 3994 648 4049 edidit
663 3997 691 4047 in
709 3996 838 4051 Pou.v11
855 3995 899 4059 88,
917 3994 952 4050 sl.
968 3995 1066 4047 Buttm.
1084 3993 1116 4047 T.
1126 3992 1153 4044 ΙΙ
1171 3992 1232 4048 131.

113 4086 165 4138 Pro
185 4080 359 4152 ἇμυκλαΐζων
375 4078 558 4135 Theosr.'X11
578 4081 609 4136 13
626 4083 741 4137 Meinek.
760 4084 866 4149 scripsit
889 4074 1081 4148 ἅμυκλαῒάζων
1099 4096 1159 4132 cum
1178 4080 1232 4134 dis·

114 4173 178 4224 stari
195 4188 227 4224 ex
245 4163 428 4238 iussissetis,
447 4167 518 4236 quod
536 4171 559 4220 si
575 4169 714 4236 legeretur,
734 4169 868 4222 consimile
885 4158 1232 4232 rorstnov'ialoyavrmdco.

182 4271 208 4337 ο)
230 4271 336 4326 osma
352 4270 421 4340 paor
436 4270 561 4324 saraam
578 4271 706 4338 maa
722 4271 797 4324 msa
811 4265 961 4321 ‘marusa
989 4269 1030 4322 ra
1048 4269 1131 4322 aum
1147 4269 1232 4335 sm
1272 4249 1280 4258 “

119 4354 255 4413 rescissi
270 4359 364 4427 dispar.
382 4359 411 4411 s'n
430 4356 511 4411 Pron.
529 4355 582 4412 170
597 4371 638 4410 ss.
937 4350 950 4383 ⁴
