2736 4778
181 334 259 410 2⁰2
544 322 863 395 DISSERTATIO
896 324 926 390 1.

183 513 284 581 Ther.
303 535 335 580 ν.
353 514 406 580 28.
432 513 531 596 χυτὸν
551 509 730 597 pomnen
758 507 811 578 ἄν’
838 503 944 590 άλσος
972 510 1144 597 διζάμινοι
1170 517 1301 604 χλωράν

102 675 105 678 .
182 613 322 702 σπέρμα
337 617 453 700 λαβεῖν
469 614 642 702 μαράθου,
662 612 873 698 similiterque
882 611 1058 678 Lueretius
1069 610 1115 680 ll.
1126 614 1199 682 596.
1221 618 1300 704 pai.

182 719 242 784 dm
259 718 398 801 frondet.
441 715 498 784 Sic
517 715 616 782 clim
636 711 773 801 νὴχυτος
794 707 859 802 άήρ
881 712 998 796 Quint.
1015 713 1043 780 Ι.
1064 714 1140 782 417.
1165 719 1242 784 lwt't
1269 729 1303 786 el

182 819 332 903 diffussst's
359 822 466 885 estber
490 816 592 883 Lucr.
624 817 668 884 V.
693 804 769 880 408.
802 813 941 903 νήχυτος
970 809 1080 903 ὄρφνη
1112 815 1302 903 Apollines.

182 916 305 984 Psalm.
326 917 369 984 L.
391 917 452 986 IV.
475 917 526 983 10.
550 914 729 1003 φθιμένων
756 912 939 1003 insanimus
964 915 1060 1002 δῶρα
1083 914 1192 1004 Orpb.
1214 918 1302 1004 Arg.

183 1019 219 1086 iu
240 1030 291 1086 est
313 1016 409 1101 χοαί,
439 1019 569 1104 alisque
597 1016 842 1105 praepositione
869 1025 1000 1081 suctum
1029 1013 1165 1097 ζάχυνος
1187 1016 1302 1085 Noun.

183 1120 287 1187 xlx
308 1119 383 1186 345.
412 1120 538 1204 (omiss.
561 1119 677 1204 Thes.)
727 1117 796 1186 Sed
821 1129 896 1184 sntc
920 1118 1163 1185 Alexandrinos
1191 1133 1303 1187 tamen

185 1233 302 1310 poetas
331 1242 440 1306 neque
464 1218 603 1310 νήχυνος
627 1220 804 1307 reperitur,
833 1241 941 1306 neque
969 1220 1059 1284 aliud
1081 1243 1201 1287 nomen
1226 1243 1303 1288 cum

185 1323 249 1390 lsao
276 1323 436 1411 porticuls
460 1345 654 1389 connexum.
697 1321 784 1387 Nam
808 1318 957 1409 νηλινής,
983 1320 1074 1406 quod
1096 1321 1207 1390 Schol.
1229 1322 1303 1389 0d.

185 1424 288 1512 XIX.
303 1425 378 1492 494.
395 1447 469 1490 cum
484 1421 621 1511 νήχυιος
635 1421 819 1500 contendit,
835 1443 902 1487 non
920 1421 1200 1514 πολυαμάρτηνος
1216 1424 1306 1489 velet

187 1528 248 1593 sed
265 1521 498 1616 ἀναμάρτητος
513 1549 544 1590 v.
557 1525 659 1591 Proll.
671 1524 745 1591 377.
765 1533 799 1589 et
818 1523 979 1610 νήποινσς
997 1545 1065 1589 non
1084 1523 1304 1602 πολάποινος,

186 1638 224 1693 ut
250 1625 597 1695 soh01.0d.1.380.
624 1625 741 1702 trudit,
771 1625 832 1690 sed
860 1617 1080 1711 ἇνεκδίκητος.
1127 1625 1207 1691 Duo
1236 1623 1306 1689 alia

187 1728 281 1794 addit
307 1727 419 1794 Gloss.
448 1727 494 1790 ad
517 1726 686 1813 Lycophr.
712 1748 743 1790 v.
769 1727 798 1791 1.
829 1728 995 1811 νητρενῶς
1024 1723 1230 1805 ἕπιτανικῶς
1257 1723 1306 1804 ὡς

188 1828 226 1894 τά
247 1826 385 1915 νήχυιος
403 1826 458 1893 καὶ
475 1823 630 1914 νήδυμος.
663 1828 787 1894 Verum
804 1821 961 1913 νητρεκὴς
979 1846 1046 1890 non
1064 1846 1105 1890 ex
1122 1825 1308 1914 νηατρενὴς

188 1928 406 2017 compositum
429 1938 479 1994 est
506 1929 567 1994 sed
594 1949 635 1993 ex
659 1926 787 1993 duabus
814 1935 941 1991 constat
967 1925 1114 2011 partibus
1139 1938 1176 1991 ut
1201 1946 1306 2011 syno-

187 2050 311 2117 nymon
325 2024 476 2116 ἀτρεκής.
510 2029 686 2117 Νὴδυμυς,
704 2027 794 2114 quod
811 2027 866 2093 ille
881 2048 942 2113 pro
958 2027 1144 2113 praedulcis
1164 2027 1304 2114 accepit,

189 2154 288 2217 quam
316 2131 459 2217 incertae
490 2130 533 2195 sit
563 2129 853 2217 interpretationis,
887 2129 1030 2217 explicui
1060 2129 1124 2196 alio
1155 2129 1230 2195 loco
1261 2128 1307 2194 de

188 2231 321 2299 Prosth.
338 2231 484 2298 Conson.
507 2254 535 2296 c.
547 2231 626 2299 Vll.
648 2254 681 2296 n.
698 2230 763 2297 DL
807 2232 886 2299 Jam
907 2253 1009 2296 unum
1029 2240 1130 2296 restat
1151 2226 1306 2317 Νηλιμής

190 2331 392 2421 φροντιστής
419 2333 501 2396 Hes.
529 2332 583 2396 cui
612 2333 658 2395 H.
681 2330 869 2419 Stephanus
896 2353 964 2397 non
991 2331 1110 2418 injuria
1138 2329 1309 2396 substituit

190 2427 425 2522 ἀφρόντιστος.

275 2533 388 2599 Tertia
409 2533 690 2620 praepositionum
713 2531 936 2619 epitaticamm
962 2532 1075 2598 sedem
1099 2534 1306 2620 inexpugna-

189 2633 288 2699 bilem
314 2633 413 2698 habet
441 2635 476 2698 in
502 2634 662 2719 adjectivo
686 2633 857 2721 δαφοινάς.
900 2634 985 2699 Nam
1013 2635 1055 2699 de
1078 2631 1217 2713 δάσκιος
1235 2635 1308 2720 jum

190 2745 335 2799 veterum
361 2735 509 2800 nonnulli
536 2736 571 2800 in
600 2735 744 2800 diversas
771 2733 881 2799 abiere
909 2743 1035 2820 psrtcs:
1064 2731 1216 2812 Δάσκιος
1243 2733 1309 2822 bip

191 2829 211 2918 ἡ
235 2833 310 2899 λίαν
334 2835 479 2924 σκιώδης
505 2831 526 2924 ἢ
548 2833 728 2914 ossismos
756 2833 867 2902 Schol.
894 2835 967 2900 AB.
995 2833 1038 2898 ad
1066 2834 1106 2899 Il.
1129 2834 1208 2902 XV.
1231 2835 1307 2901 273.
1324 2892 1342 2915 ,

190 2933 298 2999 Priori
321 2936 539 3024 adstipulatur
558 2937 639 3002 EM.
655 2936 729 3014 248,
745 2935 797 3000 50.
823 2935 950 3023 Tryph.
966 2936 1008 3001 de
1022 2935 1117 3001 Pass.
1136 2939 1162 3021 ξ.
1173 2937 1226 3002 23.
1244 2959 1307 3003 nec

190 3036 357 3102 insolitum
383 3050 433 3103 est
458 3038 590 3125 ypsilon
617 3037 850 3124 adjectivorum
876 3038 910 3101 in
928 3023 1179 3116 {sb-exeuntium
1202 3037 1307 3104 omitti

190 3159 220 3204 v.
231 3138 354 3224 Phryn.
366 3140 439 3205 677.
473 3143 599 3208 Vocem
620 3161 767 3206 consona
789 3139 958 3205 adauctam
978 3139 1100 3227 promit
1118 3138 1308 3224 Hesychius

191 3239 264 3320 Δάς
288 3240 347 3307 ἐπὶ
374 3245 433 3307 τοῦ
461 3241 589 3306 πολλοῦ
618 3241 674 3307 ναὶ
697 3239 860 3326 μεγάλου,
893 3264 990 3327 quam
1013 3241 1206 3329 particulam
1227 3263 1307 3327 syn·

190 3341 281 3409 theto
299 3343 482 3429 δαςπλῆιις
504 3339 639 3404 subesse
659 3351 777 3426 putant
798 3342 857 3407 sed
879 3343 1045 3409 intellectu
1062 3341 1145 3419 alio;
1166 3341 1201 3406 id
1221 3341 1307 3407 enim

190 3444 242 3508 vel
264 3438 438 3529 ἄπληστος
457 3440 509 3506 vel
532 3440 846 3523 depompationem
866 3443 1121 3531 interpretantur
1139 3443 1182 3526 (v.
1197 3440 1308 3508 Bach-

190 3565 298 3608 msnn.
315 3544 359 3607 ad
376 3543 459 3629 Lyc.
473 3544 582 3628 1452.)
605 3540 730 3608 ratione
752 3564 859 3623 caeca,
881 3566 959 3612 nam
980 3543 1074 3630 origo
1096 3543 1183 3608 latet
1216 3547 1308 3621 Δας-

193 3641 339 3708 πέταλον
366 3646 580 3731 πολυφυλλον
600 3645 737 3711 fortasse
761 3668 907 3733 syncope
934 3645 1087 3711 affectum
1112 3655 1162 3710 est
1187 3655 1224 3709 ut
1245 3641 1308 3709 δά-

192 3761 300 3807 σκιον·
320 3741 397 3805 alibi
416 3742 628 3830 δασάφυλλον
645 3746 815 3813 invenitur.
852 3749 907 3814 Dc
925 3744 1108 3830 δαρδάπτιυ
1127 3746 1208 3832 quid
1223 3746 1309 3833 Ety-

62 3872 65 3876 ·
191 3842 314 3929 mologi
336 3842 510 3907 commenti
532 3844 597 3909 sint
617 3868 717 3933 supra
737 3847 860 3914 (lictum
880 3855 940 3912 est.
973 3847 1135 3914 Voculam
1151 3847 1204 3932 ζά,
1221 3870 1309 3933 quae

191 3968 265 4012 cum
286 3941 400 4031 viginti
421 3942 608 4011 nominibus
632 3948 782 4038 coaluit,>
800 3948 846 4013 illi
867 3969 934 4013 non
958 3945 1120 4015 diversam
1141 3961 1260 4038 putant
1287 3971 1308 4013 a

191 4044 453 4133 praepositionc;
485 4039 504 4132 ἡ
530 4042 585 4112 διά
614 4043 703 4113 ἔστιν
729 4047 786 4116 ὅτι
815 4046 970 4116 ἐπίτασιν
998 4050 1152 4138 σημαίνοι
1169 4051 1221 4135 ¹⁹)
1250 4049 1308 4117 ναὶ

261 4263 306 4332 ts)
320 4259 466 4322 Διάλιυνοι
486 4268 513 4322 ol
531 4268 755 4337 νηλαυγέσιατοι,
777 4268 825 4321 τοῦ
842 4262 888 4322 διά
906 4264 1036 4329 πολλάκις
1053 4267 1101 4323 lul
1119 4269 1167 4324 τοῦ
1179 4262 1308 4341 μεγάλου
