2736 4778
163 383 205 451 26
541 381 819 450 DISSERTATIO
853 382 907 448 vl.

164 548 391 615 consuetudine
414 547 561 613 convenit
581 545 723 627 Elmsleji
746 545 904 610 sententia
925 545 966 609 ad
988 542 1066 609 Oed.
1079 541 1143 609 Col.
1155 544 1296 625 Argum.

164 669 194 732 p.
215 649 258 717 83
281 651 329 715 ed
352 649 450 715 Oxou.
473 650 700 733 diphthongum
720 651 754 716 in
775 647 959 732 quaestione
974 645 1110 727 positam
1130 645 1162 710 in
1175 645 1297 712 eudem

163 769 240 819 voce
272 770 332 818 neo
367 757 441 817 aute
464 770 633 818 consonam
655 758 741 819 stare
762 769 856 835 posse
877 766 980 831 neque
1006 748 1104 832 (quod
1130 747 1194 813 huc
1216 765 1295 830 pere

164 854 258 938 tinet)
280 867 351 919 auce
372 855 523 936 vocalem,
545 873 644 938 qums
667 849 780 931 ὑϊδοῦς
803 852 1003 918 scribendum
1025 869 1096 917 esse
1122 856 1157 916 et
1176 845 1295 918 cutam

161 974 220 1039 pro
241 951 366 1035 viceour
387 963 421 1023 et
441 954 570 1028 uiidcov.
612 957 672 1023 His
694 958 809 1027 similia
829 954 978 1042 μυιίδιον
1000 960 1033 1021 01
1044 952 1194 1021 derideor
1204 976 1293 1018 mor·

162 1058 312 1123 cartolam
333 1065 416 1126 teste
438 1065 557 1128 carent
601 1061 800 1126 Adiectivum
822 1055 916 1145 γυὸς,
948 1058 1032 1140 quod
1055 1056 1191 1139 Theogn.
1215 1076 1293 1125 oum

163 1155 223 1239 ὑός
245 1163 417 1244 componit,
446 1159 531 1245 e'pud
553 1163 677 1228 Atticos
703 1179 805 1243 neque
828 1160 874 1227 sic
894 1178 998 1243 neque
1020 1161 1112 1225 aliter
1133 1160 1293 1243 scriptum

164 1262 447 1345 deprehendimus
483 1264 722 1331 Substantivum
744 1265 869 1346 generis
891 1263 1011 1342 neutri,
1038 1261 1122 1343 quod
1143 1263 1291 1346 plerique

98 1406 100 1409 .
163 1384 272 1432 omnes
292 1368 450 1450 prototypi
472 1368 541 1434 loco
562 1366 695 1446 habent,
729 1367 796 1432 cod
818 1365 907 1431 Harl.
928 1367 962 1430 in
984 1364 1045 1431 Od.⁴
1065 1364 1110 1429 VI
1134 1361 1197 1429 140
1219 1366 1292 1432 sine

163 1468 229 1533 iota
250 1467 386 1548 exhibet,
409 1464 496 1553 ydor
517 1488 574 1552 pro
598 1467 714 1556 prior,
738 1468 827 1550 cujus
849 1467 982 1534 formam
1005 1470 1180 1547 sequuntur
1202 1484 1290 1533 com·

163 1570 268 1651 posita
290 1565 483 1656 δεξιόγυοος,
508 1567 678 1656 ὗψίγυιος,
705 1566 846 1655 ἔνι’γυοος
866 1574 926 1635 etc.
955 1574 989 1634 et
1009 1567 1106 1633 verba
1117 1567 1292 1636 Homerica

164 1676 287 1756 γυιοῠν,
311 1667 504 1758 ἇπογυιοῦν;
526 1690 597 1738 cum
620 1673 720 1738 altero
741 1690 817 1738 vero
835 1666 1004 1759 ἆμφῖγοος
1026 1675 1206 1736 consertum
1227 1690 1289 1754 pu·

161 1778 257 1854 tatur,
281 1779 314 1839 et
335 1773 383 1851 ad,
397 1772 620 1840 huucmodum
642 1774 738 1840 etiam
755 1773 853 1839 verba
873 1773 929 1838 illa
941 1791 1036 1855 saepe
1047 1774 1287 1856 imminuuntur,
1352 1816 1360 1828 ·

166 1894 194 1940 v.
217 1874 317 1958 Heyu.
340 1876 382 1942 ad
403 1875 440 1942 Il.
462 1875 542 1940 XIII
565 1875 635 1941 147.
671 1877 739 1954 Quo
760 1876 924 1942 intellectu
935 1874 1105 1958 Sophocles
1129 1874 1289 1964 ἀμφίγυοι

163 1977 286 2057 (1110111,
307 1977 458 2062 Elmslejo
480 1979 522 2044 ed
543 1977 620 2044 Oed.
644 1977 677 2044 C.
692 1973 783 2044 1493
797 1980 952 2044 incertum
973 1977 1112 2044 videtur:
1125 1977 1288 2064 fortasse,

162 2080 279 2161 inquit,
313 2078 500 2166 γείτονας
521 2079 692 2166 cipnpioac,
725 2099 839 2164 nempe
857 2081 891 2146 'a
910 2082 1084 2148 masculino
1112 2078 1191 2169 γύης
1219 2085 1287 2150 sire

163 2178 241 2264 γιῖο,
278 2188 373 2265 atoue
405 2184 478 2250 hinc
510 2184 607 2249 etiam
630 2181 745 2250 Graeci
767 2183 960 2266 antiquiores
988 2182 1149 2250 duxerunt
1170 2203 1287 2252 nomen

161 2285 324 2351 nauticum
351 2282 451 2369 γύαιο
478 2285 512 2351 id
539 2291 590 2350 est
617 2283 743 2367 σχοινία
777 2286 817 2352 cd
841 2282 1046 2373 πρυμνήσια,
1079 2305 1161 2369 quae
1188 2288 1287 2354 etiem

50 2431 53 2442 .
163 2383 296 2472 ἀπόγοο
319 2393 353 2453 01
363 2383 480 2475 iniyca
491 2393 644 2454 vocantur
655 2386 752 2469 Suid,
774 2389 852 2454 Hes.
880 2389 1022 2455 Haecin
1041 2390 1152 2476 -γῑῖο
1173 2389 1285 2456 demu-

164 2489 262 2554 tanda
283 2507 353 2555 esse
375 2491 439 2555 iam
467 2490 521 2555 diu
543 2489 629 2555 credi
651 2488 787 2555 desitum
811 2495 874 2569 est,
910 2509 1072 2573 nuperque
1094 2510 1209 2557 novum
1232 2510 1285 2558 ac

163 2593 259 2656 cessit
280 2593 455 2673 scripturae
477 2593 631 2673 pristinae
652 2598 872 2674 argumentum
906 2611 944 2658 ex
971 2593 1089 2659 tabulis
1111 2593 1285 2659 Athenien-

164 2694 246 2758 sium
268 2694 442 2774 navalibus,
464 2694 548 2759 unde
570 2694 749 2760 Boeekhius
771 2696 910 2761 ostendit
930 2697 985 2761 illa
1007 2696 1133 2761 nomina
1147 2697 1284 2778 autqui-

162 2800 214 2861 tus
236 2814 294 2878 per
315 2799 342 2866 οἳ
366 2797 492 2877 scripta
514 2802 743 2878 posteeautem
764 2798 830 2862 iota
851 2797 897 2861 sie
919 2795 1165 2884 ο1ἱοὲστηκῡα
1189 2801 1285 2864 omis·
1306 2836 1316 2855 ι

162 2917 232 2964 sum
255 2915 340 2978 esse,
374 2918 402 2962 v.
430 2896 601 2961 Urlcrmden
626 2898 702 2962 {lber
724 2896 790 2962 ‘dus
818 2898 950 2962 astrache
971 2898 1125 2964 Saewcceu
1154 2920 1184 2982 p.
1211 2900 1284 2980 162,

162 3001 246 3081 quod
267 3001 352 3066 idem
373 3001 515 3084 Heynius
537 3001 557 3066 1.
580 3020 606 3066 o.
629 3002 796 3067 Homerico
812 2996 981 3088 ἇμφίγοος
997 3002 1149 3067 accidisse
1160 3005 1286 3083 putavit

164 3101 353 3190 dcirdtlconpo
365 3126 425 3167 uua
437 3101 587 3188 loquendi
594 3103 722 3166 adolric.
740 3101 1021 3191 Primitivumyoqg
1031 3122 1094 3169 nou
1106 3122 1178 3169 raro
1191 3103 1286 3194 γυίης

168 3206 324 3286 scribitur,
347 3211 381 3270 et
398 3206 431 3270 id
447 3223 571 3287 quoque
590 3204 729 3270 admittit
742 3204 970 3271 Valckenarius
992 3205 1033 3270 ad
1049 3204 1187 3271 Phoaun.
1205 3205 1284 3274 645:

166 3313 311 3388 excepto,
346 3308 379 3369 εἰ
402 3329 511 3370 versuo
540 3305 660 3369 brevem
679 3308 826 3391 postulat
851 3306 1014 3393 syllabom.
1069 3308 1112 3372 At
1138 3310 1285 3390 equidem

164 3408 273 3474 dubito
296 3428 336 3473 au
358 3408 451 3490 longa
473 3403 633 3490 nunquam
654 3412 841 3492 postuletur.
882 3408 996 3473 Brevis
1018 3410 1132 3474 recinit
1153 3430 1191 3476 ex
1211 3429 1284 3493 syn·

163 3510 259 3575 thetis
282 3509 469 3596 τετράγυος,
492 3508 782 3600 πεντηκοντάγυος.
820 3506 905 3598 Γύης
922 3515 1028 3575 auiam
1051 3511 1116 3576 sive
1129 3509 1190 3600 yr‘rp
1213 3530 1285 3578 cum

163 3613 299 3677 neutrali
321 3618 411 3697 γυῖον
432 3620 564 3679 naturae
587 3614 723 3696 quodam
744 3612 868 3677 vinculo
890 3612 1041 3677 contineri
1063 3618 1188 3678 veteres
1211 3631 1285 3678 con·

164 3714 316 3795 sentiunt,
330 3778 334 3794 ,
350 3734 452 3797 neque
474 3734 536 3782 non
558 3717 712 3799 suspicari
734 3716 809 3781 lieet
841 3720 948 3797 partes
977 3717 1045 3796 agri
1072 3716 1215 3797 discripti
1247 3735 1284 3782 ac

164 3817 291 3882 limitati
313 3819 418 3883 vocari
440 3824 514 3904 γυῖα
536 3817 568 3882 id
591 3824 641 3885 est
661 3817 797 3882 mandra
819 3822 945 3883 etcum
967 3816 1193 3899 significatione
1216 3836 1283 3882 cer·

162 3924 215 3984 tae
236 3938 404 3984 mensurae
426 3915 506 4004 γύας
534 3919 659 4006 inperm-
695 3921 860 4002 ipsumque
888 3916 980 4004 γυιὸς
1012 3921 1078 3985 sire
1106 3917 1183 4005 ycdg
1211 3937 1283 3986 cou-

163 4020 337 4086 cedendum
366 4026 416 4086 est
447 4039 503 4102 pro
528 4015 641 4105 ὅγυιος
674 4022 740 4086 sive
763 4017 934 4106 λιπόγυιος
956 4020 1032 4100 dioi3
1067 4022 1106 4087 de
1127 4016 1285 4103 ὖπόγυιος

162 4140 254 4187 nemo
277 4124 437 4202 dissentit,
466 4128 499 4187 01
527 4125 559 4189 id
582 4141 706 4207 quoque
728 4122 896 4191 obliterata
917 4125 1043 4190 notione
1065 4124 1193 4208 propria
1214 4142 1284 4189 sae·

162 4225 290 4307 pissime
313 4228 380 4292 sine
402 4225 468 4291 iota
489 4226 641 4308 scriptum
664 4230 721 4292 est.
734 4263 769 4271 —
784 4226 906 4293 Nomou
928 4229 1095 4311 ambiguae
1116 4227 1284 4310 potestatis

167 4325 276 4392 adiicit
296 4328 451 4394 Arcadius
473 4327 524 4410 97,
546 4327 588 4395 23
621 4327 662 4397 τὰ
695 4328 752 4408 διὰ
780 4333 839 4397 τοῦ
865 4333 917 4400 0ῖᾶ
945 4326 1129 4413 δισύλλαβα
1152 4353 1279 4416 reporre-
