2736 4778
120 377 193 443 -DE
216 376 459 459 SYNAERESI,
482 375 684 443 DIAERESI
704 380 762 443 etc
795 376 882 444 alu
905 375 1007 444 am.
1031 379 1057 464 ἓ.
1070 379 1099 443 2.
1126 376 1186 444 129

72 561 232 608 novamus.
277 542 379 608 Huius
402 541 631 607 inconstantiae
655 559 781 608 consors
803 541 1188 631 οσ1νατ5ααιμέμιησαι,

72 665 133 728 quo
166 646 324 712 Homerus
358 646 456 711 semel
488 646 589 711 utitur
610 647 746 728 integro:
776 641 818 723 ὥς
841 671 903 730 μευ
938 640 990 713 ἀεὶ
1022 646 1191 730 μέμνησαι

72 748 184 837 ένηέος
206 750 242 815 11
264 748 375 815 XXIII
397 747 469 829 648,
503 750 601 815 semel
623 749 802 815 imminuto:
830 750 973 837 μέμνηαι
997 746 1060 817 δ’σα
1084 751 1124 834 δὴ
1149 786 1190 796 -

72 850 244 933 11111442,
278 856 366 918 ciuus
395 853 639 935 discrepantiam
665 853 888 919 animadvertit
909 854 1003 920 schol.
1026 853 1063 918 A.
1087 847 1193 930 οὕτως

73 953 219 1022 ἐνταῦθα
243 957 426 1044 μέμνηαι·
449 957 553 1042 διπλῆ
576 955 637 1042 γὰρ
661 953 819 1056 ἧχρῆιαις,
842 956 1021 1039 significans
1043 961 1100 1021 aut
1114 953 1192 1020 illud

72 1059 238 1146 μέμνησαι
273 1064 329 1123 aut
361 1065 475 1140 quater
505 1060 676 1141 repetitum
709 1052 729 1143 ἦ
763 1053 803 1125 οὐ
829 1048 937 1151 μέμνῃ
961 1057 1033 1141 ὅτε,
1067 1060 1191 1140 dequo

71 1180 183 1227 rursus
206 1163 299 1249 schol.
323 1163 360 1228 A.
384 1163 424 1229 ad
447 1163 506 1229 XV
531 1162 570 1228 18
604 1164 660 1229 διὰ
690 1162 788 1247 aad}
815 1164 940 1253 μέμνῃ
963 1156 1048 1246 ε1χον
1071 1166 1189 1236 πᾶσαν,
1232 1228 1234 1232 ,

72 1269 105 1330 61
126 1265 206 1330 Vict.
230 1260 374 1348 ἀλλαχοῦ
396 1264 433 1331 τὸ
458 1264 584 1344 ένιελές
605 1265 801 1354 ,μέμνηαι
825 1266 898 1336 ὅσα
921 1268 998 1355 aba
1031 1266 1191 1332 -Uberius

70 1388 145 1433 vero
176 1367 411 1435 Choeroboscus
434 1368 496 1434 673
530 1368 566 1436 ἐκ
599 1373 658 1435 τοῦ
691 1371 892 1459 μέμνησαι
926 1365 995 1437 κατ’
1022 1364 1191 1455 ἀποβολὴν

71 1477 130 1539 coi
160 1475 181 1544 E
210 1470 346 1551 ἱωνικῶς
368 1470 510 1560 γίγνεται
532 1470 710 1561 μέμνηαι
734 1473 786 1540 καὶ
810 1473 894 1539 κατὰ
918 1472 1077 1561 συστολὴν
1090 1470 1191 1540 πάλιν

72 1571 212 1654 έωνικιῦς
243 1576 410 1659 μέμνεαι
443 1574 499 1641 καὶ
533 1574 615 1640 κατὰ
650 1579 766 1664 κρᾶσιν
800 1573 933 1663 riccardo
964 1577 1106 1665 μέμνῃ,
1141 1577 1191 1641 6111

72 1678 161 1743 addit
183 1675 366 1766 κάθησαι
390 1674 546 1767 κᾶθηαι
580 1678 635 1745 καὶ
668 1677 752 1745 κατὰ
781 1680 941 1767 συστολὴν
963 1677 1112 1747 κάθεαι
1135 1678 1190 1744 καὶ

73 1783 155 1846 κατὰ
178 1784 295 1866 κρᾶσιν
317 1779 423 1869 κάθῃ
452 1783 507 1848 καὶ
540 1783 629 1864 μένοι
654 1782 692 1849 τὸ
712 1783 736 1851 ἶ
754 1784 1061 1872 προσγεγραμμένον
1083 1776 1191 1865 (ἀνεκ-

72 1881 219 1972 φώιηιον
241 1884 318 1952 dicit
327 1883 398 1950 ΕΜ.
411 1884 483 1950 481.
495 1885 561 1968 32).
605 1886 673 1951 Ηοο
696 1883 787 1974 κάθῃ
810 1893 1004 1968 usurparunt
1021 1886 1190 1967 scriptores
1254 1875 1259 1887 ’

71 2005 134 2051 non
155 1987 377 2068 probatissimi,
393 2008 428 2055 ,1.
452 1989 618 2072 adPhryn.
641 1988 703 2055 359
727 2007 782 2070 sq,
805 1988 941 2055 Meinek.
966 1988 1190 2068 ComFragm.

72 2089 107 2154 Τ.
131 2090 175 2155 IV
198 2089 269 2169 676,
304 2091 366 2172 qui,
401 2091 476 2172 quia
497 2090 556 2157 hoc
576 2091 752 2175 perfectum
779 2092 824 2156 sic
845 2096 882 2156 ut
902 2091 1072 2180 μέμνημαι
1095 2091 1190 2172 signi·

71 2191 248 2258 ficationem
271 2194 447 2274 praesentis
470 2195 600 2277 obtinet,
621 2195 755 2261 formam
778 2211 901 2276 quoque
923 2193 1017 2260 huius
1039 2193 1190 2276 temporis

70 2297 200 2362 induere
224 2296 293 2361 ausi
316 2301 390 2361 sunt
411 2298 581 2365 recidenda
603 2300 725 2384 syllaba
747 2300 809 2368 ἶιὶιῖ.

156 2403 217 2470 ἴαν
250 2399 363 2464 literae
397 2420 457 2466 non
492 2403 748 2485 constringuntur
781 2401 842 2465 nisi
876 2418 932 2482 per
965 2401 1127 2483 synthesin
1159 2401 1191 2467 in

69 2504 252 2585 pronomine
285 2501 432 2569 reflexivo
467 2500 581 2583 αὖισῦ,
617 2508 745 2581 σαυτοῦ,
781 2504 870 2570 cuius
903 2505 1028 2586 generis
1054 2505 1191 2586 primurn

68 2606 227 2671 invenitur
249 2607 333 2687 apud
355 2605 530 2673 Hesiodum
553 2609 733 2691 exemplum
755 2603 867 2695 ἑαυτῇ,
891 2608 975 2688 quod
990 2607 1191 2674 Muetzellius

70 2727 100 2790 p.
123 2707 186 2774 406
209 2715 379 2791 suspectat,
403 2712 575 2791 immerito,
597 2719 635 2778 ut
655 2712 788 2777 videtur.
963 2784 966 2789 ,

156 2812 194 2876 In
225 2831 359 2878 vacuum
391 2816 521 2880 veniunt
540 2817 592 2886 ἐἷ
622 2821 655 2880 et
682 2815 720 2895 H,
754 2833 934 2896 quanquam
967 2832 1062 2896 saepe
1095 2834 1191 2882 causa

71 2913 245 2981 affectionis
266 2916 298 2980 in
321 2917 416 2982 dubio
444 2923 507 2999 est,
541 2918 711 3000 praecipue
743 2918 776 2981 in
799 2917 928 2999 syllabis
955 2918 1189 3000 principalibus.

69 3019 131 3084 Hic
152 3037 243 3085 nemo
266 3024 323 3100 cst,
347 3021 397 3084 cui
419 3039 481 3085 non
503 3021 536 3085 in
558 3026 696 3086 mentem
718 3021 847 3085 veniant
862 3002 1189 3087 verba'ablltticistis

70 3128 139 3187 atro
162 3122 297 3188 carbone
319 3124 521 3214 notatapr'sr,
540 3125 628 3190 πνέει
642 3128 700 3189 etc.
731 3120 793 3187 Sed
813 3122 978 3187 dicendum
1002 3129 1052 3188 est
1073 3125 1191 3206 aliquid

71 3225 110 3289 de
132 3226 310 3291 nominibus
343 3227 488 3308 poeticis,
523 3245 655 3309 quorum
689 3226 803 3308 duplex
830 3227 917 3308 origo
940 3223 1078 3291 affertur.
1122 3226 1188 3290 Nu-

68 3328 186 3393 merale
211 3327 277 3407 ἔεις
300 3329 421 3411 epsilon
444 3349 506 3396 non
529 3349 567 3396 ex
590 3330 726 3395 diaeresi
749 3334 861 3409 ortum,
885 3328 941 3393 sed
962 3328 1190 3419 pleonasticum

68 3431 186 3496 habere
209 3432 409 3498 Herodianus
444 3438 477 3498 et
509 3433 563 3498 alii
596 3431 757 3498 affirmant
786 3433 819 3498 in
842 3432 975 3497 Dissert.
1004 3433 1042 3498 de
1065 3433 1189 3498 Prosth.

69 3554 100 3615 p.
124 3532 165 3599 60
191 3536 351 3617 producti,
386 3535 444 3602 sed
476 3537 571 3603 schol.
594 3536 669 3603 Hes.
693 3535 808 3617 Theog.
833 3533 893 3599 145
929 3533 1008 3614 ἕεις
1038 3532 1109 3603 cinci
1132 3541 1191 3603 τοῦ

70 3626 138 3717 εἷς·
173 3637 244 3706 ἔστι
272 3640 309 3707 δὲ
343 3639 506 3727 διαίρεσις
539 3647 596 3729 τῆς
625 3638 887 3728 περισπωμὲνης·
922 3633 968 3715 εἷς
995 3639 1057 3728 γὰρ
1081 3635 1191 3718 ὀξεῖαν
1263 3623 1272 3635 ’

10 3737 14 3743 ’
70 3743 261 3829 διαιρεῖται,
284 3744 456 3826 eodemque
478 3743 541 3810 fert
563 3743 719 3826 Apollonii
741 3741 899 3807 sententia
920 3741 999 3807 Adv.
1012 3742 1083 3807 557.
1096 3740 1137 3806 26
1150 3744 1189 3823 *a

70 3845 153 3911 Huic
188 3846 289 3912 simile
323 3849 452 3930 apponit
480 3848 575 3914 schol.
598 3845 686 3912 Harl.
710 3843 767 3912 Od.
790 3844 854 3910 XII
875 3843 947 3925 417,
982 3848 1069 3911 cuius
1091 3845 1189 3910 verba

70 3949 230 4032 adscripsi
263 3951 295 4014 in
317 3950 461 4017 Rhemat.
488 3950 548 4016 188
571 3951 642 4015 adn.
667 3950 703 4014 11
730 3949 869 4018 θέειον
905 3949 1114 4030 πλεονασμὸς
1140 3943 1183 4023 ὡς

69 4050 168 4134 ἕεις,
191 4053 248 4118 sed
270 4053 323 4118 alii
345 4055 535 4120 contrarium
559 4054 732 4120 decernunt
743 4048 947 4138 [Patalam
964 4051 1040 4134 sq.]:
1066 4044 1189 4116 Εὐδαί-

69 4182 141 4241 μων
152 4157 242 4245 ιιαρὰ
256 4155 293 4221 τὸ
306 4155 388 4234 θεὸς
401 4156 514 4224 θέειον
537 4157 591 4224 καὶ
604 4153 754 4247 ἀποβολῇ
767 4158 826 4222 τοῦ
842 4153 968 4225 ἷθεῖον
978 4152 1050 4219 ΕΜ.
1057 4150 1129 4218 449.
1138 4153 1189 4233 22,

139 4382 168 4449 ⁸)
185 4403 209 4436 ο.
228 4384 394 4437 &memnon
410 4384 439 4436 t'a
459 4383 550 4436 indice
567 4383 675 4437 celwlcr.
697 4383 797 4450 Grypb.
815 4381 865 4435 bid.
888 4378 994 4447 18111111.
1012 4377 1045 4433 12
1062 4397 1099 4449 eq.

122 4467 238 4518 noceor,
251 4469 337 4513 rumor.
351 4468 378 4508 u.
971 4448 991 4516 9
