2736 4778
88 306 162 379 264
275 352 278 357 -
332 350 338 359 -
379 297 702 367 DISSERTATIO
730 297 778 364 II.
821 297 914 365 1².1.

89 477 1215 571 astlu‚si·oroeps‘o,iocploylo,idars1effecwmessc3idque

89 582 261 649 confirmat
284 583 382 649 etiam
403 580 482 650 seh.
504 582 548 647 ad
568 582 608 649 Il
630 582 710 651 XV.
722 583 796 651 463.
817 578 1024 705 εὑτριφδαξ
1021 576 1085 652 οὑκ
1106 580 1212 672 ἄναγ-

25 749 27 752 ,
90 682 423 755 sarcasmorum
449 703 488 749 α·
516 680 638 805 ὅμριον
657 683 721 807 γὰρ
743 686 791 772 τῷ
813 678 1020 772 ἀμφηρεφέα
1044 707 1082 749 τι
1098 683 1212 775 φαρέ-

87 813 168 876 τρην
200 798 233 853 at
265 785 308 850 ad
336 782 420 850 XII.
448 779 571 848 281!
558 783 656 850 ιατιὺν
685 782 744 850 τὸ.
754 783 943 851 συστέλλειν
970 777 1124 863 αὑιιλτῖας
1153 784 1212 851 ταὶ

82 887 243 964 rit-cailo,
272 906 359 970 quae
382 883 650 948 adnotatiuncula
675 904 716 949 eo
744 891 872 970 spectat
892 903 935 947 na
957 881 1031 967 quis
1055 877 1212 964 εὐκλειεῖς

87 997 123 1052 et
155 987 295 1065 δυςιλεᾶ
326 983 448 1050 scribat
472 1006 563 1050 more
596 983 706 1049 attico.
758 984 888 1049 Novam
919 983 1005 1048 viam
1037 983 1210 1070 ingressus

88 1087 230 1155 Vossius
259 1085 303 1149 ad
333 1086 378 1150 H.
407 1084 443 1149 in
471 1083 547 1151 Cer.
574 1084 649 1149 496.
680 1083 803 1149 hiatum
829 1082 965 1149 elisione
984 1084 1073 1150 levat
1093 1080 1207 1154 sats?

87 1187 237 1253 scribens
269 1197 301 1251 ct
332 1181 493 1264 διςκλεε,
528 1184 589 1250 sod
622 1184 730 1250 hiatus
761 1206 829 1250 non
855 1184 1009 1262 offendit,
1039 1186 1210 1251 Homerus

90 1299 200 1353 autem
220 1281 360 1374 εὐφυέες
382 1284 516 1370 quidem
537 1285 617 1350 dicit
632 1297 665 1350 et
679 1280 807 1374 εὐφυέα
822 1285 882 1351 sed
895 1307 1058 1372 nusquam
1072 1280 1210 1367 ἀκλεέες

88 1383 231 1465 ἂκλτδας
258 1397 319 1452 etc.
350 1386 442 1471 quod
468 1386 600 1451 admisit
623 1385 783 1453 Manetho
812 1387 879 1453 duo
909 1413 945 1455 sa
965 1386 1072 1452 vocali
1093 1387 1210 1453 tertiae

89 1510 297 1577 praeponens
320 1485 454 1566 ἑνδεέας
472 1488 535 1555 IV.
556 1490 609 1554 32.
633 1499 666 1553 et
688 1489 762 1554 340.
806 1487 1013 1554 Accusativis
1035 1485 1100 1553 illis
1121 1509 1209 1553 non·

89 1590 170 1656 nulli
198 1589 325 1656 addunt
352 1589 588 1655 nominativum
616 1588 810 1675 pluralitatia
840 1584 1210 1675 Ι1.111.101.“ημινοι

88 1685 227 1777 ἀκήριοι
249 1683 365 1766 ἀκλεὲς
386 1683 505 1765 αὕτως.
549 1689 636 1753 Nam
656 1688 721 1754 hoc
743 1685 873 1767 ἀκλεές,
903 1688 994 1774 quod
1021 1697 1211 1754 nostrorum

88 1789 239 1874 plen'que
265 1811 326 1875 pro
352 1787 506 1853 adverbio
531 1787 669 1866 habent,
700 1788 901 1875 Apollonius
925 1789 1027 1855 Pron.
1049 1788 1122 1855 118.
1144 1810 1208 1855 no-

88 1888 280 1953 minativum
307 1911 380 1955 esse
408 1888 522 1954 statuit
552 1911 594 1955 cx
623 1885 753 1967 ἀκλεεῖς
773 1911 968 1955 conversum
987 1899 1025 1954 ut
1048 1886 1210 1975 ἐπιτηδές

89 2001 123 2079 et
154 1991 364 2074 παλιμπετές
380 1992 445 2076 ⁴²),
474 1990 555 2057 haec
576 2002 685 2056 autem
707 1990 817 2057 omnia
843 2013 865 2055 a
892 1988 1057 2056 nonnullis
1080 1987 1208 2074 gravari

76 2114 84 2175 j
167 2114 205 2175 ες
237 2102 298 2156 etc.
332 2090 375 2156 ob
409 2114 480 2157 eam
513 2113 645 2158 causam
676 2092 755 2178 quia
786 2090 968 2156 terminatio
998 2087 1139 2157 casualis
1164 2113 1201 2170 ες

40 2180 60 2277 ¹³,
75 2083 222 2307 &mm
241 2203 385 2277 respuat.
431 2193 534 2274 Quod
550 2215 650 2277 quum
665 2193 813 2260 Joannes
836 2213 969 2276 quoque
990 2189 1206 2277 p.15.prae-

55 2364 57 2369 ,
89 2291 191 2377 crpiat
220 2291 279 2356 scd
305 2313 380 2357 cum
408 2293 706 2379 circumscriptione
735 2292 838 2380 χωρὶς
870 2288 902 2358 ιλ
929 2291 975 2379 μὴ
1005 2291 1042 2359 ἐκ
1069 2290 1208 2371 πάθους

90 2389 142 2478 εἴη
171 2390 230 2458 διὰ
257 2390 296 2459 τὸ
324 2389 507 2474 βιοιτλανὲς
535 2393 592 2459 καὶ
618 2393 787 2480 ἐπιιηδές,
813 2393 1044 2458 Herodianum
1072 2414 1208 2478 quoque

90 2490 274 2578 colligimus
297 2485 414 2569 ἀκλεές
441 2513 502 2577 pro
531 2493 637 2577 primo
666 2514 747 2558 casu
774 2492 930 2559 habuisse
957 2493 1017 2559 sed
1036 2503 1207 2560 accentum

89 2615 198 2678 neque
226 2592 261 2656 in
289 2593 577 2677 antepenultimam
601 2594 802 2659 transtulisse
830 2615 937 2678 neque
966 2593 1064 2659 etiam
1089 2589 1207 2671 ἆιλέες

90 2692 277 2778 scripsisse,
311 2692 401 2776 quod
432 2692 618 2759 faciendum
652 2708 722 2760 crat
753 2695 781 2760 si
813 2695 999 2761 admisisset
1026 2715 1205 2782 syncopen.

90 2791 347 2877 Eustachius⁴⁸)
371 2815 447 2859 vero
471 2795 616 2860 diversos
639 2806 788 2862 auctores
811 2817 952 2881 sequens
977 2806 1009 2860 et
1027 2794 1110 2861 hanc
1127 2819 1205 2884 pro·

92 2894 148 2960 bat
174 2904 207 2959 et
235 2918 302 2961 non
327 2894 432 2979 rejicit
459 2897 628 2962 exaeresin
656 2897 768 2963 literae
789 2897 866 2962 iota.
909 2897 981 2962 Nos
1007 2897 1063 2981 qui
1085 2896 1205 2986 ἐπιτρ-

92 2995 148 3077 δὲς
181 3007 213 3060 et
240 2998 452 3081 salutastis
476 2998 629 3065 adverbia
655 3022 728 3065 csse
750 2996 987 3076 consentimus,
1016 3007 1133 3062 neutra
1153 2999 1205 3063 in-

93 3099 252 3186 digemus.
295 3098 438 3165 Duobus
456 3099 520 3165 illis
542 3101 734 3169 accusativis
758 3096 861 3168 ἀκλέα
893 3109 926 3163 ct
951 3099 1088 3176 διςκλιά
1111 3121 1205 3166 aoce-

92 3202 174 3266 dunt
197 3200 262 3266 duo
283 3201 377 3265 aliter
400 3202 591 3286 compositi:
623 3199 774 3288 ὑπερδέα
799 3201 905 3289 δῆμον
928 3193 1206 3284 ὑπερβαλλόντως

91 3299 186 3373 ἐνδεᾶ
209 3297 281 3366 ἀντὶ
301 3304 363 3364 τοῦ
384 3295 551 3384 insparsa
573 3307 724 3389 σι’γκοπῇ
746 3303 826 3366 ΕΜ.
845 3301 916 3379 778,
933 3302 963 3366 3.
984 3312 1017 3365 et
1033 3301 1124 3385 quod
1138 3304 1205 3366 Ar·

91 3401 204 3467 cadius
229 3400 300 3465 196.
326 3398 401 3463 huic
424 3397 573 3484 adjungit
600 3399 638 3466 τὸ
668 3395 814 3482 ὑπερδέα
846 3402 953 3488 δῆμον
979 3403 1037 3469 καὶ
1065 3405 1206 3482 δυςκλὲα

82 3495 210 3586 Ἀργος
243 3501 301 3568 καὶ
327 3500 427 3586 νηλέα
453 3498 563 3584 θυμόν
588 3525 650 3567 ουκ
673 3496 744 3567 ἔστι
766 3499 850 3566 κατὰ
873 3507 992 3617 κρᾶσιν
1013 3497 1098 3570 ἀλλὰ
1120 3503 1205 3571 κατὰ

91 3596 221 3666 ἔνδειαν
242 3605 304 3667 τοῦ
324 3596 440 3678 ἓνδςε.
484 3601 693 3689 Adjcctivum
715 3597 829 3688 νηλής,
856 3602 934 3686 quia
955 3627 1125 3692 syncopen
1147 3627 1205 3692 per

93 3719 205 3766 omnes
228 3721 323 3764 casus
351 3713 524 3786 propagat,
546 3705 610 3770 alio
633 3705 707 3770 looo
726 3702 877 3778 tractavh
901 3716 1032 3789 praeter
1055 3702 1205 3792 ὑπερδέα

92 3824 187 3879 vero,
219 3801 309 3885 quod
339 3799 393 3863 alii
422 3822 495 3866 cum
522 3806 640 3887 δέομαι
662 3806 868 3889 conjunctum
894 3817 1026 3891 putant,
1054 3807 1110 3873 alii
1131 3830 1206 3873 cum

161 3976 209 4045 ⁴2)
225 3973 347 4046 Ἐρίρρες
365 3972 402 4025 ad
423 3971 498 4023 hunc
520 3987 665 4026 numerum
685 3990 741 4028 non
762 3971 927 4029 adscribunt
950 3975 1000 4028 sed
1022 3976 1204 4047 metaplasmo

94 4069 229 4116 excusant
246 4080 271 4114 ι.
285 4056 389 4113 Parall.
405 4055 463 4110 180.

161 4146 207 4215 43)
221 4145 312 4217 Hujus
328 4151 358 4200 et
369 4138 515 4214 Apollonii
530 4140 617 4209 locos,
631 4163 701 4216 quos
717 4144 805 4210 omisi,
825 4145 929 4201 indicat
941 4145 1073 4200 Lchrsius
1088 4145 1204 4210 Quaest.

94 4231 176 4287 Hom.
193 4233 240 4285 130
252 4250 293 4303 sq.
