2736 4778
201 342 273 413 100
564 337 884 406 DISSERTATIO
916 338 946 402 1.
1007 371 1012 387 ι

184 521 372 587 voccasione
391 520 467 584 data
489 543 510 585 a
529 521 719 606 pleonaamo
742 521 961 607 transgrediar
983 520 1027 585 ad
1044 520 1183 607 ellipsin.
1222 524 1311 589 Huic

199 622 283 708 parti
304 621 442 707 primum
462 621 657 688 Euetathiue
678 624 751 700 244,
762 624 815 688 43.
838 622 984 707 assignat
1006 616 1138 708 ciixpua
1159 637 1312 708 tanquam

197 723 417 798 imminutum
445 722 571 810 quippe
598 723 687 788 idem
714 722 801 786 valet
828 719 981 810 καύχιχμα
1001 710 1146 807 Hesych.
1174 734 1213 788 ιιι
1238 747 1310 790 ver-

196 822 312 888 borum
332 844 465 909 quoque
484 823 658 890 declinatio
676 822 808 907 quidem
828 822 956 888 diversa
974 834 1025 889 est
1044 823 1083 889 τὸ
1103 829 1215 911 καυχῶ
1237 827 1312 893 δεν-

195 924 295 1010 τέρας
318 922 389 991 ἐστὶ
410 922 580 1007 συζυγίας,
602 924 641 990 τὸ
664 925 701 990 δὲ
723 917 814 1005 αὐχῶ
838 920 975 1010 πρώτης
996 923 1076 990 ΕΜ.
1098 923 1172 1001 527,
1197 927 1227 989 1.
1250 927 1311 991 sed

195 1022 391 1109 significatio
412 1023 606 1090 indiscreta:
623 1027 817 1106 καυχᾶσθαι
838 1021 912 1090 ἀντὶ
933 1029 993 1090 τοῦ
1004 1020 1124 1106 αὐχεῖν
1141 1024 1311 1111 Πίνδαρος

194 1125 333 1190 Antiatt.
355 1123 460 1190 Bekk.
487 1124 558 1189 102.
585 1145 686 1209 quare
715 1122 779 1188 hoc
807 1145 939 1209 quoque
962 1124 1129 1190 defectivis
1151 1125 1309 1192 adnume-

194 1236 300 1291 ratur:
326 1225 365 1291 τὸ
388 1229 499 1308 καυχῶ
521 1219 727 1314 &tutatast
706 1251 745 1289 σν
768 1225 964 1309 συζυγίας
947 1250 982 1292 εν
1003 1230 1048 1315 τῇ
1073 1220 1228 1315 ἀποβολῇ
1250 1251 1308 1292 του

194 1353 214 1394 κ
194 1315 369 1411 ἐγένετο
399 1320 488 1407 αυχσῖ
518 1321 628 1408 αὐχεῖς
656 1325 784 1401 Anecd.
806 1324 910 1391 Bekk.
936 1326 1029 1391 1152
1054 1348 1193 1410 quorum
1216 1327 1307 1392 alteri

194 1423 403 1512 αὐχηματίας
426 1426 543 1492 subnat
530 1439 598 1492 tum
621 1437 680 1504 est,
703 1426 795 1493 alteri
818 1425 1053 1511 καυχηματίας,
1075 1426 1135 1491 sed
1151 1424 1310 1512 adjectiva

194 1523 327 1616 αὐχήεις
354 1536 387 1592 et
409 1522 572 1609 αὐχαλέσς
597 1529 710 1614 kappa
736 1550 803 1592 non
833 1537 1012 1592 assumunt.
1061 1528 1202 1613 Utrique
1230 1552 1307 1595 vero

192 1627 390 1714 antecedunt
408 1628 542 1693 nomina
562 1624 645 1715 αὐχή
670 1639 703 1693 ει
724 1625 827 1713 καύχη
852 1638 885 1692 et
903 1627 966 1693 hoc
982 1628 1093 1714 potius
1111 1651 1209 1713 quam
1226 1630 1308 1694 illud

122 1785 127 1795 .
193 1751 254 1814 pro
286 1727 483 1813 interpolato
516 1727 628 1794 haberi
659 1739 805 1815 oportet,
839 1729 866 1792 si
895 1727 1053 1793 translata
1084 1740 1160 1792 sunt
1187 1726 1229 1794 ab
1250 1730 1306 1795 illo

192 1838 289 1915 gestu
308 1829 466 1913 eorporis,
488 1850 586 1913 quem
601 1828 722 1895 Graeci
738 1829 871 1914 proprie
889 1829 1059 1914 signarunt
1076 1828 1175 1895 verbo
1195 1825 1307 1912 ὑψαυ-

189 1935 304 2044 χενεῖν,
326 1927 361 1991 id
384 1928 474 2014 quod
495 1927 687 1995 Methodius
709 1929 834 1994 indicat
848 1931 994 2014 quamvis
1010 1931 1137 1997 ratione
1155 1952 1308 2049 perversa

191 2029 225 2093 in
243 2029 322 2096 EM.
348 2029 420 2107 174,
441 2031 494 2095 24.
522 2026 624 2117 αὐχήν
651 2030 747 2114 παρὰ
775 2031 814 2096 τὸ
838 2026 950 2111 αὐχεῖν
971 2030 1029 2097 καί
1050 2035 1203 2119 χαυριᾷν·
1225 2056 1306 2116 χαυ-

190 2134 329 2217 (νιαῖντες
355 2129 418 2215 γὰρ
449 2130 504 2197 καὶ
534 2127 753 2216 ἐπαιρόμενοι
780 2125 992 2212 ἆνατείνσμεν
1017 2126 1132 2197 αὐτόν·
1159 2128 1248 2198 οὕτω
1270 2133 1307 2199 δε

192 2232 374 2318 τραχηλιᾷν
399 2230 491 2308 τινὰς
516 2232 663 2314 λέγομεν.
705 2229 833 2296 Dubito
859 2252 935 2295 vero
958 2253 1037 2294 num
1059 2224 1136 2317 εὐχη
1128 2227 1223 2296 'huc
1245 2254 1304 2317 ap·

192 2330 308 2416 plicari
330 2330 450 2416 possit,
479 2331 569 2414 quod
590 2331 731 2397 intendit
751 2331 862 2397 Schol.
887 2329 986 2395 Pind.
1010 2329 1066 2396 01.
1090 2331 1167 2396 VII.
1189 2331 1300 2396 36.
1266 2357 1303 2398 το

191 2435 383 2514 καυχᾶσθαι
411 2426 482 2498 ἀπὸ
510 2436 571 2499 τοῦ
598 2425 772 2513 εὐχεσθαι,
808 2431 869 2495 etai
900 2430 965 2496 hoe
995 2430 1085 2517 apud
1114 2431 1304 2510 Homerum,

191 2531 248 2617 qui
274 2529 381 2596 verbio
408 2530 646 2618 periapomenie
674 2531 709 2595 in
737 2541 840 2596 totum
869 2531 1027 2607 abstinet,
1058 2531 1190 2616 saepius
1217 2531 1303 2597 hune

188 2632 388 2698 intellectum
415 2630 515 2696 habet
550 2643 583 2697 et
610 2631 652 2697 ab
683 2631 853 2717 Hesychio
884 2653 1016 2716 quoquc
1045 2631 1092 2696 sic
1124 2631 1305 2718 explicatur

189 2728 361 2815 Ε’ὐχεσθαι
382 2736 574 2813 καυχᾶσθαι
596 2728 708 2813 αὐχεῖν
738 2742 770 2798 et
794 2732 836 2797 ab
857 2731 1032 2799 Euatathio
1053 2733 1126 2810 710,
1151 2733 1182 2798 8.
1204 2727 1305 2816 εὐχω-

189 2833 247 2902 λαί
265 2831 302 2900 αἶ
323 2830 507 2919 καυχήσεις.
538 2832 608 2899 Sed
632 2854 776 2918 pergam.
799 2829 886 2899 'And
908 2839 968 2898 τσῦ
991 2831 1103 2908 autito,
1127 2830 1212 2917 ὅπερ
1228 2829 1304 2899 Ἀτ-

188 2932 277 3002 τικοὶ
305 2930 409 2998 καλίω
438 2926 511 2998 εἶτα
538 2934 699 3001 καλινὸῶ·
727 2929 763 2998 ἐκ
791 2930 910 2998 τσύτσυ
933 2933 1018 3000 κατὰ
1045 2928 1218 3020 ἀποβολὴν
1243 2937 1303 2998 τοῦ

187 3023 214 3103 εἶ
236 3030 359 3103 ὐλινδιῦ
386 3031 511 3120 Phryn.
532 3035 626 3121 App.
648 3032 679 3098 5.
715 3034 838 3101 Verum
858 3043 967 3098 tamen
995 3033 1109 3098 eadem
1129 3033 1222 3098 litera
1245 3031 1303 3097 de-

188 3150 239 3206 est
261 3159 444 3223 synonymo
470 3134 613 3213 εὐλινὸιῦ,
636 3135 700 3201 hoc
721 3146 829 3200 autem
849 3133 890 3199 ab
912 3131 990 3201 εἴλεε
1009 3134 1169 3220 originem
1182 3131 1303 3198 habere

80 3323 84 3330 .
187 3248 315 3305 constat
349 3260 380 3300 v.
415 3235 574 3301 Technol.
611 3237 684 3301 205.
723 3247 924 3322 quapropter
955 3256 1008 3299 rea
1043 3235 1085 3299 ad
1115 3232 1301 3320 prostheein

186 3339 292 3424 magia
321 3335 456 3399 inclinat
483 3358 581 3420 quam
607 3336 650 3399 ad
684 3336 887 3421 aphaeresin.
916 3332 1099 3403 Δοάσσατσ
1137 3329 1209 3401 ἀντὶ
1242 3359 1303 3402 τοι

188 3435 377 3505 domincum
408 3428 564 3524 ἀποβολῇ
592 3441 652 3502 τοῦ
676 3462 695 3500 κ
722 3461 767 3514 ως
800 3434 947 3524 ῥαδαλὸν
975 3428 1168 3522 δονακῆα
1151 3459 1223 3501 αντι
1243 3439 1302 3502 τοῖν

147 3598 150 3603 .
188 3534 421 3623 κράόαλοςίθ)
442 3530 663 3621 εὐκράόαντσς
681 3535 759 3603 sch
776 3536 816 3601 Il.
834 3536 936 3602 XIII
954 3535 1029 3601 485.
1061 3535 1123 3599 Illa
1140 3534 1303 3600 Zenodoti

189 3636 348 3722 scriptura
369 3635 446 3712 fuit,
474 3637 526 3700 cui
548 3657 635 3701 nunc
658 3634 799 3724 ῥοδανόν
834 3636 1120 3701 substituttum
1070 3645 1136 3713 est;
1167 3634 1304 3701 alterum

188 3735 362 3826 κραδανόν,
385 3736 476 3820 quod
497 3739 714 3803 Buttmannua
736 3735 953 3821 Aristophani
972 3736 1144 3814 tribuebat,
1169 3737 1302 3803 omnino

186 3861 254 3906 non
280 3835 409 3922 legitur.
440 3872 481 3884 -
509 3838 589 3902 ΕΜ.
616 3836 652 3902 in
677 3837 849 3924 Supplem.
877 3837 1000 3903 Koenii
1028 3839 1071 3903 ad
1101 3839 1203 3924 Greg.
1226 3838 1302 3904 446.

187 3936 329 4023 ὐεεαβυς
361 3933 394 4001 oi
413 3929 524 4013 ’Ίωνες
549 3937 680 4023 λέγουσι
705 3938 760 4002 καὶ
782 3932 821 4002 οὐ
844 3932 1004 4020 κότταβος
1029 3935 1075 4017 ὡς
1097 3932 1157 4004 αἶα
1181 3938 1237 4004 καὶ
1263 3933 1302 4005 σύ

187 4048 276 4124 χαῖα.
321 4040 444 4106 Verum
468 4034 564 4120 hujus
587 4057 718 4120 quoque
740 4035 830 4100 vocis
848 4037 1031 4123 exemplum
1052 4063 1120 4103 non
1138 4049 1226 4103 extat
1243 4038 1303 4104 scd

259 4260 303 4327 ¹8)
322 4256 486 4314 Eustathiua
503 4251 608 4308 rectius
625 4247 760 4324 κραθαλός
777 4269 802 4304 v.
819 4250 950 4323 Prolegg.
966 4256 1022 4310 tot.
