2736 4778
154 351 215 419 118
537 348 814 419 DISSERTATIO
835 349 890 416 vl

152 515 289 581 stantiva
311 514 438 580 diversa
459 512 685 596 significatione
708 519 741 580 et
763 514 876 597 specie,
899 532 980 596 quae
1002 514 1111 579 sicum
1122 514 1281 581 universa

153 619 243 700 copia
264 618 357 683 limus
370 618 488 683 ordinis
504 618 742 698 contenduntur,
754 617 806 684 vix
817 617 1112 699 dimidiampartem
1124 624 1278 699 aequant

152 719 253 785 Ambo
276 725 383 786 autern
405 723 593 787 conveniunt
613 721 646 786 in
667 719 752 787 flexu
774 717 954 800 accusativi,
977 739 1051 785 narn
1072 722 1157 802 quod
1171 721 1277 804 Phry·

151 822 261 889 nichus
283 821 417 905 Appll
439 824 480 889 de
502 842 564 889 uno
586 823 711 889 illorum
733 823 809 890 dicit
831 820 928 905 ἰχθῦς
950 818 1169 909 ἀττικώτερον
1184 818 1279 911 ἤπερ

152 922 289 1008 ἰχθύας,
321 926 407 992 valet
440 927 479 992 de
512 926 673 1006 omnibns3
707 927 764 992 sed
796 927 897 992 anteri
929 945 990 991 non
1012 945 1085 991 raro
1106 933 1279 993 resumunt

151 1028 301 1110 integros.
350 1029 439 1095 Inter
461 1025 557 1111 ἰχθῦς
578 1035 685 1094 autem
706 1035 740 1095 ct
763 1031 911 1113 ζεογνῦοι
933 1030 1010 1112 quid
1032 1026 1171 1109 differat,
1206 1029 1275 1097 Hc·

151 1131 302 1199 mdianus
325 1132 425 1212 docet,
447 1132 526 1199 illud
548 1132 709 1214 synaeresi
735 1132 906 1212 vindicans,
936 1132 996 1199 hoc
1023 1132 1159 1198 diacresi
1188 1135 1278 1216 apud

152 1233 303 1302 Choerob.
325 1233 399 1300 861.
424 1233 473 1301 15.

238 1341 281 1408 ἢ
305 1337 501 1402 contrahitur
537 1338 570 1402 in
592 1336 714 1404 duobus
736 1337 959 1405 vocabulorum
980 1338 1157 1420 generibus,
1190 1358 1276 1422 quae

151 1440 245 1506 modo
268 1439 459 1506 absolvimus
481 1444 514 1506 et
536 1460 556 1507 a
576 1440 738 1509 veteribus
748 1459 872 1523 quoque
883 1459 945 1507 uno
956 1440 1049 1507 modo
1061 1441 1274 1523 explicantur:

151 1542 190 1609 τὸ
214 1544 304 1620 λῦτο,
328 1538 358 1609 εἰ
380 1538 608 1630 παρατατικός
630 1542 711 1626 ἐστι,
735 1542 818 1609 κατὰ
841 1546 957 1629 κρᾶσιν
978 1543 1109 1628 γέγονεν
1124 1539 1194 1610 ἀπὸ
1212 1548 1276 1611 τοῦ

152 1749 248 1815 schol.
271 1748 307 1814 Il
329 1747 477 1814 XXIVl
512 1746 700 1815 infinitivum
732 1751 861 1837 liccat
894 1754 1065 1832 comparat
1108 1748 1146 1815 ln
1167 1749 1275 1816 verbis

152 1833 330 1919 Himerius
352 1856 472 1934 quanta
494 1852 537 1919 sit
568 1851 721 1918 librorum
742 1852 953 1919 inconstantia
975 1857 1009 1918 et
1030 1871 1126 1934 quam
1147 1852 1276 1919 diversa

153 1954 332 2021 criticorum
365 1954 495 2036 indicia,
527 1954 593 2021 lota
626 1955 802 2037 expositum
834 1961 886 2022 est
916 1956 957 2022 ad
989 1955 1109 2022 Buttm.
1131 1945 1205 2037 p.'6
1226 1973 1274 2037 so.

151 2056 201 2123 Da
223 2057 429 2124 substantivis
451 2057 529 2123 nibil
552 2057 705 2125 adnotare
727 2058 874 2126 subvenit
893 2058 955 2124 nisi
970 2058 1139 2140 scriptores
1150 2057 1275 2125 Atticos

151 2160 351 2227 nominativis
373 2160 506 2243 integris
527 2180 629 2244 paene
651 2161 779 2243 saepius
799 2163 847 2228 nti
869 2180 964 2245 quam
985 2159 1116 2240 affectis,
1152 2185 1275 2249 πεντη-

152 2259 287 2342 nonciar-
309 2263 457 2347 ΤῙτοομὶἼ
478 2261 618 2352 βότρυες
638 2263 791 2346 Xenopln‚
812 2261 926 2346 ἱχθέες
947 2265 1027 2331 Plat
1049 2269 1108 2330 etc.
1141 2262 1275 2331 Dativos

153 2366 187 2433 in
208 2369 269 2438 ῖᾶἷ
290 2366 490 2435 Hemdianns
523 2367 608 2449 apud
642 2365 794 2434 Ghoerob.
820 2387 851 2450 p.
877 2367 946 2433 115.
969 2366 990 2432 1
1022 2367 1145 2450 ypsilon
1176 2366 1276 2434 breve

153 2469 271 2539 habere
294 2471 387 2536 docet
407 2469 508 2558 χωρὶς
529 2473 586 2536 τοῦ
608 2471 715 2554 μῦς-
730 2468 821 2555 μυσί·
842 2469 1027 2557 τοῦτομὰρ
1052 2465 1212 2557 φυλάττει
1235 2469 1274 2535 τὸ

152 2576 175 2644 ὗ
198 2571 421 2655 ἐκτεταμένον·
443 2573 669 2656 Λαμβάνεται
692 2573 729 2641 δέ
752 2570 851 2640 αὐτοῦ
867 2567 969 2661 Ὦρος
991 2572 1093 2659 λέγων
1115 2573 1278 2659 μηδαμῶς

154 2671 371 2765 εὑρίσκεσθαι
405 2676 443 2740 τὸ
476 2674 596 2758 μυοίν
630 2674 853 2759 ἐκτεταμένον.
903 2670 1109 2761 Εὖρέοκομεν
1132 2675 1169 2742 δὲ
1192 2671 1276 2742 αὐτὸ

154 2778 228 2863 ἔχον
251 2777 288 2844 τὸ
311 2782 336 2849 ἶ
352 2777 566 2861 ἐκτεταμένον
588 2777 644 2844 καὶ
667 2778 926 2862 συνεσταλμένον
949 2775 983 2844 έν
1005 2781 1045 2864 τῇ
1072 2781 1275 2863 Μοοβατρα·

151 2879 308 2970 χομαχίᾳ.
353 2881 414 2947 Hic
435 2887 543 2946 antem
563 2899 754 2964 magnopere
775 2900 894 2961 vercor,
916 2899 957 2947 ne
979 2881 1141 2946 canonista
1163 2879 1276 2946 turbas

154 2985 286 3053 dederit.
330 2984 547 3050 Herodianum
568 2984 684 3049 scimus
707 2985 876 3067 aliquando
891 2984 1067 3049 denomino
1079 2981 1130 3060 λίς
1145 2983 1278 3065 eiusque

154 3107 303 3155 mensura
331 3087 448 3169 duplici
476 3086 655 3168 disputasse
689 3089 842 3171 appositis
863 3086 1043 3152 Antimachi
1074 3085 1179 3151 verbis
1208 3087 1278 3164 λῖες

152 3184 215 3274 μέν
237 3193 280 3278 ῥα
304 3189 412 3257 λίεοοι
434 3188 585 3256 Choerob.
606 3189 675 3257 181.
686 3192 738 3273 22,
763 3189 800 3256 oi.
822 3189 958 3256 Meinok.
982 3189 1083 3255 Anall.
1107 3186 1157 3267 63,
1180 3193 1278 3270 atquc

154 3294 228 3360 huic
252 3293 346 3359 schol.
369 3292 405 3356 ll.
427 3291 474 3357 XI
495 3289 559 3357 480
585 3293 701 3359 adiecit
723 3288 768 3371 ὡς
789 3288 919 3376 μύεοοι,
954 3292 987 3358 id
1009 3297 1115 3357 antem
1138 3289 1277 3358 choero-

155 3398 285 3464 boscum
308 3396 439 3477 decepit,
462 3393 544 3478 μυσί
572 3414 611 3460 ex
631 3395 728 3477 reieci
752 3399 947 3461 contractum
968 3400 1083 3460 natura
1104 3396 1130 3466 ἶ
1148 3395 1277 3476 longum

156 3502 283 3567 habore.
329 3498 391 3565 Sed
413 3497 506 3564 huius
528 3497 696 3580 prosodiae
726 3496 903 3579 exemplum
930 3499 962 3562 in
985 3498 1044 3564 hoc
1066 3503 1100 3564 ot
1121 3498 1278 3564 similibus

157 3601 263 3691 δρυοί,
291 3599 368 3668 coci
400 3607 458 3667 etc.
492 3601 613 3667 nullum
646 3605 747 3679 extat3
779 3599 811 3664 in
834 3600 1033 3667 Batrachom.
1067 3622 1095 3666 v.
1120 3600 1189 3666 1-73.
1215 3597 1278 3666 171

155 3704 237 3791 poni
257 3704 387 3770 bibreve
410 3710 467 3769 est.

243 3807 429 3874 Ceterarum
462 3806 616 3873 vocalium
648 3808 699 3891 ἦ
733 3809 785 3890 170]
809 3808 860 3876 35
894 3806 1067 3889 complexio
1104 3806 1278 3873 rarissima

158 3912 246 3990 Quae
268 3910 476 3976 antiatticisto
497 3907 590 3974 affert
611 3910 643 3975 in
665 3910 782 3975 Anecd.
805 3909 904 3975 Bell.
929 3908 998 3975 104.
1021 3907 1041 3975 9
1071 3906 1181 3998 κύημα
1204 3905 1279 3976 ἀντὶ

158 4021 214 4080 τοῦ
236 4021 335 4096 κῦμα,
358 4032 377 4077 a
401 4012 533 4078 diversis
555 4012 775 4095 praesentibus
792 4011 887 4076 ducta
909 4017 990 4077 sunt.
1039 4013 1278 4095 &incaverbo

158 4114 242 4197 θύω,
265 4112 381 4204 θύομαι
404 4114 475 4178 lbos
497 4112 615 4193 εθέος
632 4114 737 4196 potius
750 4111 974 4195 significatione
986 4115 1127 4195 paullum
1139 4114 1279 4181 discreta

159 4218 189 4301 [l
201 4217 288 4304 329].
299 4257 334 4266 -
354 4215 575 4305 Θολήσαοθαι
586 4218 663 4284 Poll.
676 4216 763 4282 codd.
775 4218 916 4282 nonnulli
928 4216 1089 4284 Dindorfio
1100 4217 1278 4300 probatum,

160 4321 218 4388 ssd
229 4321 394 4388 Bekkorus
411 4317 651 4410 θυηλὴοατθαι
662 4319 801 4386 retinuit
815 4357 851 4367 -—
882 4318 1099 4408 Bocpvdivad
1120 4339 1279 4406 syncopen
