2736 4778
194 360 269 434 256
490 352 811 423 DISSERTATIO
835 352 883 419 11.
926 352 967 419 Ρ.
987 352 1017 419 1.

194 538 278 609 πίοι
302 541 481 607 derivatum
509 552 560 608 est
581 540 783 629 gentilicium
802 532 1027 618 Μεσσαπείς,
1058 559 1119 626 pro
1147 557 1213 623 quo
1236 537 1313 606 Ste-

194 642 325 732 phanue
353 638 577 721 Μεσσαπεείς
602 640 707 731 ponit.
751 640 846 707 ldem
877 639 1076 705 demotieum
1105 631 1315 716 {iteraretis

195 743 307 810 scribit
328 744 389 811 sed
411 737 638 823 Ἀλωπεκοείς
657 743 778 831 legitur
798 742 833 808 in
854 742 957 808 Inser.
976 741 1074 807 attica
1091 738 1194 827 Corp.
1208 739 1311 805 Inscr.

194 869 223 913 c.
245 848 274 913 Ι.
295 869 328 912 n.
352 844 703 932 145.etpau10post
734 839 942 932 Ἀγκυλοείς,
970 842 1133 910 contraria
1157 863 1235 909 vero
1256 863 1312 905 ra·

193 949 284 1016 tione
304 941 463 1033 Λεπρείς
484 968 545 1033 pro
567 940 743 1032 Λεπρεείς
764 954 798 1010 et
818 944 882 1010 elia
902 966 933 1010 v.
948 942 1188 1011 Parsll.2‘l.—
1209 941 1313 1030 Epei-

193 1046 251 1116 lon
279 1047 385 1115 vocali
413 1046 621 1135 suppositum
648 1046 794 1113 exscindi
824 1045 922 1111 sumit
947 1046 1160 1112 Herodianus
1188 1043 1312 1110 horda-

196 1173 274 1219 ceus
292 1149 403 1236 Epim.
423 1147 475 1214 51.
505 1146 597 1236 ἴρηξ,
627 1142 729 1234 ίρεῖον
751 1146 808 1215 καί
834 1145 877 1216 τὰ
899 1145 1005 1214 λοιπὰ
1025 1144 1112 1212 κατὰ
1135 1141 1312 1234 σογκοπήν,

196 1250 288 1340 qnod
308 1270 427 1314 nomen
448 1248 587 1336 psilosin
614 1248 722 1336 poscit
729 1273 738 1325 ;
765 1244 876 1335 ίρευον
904 1241 951 1326 ὡς
979 1241 1311 1331 συγκοπτόμενονῑῑ)

194 1353 357 1445 ψιλοῦσαι
390 1349 501 1418 Schol.
532 1349 600 1417 Od.
622 1349 743 1438 XVII,
769 1348 840 1415 181.
886 1348 955 1416 Sed
984 1347 1130 1413 saniores
1157 1344 1240 1411 haec
1269 1346 1313 1411 ad

197 1452 303 1522 cresin
328 1450 480 1517 referunt

284 1557 310 1640 ξ.
335 1554 365 1619 7.
408 1552 645 1619 Inclinamenta
666 1549 834 1615 nominum
855 1548 1065 1639 perlustranti
1088 1550 1194 1637 primo
1223 1547 1315 1614 aditu

197 1679 234 1723 se
256 1656 399 1721 offerunt
418 1653 553 1739 genitivi
575 1651 700 1739 primae
729 1651 956 1717 declinationis
979 1650 1094 1729 ionici,
1124 1651 1166 1716 de
1193 1649 1313 1736 quibus

198 1756 280 1844 quid
301 1754 497 1822 criticorum
519 1751 749 1840 spectatissimi
772 1753 943 1818 statuerint
965 1753 1060 1838 quasi
1082 1776 1142 1840 per
1162 1751 1314 1818 nebulam

199 1855 365 1923 audimus:
389 1848 494 1923 Ἀσίω
514 1852 615 1941 χωρίς
635 1856 693 1919 τοῦ
721 1841 812 1932 eric
835 1852 874 1920 τὸ
896 1848 1053 1938 είμελίω·
1077 1852 1184 1932 οἱίσως
1203 1846 1314 1939 Ἡρω-

197 1956 314 2036 διανὸς
336 1954 371 2023 ἐν
391 1960 432 2044 τῇ
456 1949 609 2021 καθόλου
630 1952 686 2019 καί
699 1955 915 2039 Πτολεμαῖος
936 1953 971 2020 ἐν
989 1958 1036 2042 τῷ
1058 1953 1136 2039 περὶ
1156 1954 1313 2021 συναλοι-

196 2062 264 2151 φῆς
282 2056 421 2146 θοὴ-Β.
451 2054 494 2120 ad
515 2054 554 2120 Π.
585 2055 631 2120 ΙΙ.
655 2054 730 2120 461.
759 2054 904 2144 apertius
931 2055 1097 2141 Didymus
1122 2049 1241 2123 Ἀσίεω
1265 2047 1312 2132 ὡς

198 2154 373 2243 Ἀτρείδεω
396 2155 454 2223 κοί
468 2150 572 2224 Ἀσίω
594 2155 679 2223 κατὰ
704 2155 872 2245 σογκοπῆν
894 2149 1092 2240 ὦςείμελίω
1113 2149 1314 2222 καίἈίνείω

199 2268 232 2325 et
258 2255 512 2322 Choeroboscns
545 2256 581 2321 in
614 2257 746 2343 Fragm.
775 2255 962 2324 Herodiani
994 2257 1125 2323 nomine
1154 2254 1311 2342 inscripto

197 2357 326 2426 Anecd.
358 2356 425 2424 Ox.
456 2356 497 2421 Τ.
519 2356 585 2420 ΙΠ.
606 2357 679 2422 228.
705 2352 740 2423 αἱ
770 2356 827 2425 διὰ
849 2363 910 2424 τοῦ
929 2347 980 2424 ἕω
1005 2356 1133 2444 γενικαί
1161 2351 1313 2434 ἀπαθεῖς

198 2451 297 2529 οὖσαι
319 2451 714 2545 προπαροξίνονται.”)·
737 2453 928 2541 πάσχουσαι
951 2457 990 2525 δὲ
1009 2456 1077 2544 πρὸ
1098 2461 1181 2541 μιᾶς
1201 2454 1312 2540 ἔχουσι

195 2558 254 2627 τὸν
274 2557 381 2637 τόνον,
399 2552 557 2641 Ἕρμείεω
575 2555 631 2621 καί
651 2555 686 2623 ἐν
707 2561 857 2645 συγκοπῇ
874 2552 1024 2644 Ἑρμείω.
1067 2559 1109 2624 Id
1122 2569 1233 2625 tamen·
1246 2579 1313 2622 non

197 2661 282 2724 inter
295 2680 408 2724 omnes
423 2656 614 2722 convenisse
628 2657 770 2723 ostendit
784 2658 981 2726 seh.11.1v.
994 2660 1047 2725 47.
1062 2664 1121 2727 coi
1138 2656 1277 2744 είμελίω
1292 2653 1312 2748 ἢ

196 2763 255 2826 τοῦ
269 2747 295 2825 ἶ
311 2755 460 2845 capracori-
474 2754 496 2844 ἢ
512 2755 713 2842 σονοίρεσις,
729 2782 827 2845 quam
841 2760 898 2845 qni
914 2760 1140 2849 approbarunt
1152 2771 1207 2827 aut
1223 2759 1312 2848 epsi-

195 2861 253 2927 lon
274 2845 398 2925 eumn}
419 2867 621 2923 contractum
654 2880 726 2926 esee
756 2870 937 2926 statuerunt
960 2857 1079 2930 Ἀσίεω
1103 2857 1222 2941 Ἀσίω,
1256 2872 1313 2927 aut

198 2959 433 3027 terminationis
455 2957 600 3024 aeolicae
623 2962 789 3047 synaeresi
810 2963 861 3029 usi
884 2973 975 3039 sunt,
1004 2964 1095 3049 quod
1123 2964 1241 3029 fecisse
1261 2964 1313 3028 vi·

196 3063 293 3131 detur
325 3061 549 3128 Herodianus.
592 3061 628 3127 Is
662 3064 747 3129 enim
776 3064 810 3130 in
845 3065 884 3131 Il.
916 3065 995 3133 VII.
1029 3066 1102 3131 238.
1134 3065 1314 3131 tralaticiae

198 3166 378 3253 scripturae
400 3166 481 3248 βοῐν
501 3163 554 3227 vel
575 3167 645 3248 βῶν
666 3166 821 3251 praetulit
839 3170 890 3252 βῶ
911 3160 984 3232 ἀντὶ
1005 3170 1063 3232 τοῦ
1084 3163 1152 3252 βόα
1175 3159 1222 3244 ὡς
1242 3172 1312 3233 Βο-

198 3265 279 3353 ρέαο
309 3261 442 3348 Βορέω,
473 3261 508 3326 in
537 3284 636 3347 quam
668 3267 856 3352 opinionem
884 3267 1106 3354 Goettlingins
1132 3267 1247 3334 incidit
1270 3266 1314 3332 de

268 3499 316 3567 37)
329 3499 386 3552 Pro
400 3499 455 3553 hoe
468 3496 497 3551 in
510 3497 577 3552 Sch.
590 3496 672 3552 xm.
686 3498 746 3552 ets.
760 3499 949 3571 scriptumest
962 3501 1204 3577 ἀποκεκομμένον.

268 3600 314 3666 33)
327 3599 446 3671 Epsilon
457 3600 582 3672 syllabae
594 3600 687 3657 locum
699 3600 794 3674 explet
808 3609 837 3655 et
848 3600 877 3655 in
889 3604 990 3660 affecto
1009 3605 1128 3679 Ἀνδρέω
1144 3607 1231 3662 Anth.
1244 3607 1311 3663 VII.

199 3683 259 3736 377.
277 3691 306 3737 et
318 3682 434 3766 integris
447 3688 550 3741 Νικίεω
564 3685 616 3740 ΙΧ.
630 3687 673 3740 81.
692 3689 828 3757 γωῑαξέεω
840 3687 1016 3746 Maneth.11.
1033 3694 1090 3746 tto.
1125 3691 1173 3750 Sic
1184 3691 1268 3747 etiam
1281 3692 1310 3747 in

198 3766 360 3824 nominibus
373 3786 430 3822 non
440 3788 512 3843 pure
524 3769 679 3827 terminatis
693 3765 805 3835 ιοξίκεω
817 3773 894 3829 Man.
902 3773 950 3830 IV.
959 3779 1017 3832 tao.
1034 3772 1165 3834 ’ἱππότεω
1171 3778 1307 3851 Apollon.

196 3855 245 3912 Ν.
260 3855 320 3909 778.
334 3851 474 3910 δεσπότεω
486 3855 600 3911 maxim.
618 3873 645 3910 v.
665 3858 724 3912 tot.
744 3856 862 3929 aliisque
878 3878 905 3914 ν.
922 3861 1008 3917 Proll.
1028 3865 1089 3918 211.
1111 3870 1142 3918 et
1159 3862 1189 3918 in
1205 3863 1309 3936 plurali

195 3941 335 3998 ἀντολέων
345 3939 443 4013 Apoll.
451 3941 490 3996 11.
499 3943 548 3996 52⁷
551 3981 558 3995 .
571 3939 693 3998 ἀνθκέων
707 3942 829 4015 Oppian.
845 3944 909 4001 Ηι1.
917 3945 1008 4002 lete.
1016 3947 1068 4002 111.
1076 3950 1135 4004 203.
1148 3948 1197 4005 ubi
1210 3950 1307 4006 Schol.

195 4027 319 4083 ἀνθιέων
330 4024 367 4088 ὥς
378 4030 496 4096 κοχλιῶν
505 4027 664 4096 (κοχλνέων)
674 4030 797 4099 κυνικοῖς,
811 4033 862 4086 sed
873 4034 910 4087 ad
922 4050 948 4088 v.
956 4034 1015 4088 2⁷0.
1030 4033 1113 4090 alium
1125 4036 1206 4108 ponit
1218 4036 1306 4092 nomi·

195 4113 320 4168 nativum
332 4106 452 4176 ἀνθωίς.
477 4113 597 4170 formae
612 4113 739 4185 integrae
751 4119 867 4172 Αἰνειέω
879 4117 913 4173 11.
922 4117 955 4173 V.
969 4120 1028 4173 531.
1040 4119 1166 4190 Alyatte
1180 4121 1304 4177 Theoor.

196 4196 290 4253 XXV.
312 4201 370 4253 teo.
384 4199 444 4272 jam
464 4199 592 4256 mblatae
612 4206 687 4256 sunt.
716 4205 824 4272 Βορέου
843 4218 861 4256 a
878 4203 1053 4276 Goettlingio
1069 4204 1220 4262 toleratum
1237 4206 1307 4263 Hes.

196 4282 272 4355 Opp.
286 4286 344 4338 ata.
358 4284 388 4338 in
401 4285 499 4350 Quinti
509 4287 543 4343 L.
556 4285 682 4346 111737.
696 4287 855 4343 emendarit
867 4289 1005 4360 Koechly.
