2736 4778
144 317 209 383 DE
230 317 358 386 ALIIS
381 315 618 387 SYNCOPAE
641 317 916 389 GENERIBUS.
942 318 1022 388 0.1.
1038 320 1105 408 §.d
1132 325 1209 401 367

90 500 231 569 mstisae
246 502 498 588 relinquendum
514 511 582 578 θοις
604 501 696 567 alteri
714 500 886 569 Cramerus
906 497 1115 591 ἡμιοοχοίιιξ
1128 506 1208 574 sub-

91 605 209 682 stituit,
232 603 405 670 Beldrerus
427 602 566 669 veroin
596 603 672 668 Ind.
699 602 829 669 Aneod.
860 603 953 669 1379.
981 599 1208 694 ἡμιοοφοίοιξ,

90 707 182 792 quod
204 706 234 771 si
257 727 334 770 oum
355 704 515 789 adjectivo
536 701 650 792 φοίνιξ
670 704 882 788 oonjunotum
904 714 971 783 est,
1000 705 1210 774 dividendum

89 808 219 872 videtur
239 817 276 871 ut
297 802 400 894 ἥμισυ
423 801 531 892 πηγός
552 801 679 870 Gallim
696 804 798 870 Dian.
821 804 873 870 90.
895 827 926 870 v.
947 804 1040 872 Dias.
1062 808 1106 874 V·
1128 829 1155 873 ο.
1176 809 1208 874 2.

91 912 119 992 ξ.
144 910 176 973 3.
204 907 234 973 si
262 905 471 992 semipoenus
495 904 551 972 illo
583 905 716 971 nomine
738 905 954 993 significatur,
970 905 1115 973 ,dissidet
1136 928 1211 975 oum

90 1007 268 1094 gentilioiis
288 1001 447 1095 ἦμικρής,
469 1000 628 1094 ἡμιέλλην
641 1017 714 1073 eto.
742 1019 776 1073 et
796 1008 930 1074 omnino
951 1007 1041 1075 nulla
1059 1008 1209 1075 novimus

91 1107 253 1174 voeabula
277 1129 350 1173 oum
372 1106 532 1192 adeotivo
555 1108 754 1194 composita,
777 1120 931 1176 sexcenta
950 1131 1028 1175 vero
1053 1131 1128 1177 oum
1149 1110 1208 1176 ad·

92 1210 204 1277 verbio
224 1207 450 1297 inseparabili,
472 1230 574 1294 quare
596 1207 660 1275 hoe
682 1209 793 1297 potius
814 1233 913 1296 quam
927 1210 1124 1296 adjectivum
1140 1210 1208 1298 pri·

88 1311 194 1376 mitivi
218 1311 292 1377 looo
315 1309 505 1375 babendum
524 1321 563 1375 ut
581 1309 720 1375 latinum
739 1315 816 1378 semi
838 1324 872 1378 ot
890 1333 932 1379 ιο

173 1413 229 1479 Ι)ο
255 1412 358 1477 altera
381 1422 476 1498 parte
513 1412 769 1498 compositorum
809 1435 893 1498 quae
922 1412 1047 1479 creduli
1074 1411 1209 1498 quidem

90 1524 360 1589 commentorum,
381 1512 437 1577 vix
458 1512 528 1578 scio
557 1536 602 1578 sn
623 1513 727 1579 relatu
753 1514 855 1599 digna
876 1513 955 1591 sint,
979 1505 1117 1597 ὄσωμος
1138 1509 1207 1580 dud

88 1620 150 1683 τοῦ
171 1609 353 1696 ἀσώματος
374 1613 461 1680 κατὰ
477 1613 649 1701 οογκοιιὴν
664 1609 685 1701 ἢ
703 1610 773 1681 ἀπὸ
789 1620 849 1680 τοῦ
867 1618 965 1697 σῶμα
978 1613 1060 1681 ΕΜ.
1072 1613 1209 1692 161,40.

89 1710 302 1799 βαθύλειμος
331 1709 400 1781 dud
432 1718 493 1802 τῆς
519 1716 682 1798 λειμῶνος
709 1719 839 1801 γενικῆς
869 1712 1126 1800 βαθυλείμωοος
1151 1715 1210 1782 καὶ

90 1818 247 1903 ουγιοπῇ
274 1838 310 1899 p.
339 1815 416 1892 185,
446 1814 499 1881 35.
530 1814 649 1900 quibus
680 1815 784 1881 simile
811 1813 1004 1896 δοςχείμωο,
1037 1810 1210 1898 δόςχοιμος

92 1912 280 2000 (δύςχιμος)
318 1916 382 1982 nisi
420 1915 511 2001 quod
542 1917 605 1982 hoo
633 1916 676 1982 ad
706 1923 806 2000 χεῖμα
838 1915 950 1981 referri
982 1925 1093 2002 potest
1125 1915 1210 1981 sieut

92 2009 236 2099 ἄκομος,
259 2009 427 2102 ὅχριιμος,
451 2014 636 2100 ἔοοιιερμος
653 2027 685 2080 et
699 2016 764 2081 alia
777 2036 862 2100 quae
876 2015 989 2080 leviter
1008 2012 1209 2080 intuentibus

83 2117 144 2182 -vel
165 2137 332 2202 syncopae
352 2116 404 2181 vel
425 2116 603 2202 pareotasis
625 2117 770 2202 speeiem
788 2114 957 2200 objioiunt.

178 2217 258 2302 §.b
303 2215 487 2286 Verborum
518 2217 583 2283 duo
614 2226 762 2303 tempore
782 2216 980 2303 syncopistis
1004 2215 1210 2282 oooasionem

81 2317 251 2384 -aeuminis
273 2317 465 2404 experiendi
486 2316 716 2404 praebuerunt.
765 2316 883 2383 Febris
913 2317 1080 2403 quoddam
1104 2339 1209 2404 genus

95 2416 273 2505 λοιπορίοι
295 2418 361 2483 dici
382 2418 437 2484 du
454 2419 609 2486 λείπεται
624 2415 920 2502 πορόςΑοῐιιοιὶιιο
935 2418 1043 2496 tradit,
1060 2418 1119 2483 sed
1137 2439 1210 2484 sae·

94 2517 170 2606 pius
205 2518 366 2603 λιιιυρίας
405 2518 571 2597 scribitur,
611 2520 701 2605 quod
730 2519 904 2586 Reinesius
943 2542 1019 2585 oum
1050 2518 1211 2606 particula

91 2619 251 2685 intentive
281 2621 489 2704 conjunctum
518 2631 621 2708 putat
675 2620 794 2688 Cetera
825 2621 921 2707 hujus
958 2619 1082 2686 ordinis
1111 2617 1212 2685 verba

93 2718 256 2805 disyllaba
275 2719 357 2784 nihil
378 2719 468 2786 aliud
490 2712 642 2807 quomo—o
659 2723 694 2787 in
716 2711 909 2801 omnum,
936 2717 1159 2808 λιιιιοιάκτης
1178 2733 1212 2788 et

92 2831 203 2887 oetera
231 2842 306 2886 oum
333 2820 398 2888 hoo
419 2821 520 2888 verbo
544 2824 807 2911 composita.²⁰),
829 2819 1062 2906 τιλλοιιώγιον,
1086 2818 1210 2907 τερπό-

93 2945 235 3008 τροιμις,
255 2920 539 3009 οτιργοξύιευιος,
557 2922 784 3009 βουλόμαχος,
802 2919 981 3008 αἶρόπινοο
1001 2922 1092 3006 quod
1103 2923 1212 3008 aptius

92 3022 195 3089 verbo
213 3021 383 3107 subjicitur
398 3046 497 3109 quam
510 3024 636 3090 nomini
652 3018 748 3107 aion,
770 3018 987 3106 μισγόοομος,
1010 3019 1211 3101 rotonam,

93 3118 288 3215 ὀζόοτομςις,
312 3123 544 3207 Φαιοόκριτος,
567 3146 642 3189 oum
662 3121 863 3207 trisynthetis
886 3119 1210 3208 ἐκφερομυθεῖνῒί),

91 3220 389 3308 οιμβαλλόμαχος,
410 3218 712 3304 ἕπιθυμόδειιιοος,
741 3245 826 3308 quae
845 3233 976 3311 praetor
996 3221 1137 3310 primum
1156 3232 1215 3288 aut

96 3323 231 3411 propria
251 3334 330 3388 sunt
348 3332 405 3389 aut
426 3344 510 3388 nove
530 3324 607 3390 fieta
631 3323 838 3411 potissimum
858 3322 971 3412 prob'ri
987 3322 1102 3410 gratia.
1135 3323 1215 3388 Alis

93 3424 225 3511 epsilon
241 3424 277 3490 in
292 3426 505 3492 commissura
519 3426 693 3515 reeipiunt,
706 3449 774 3493 non
791 3426 897 3492 solum
915 3447 1000 3511 quae
1018 3446 1092 3490 oum
1104 3421 1213 3490 verbis

96 3525 230 3609 quintae
253 3526 367 3593 classis
391 3529 574 3615 composita
597 3540 673 3613 sunt
693 3539 730 3593 ut
751 3528 786 3592 in
806 3528 887 3594 EM
903 3526 982 3605 579,
1002 3525 1056 3591 45.
1081 3525 1212 3593 dicitur:

94 3624 137 3692 τὰ
150 3623 319 3714 βορύιοια
334 3624 519 3712 δισύλλαβα
531 3628 617 3714 μετὰ
633 3625 847 3713 ἀμεταβόλοο
863 3627 1024 3712 τρέπουσι
1038 3613 1117 3696 rod
1131 3614 1215 3708 sig}

147 3828 213 3897 ·2⁰)
230 3827 405 3899 Scripseram
417 3828 478 3884 Oro
496 3826 564 3884 olim
579 3828 727 3901 probatem
745 3829 924 3885 retinuerunt
941 3835 971 3884 et
988 3803 1037 3883 dii
1053 3827 1214 3883 Atticorum

91 3911 266 4052 {auratorum
281 3912 406 3970 editores
422 3921 451 3968 et
465 3914 632 3985 Kruegorns
647 3915 686 3969 sd
696 3913 787 3970 Thus.
798 3914 823 3970 1.
837 3916 880 3981 99,
894 3916 917 3968 1.
931 3916 1081 3968 damnante
1097 3912 1131 3966 L.
1143 3910 1213 3966 Din-

119 4014 137 4052 o
173 4015 201 4053 o.
856 4030 858 4034 »

164 4084 213 4151 21)
232 4081 438 4149 Sobneidorus,
459 4082 526 4155 quis
546 4086 704 4155 φερέπονοι
722 4092 752 4141 et
770 4091 866 4140 oeten
882 4100 946 4138 oum
962 4084 1042 4155 otoo
1059 4078 1214 4152 composite

88 4165 208 4238 epsiion
226 4166 376 4238 occipiunt,
393 4168 465 4236 iliud
481 4186 595 4239 quoque
612 4168 654 4224 sio
670 4169 851 4225 scribendum
868 4174 949 4240 putat
965 4168 1017 4222 sed
1031 4164 1099 4238 juro
1116 4165 1214 4224 defeu-

90 4251 174 4307 ditur
190 4254 225 4308 sb
245 4252 361 4308 Osanno
380 4255 417 4308 sd
436 4253 552 4309 Cornut.
566 4253 663 4309 XXX.
678 4257 735 4308 ¹8³.
