2736 4778
197 302 262 373 nn
283 301 550 386 rnosrnnm
571 299 633 368 nr
655 299 916 371 arnamar.
944 298 982 370 c.
998 301 1044 369 11.
1067 304 1092 388 ε.
1107 301 1135 369 1.
1184 304 1233 380 ιο

121 490 254 559 nomina
279 489 440 580 primitiva
466 509 634 571 nunqnam
655 485 737 577 duas
765 487 923 554 excedant
946 487 1101 574 syllabas,
1127 492 1236 570 κεῖνος

121 594 290 681 prototypi
312 590 449 658 similius
472 609 555 666 esse,
579 586 638 652 sed
660 587 737 672 quia
760 588 887 667 eadem,
910 590 938 654 si
960 591 1054 656 unius
1074 613 1234 678 personae

122 697 200 773 sint,
233 694 371 782 primam
399 692 526 755 literam
561 686 702 753 habeant
735 689 897 768 vocalem,
930 690 1051 770 ἐκεῖνος
1077 693 1236 780 praeponi

123 796 241 863 debere
261 796 342 862 EM.
360 792 435 869 508,
450 791 501 857 30.
525 789 653 856 Anccd.
679 790 745 857 Ox.
770 790 810 856 T.
823 790 870 856 11.
886 791 959 856 442.
982 792 1076 856 Euat.
1093 793 1166 871 966,
1183 795 1234 860 84.

124 897 287 981 Quartum
305 894 399 960 affert
409 892 517 979 Epim.
529 891 556 956 Ι.
567 891 641 956 290.
658 891 760 974 νέρθε
779 885 976 981 ἀφαίρεσις·
987 891 1024 960 ad
1038 891 1102 978 γὰρ
1120 891 1237 979 ἔνερθε

122 995 261 1084 πρῶτόν
288 995 388 1072 ἐστιν,
418 1002 588 1080 acceptum
610 991 692 1057 illud
717 991 758 1057 ab
780 991 960 1079 Apollonio
986 992 1074 1058 Adv.
1098 992 1171 1060 603.
1196 995 1234 1059 τὸ
1279 1066 1294 1083 .

124 1095 245 1185 ένερθε
267 1092 326 1162 δύο
353 1090 451 1182 πάθη
478 1089 672 1176 ἀνεδέξατο,
700 1092 870 1182 συμκοπὴν
895 1093 952 1161 καί
981 1088 1177 1184 ἀφαίρεσιν·
1199 1087 1239 1183 ἢν

124 1198 189 1284 γάρ
212 1220 244 1264 ει
265 1189 373 1279 ίίνομα
396 1195 433 1260 τὰ
461 1191 581 1282 ἔνερον.
634 1197 710 1262 Ηοο
739 1217 812 1261 cum
837 1193 939 1260 latino
965 1197 1050 1281 inser
1073 1195 1237 1276 cohaeret,
1352 1186 1356 1192 ’

125 1299 216 1384 quod
237 1321 257 1363 a
275 1295 519 1384 praepositione
540 1299 576 1362 io
594 1297 751 1385 repetitur
769 1319 799 1362 v.
809 1294 921 1362 Hand.
935 1294 1074 1364 Tursell.
1087 1297 1150 1364 111.
1162 1299 1236 1366 374.

120 1401 212 1487 νέροι
239 1400 388 1486 ignotum
415 1410 482 1474 est,
512 1398 637 1486 Νεῖραι
667 1394 854 1465 sarcinator
883 1409 917 1463 et
944 1399 1068 1488 Νειρόν
1100 1396 1237 1485 ἔσχατον

120 1503 203 1567 Hes.
223 1500 264 1567 ab
282 1500 346 1567 alio
365 1499 527 1588 principio
546 1499 665 1566 deduci
686 1510 840 1587 possunt,
862 1499 949 1564 unde
969 1495 1095 1580 νειόθι,
1114 1500 1237 1581 νειόθε,

121 1603 247 1681 νέατος.
292 1601 453 1685 Quintum
473 1600 537 1668 hoc
558 1602 716 1689 proponit
731 1600 819 1667 Adv.
833 1600 907 1667 557.
930 1599 967 1668 τὸ
989 1594 1238 1691 ἀφαιρούμενον

122 1689 293 1792 {lairiaco
320 1705 417 1772 θέλει
444 1702 532 1781 λέξιν
561 1696 632 1771 ἀπὸ
658 1700 840 1789 συμφώνου
870 1696 1068 1789 ἀρχομένην,
1094 1705 1154 1792 βῆ,
1177 1709 1237 1793 φῆ,

120 1805 230 1884 θέλω,
252 1803 407 1892 ῥυτῆρες,
435 1802 488 1867 cui
513 1800 688 1871 subscribit
707 1804 816 1892 Epim.
839 1803 867 1869 I.
889 1802 963 1882 253,
985 1803 1016 1869 3.
1039 1800 1078 1880 τὸ
1099 1804 1238 1894 ῥυτῆρες

122 1901 303 1992 ἀφαίρεσιν
331 1901 415 1986 ἔχει·
439 1900 596 1992 έρυεῆρες
619 1903 681 1992 γὰρ
705 1906 742 1971 τὸ
769 1903 905 1982 ἐντελές.
949 1902 1018 1972 Sed
1045 1916 1158 1970 contra
1185 1905 1236 1970 in-

123 2006 228 2092 surgit
248 2003 547 2072 schol.11.1.239.
569 2002 638 2094 ῥάω
659 2004 697 2071 τὸ
721 2000 884 2091 φυλάσσω
904 2004 961 2071 καί
981 1999 1123 2082 ἀενιιεῶς
1145 2005 1240 2073 ἕπευ·
1330 2002 1333 2007 ’

121 2107 220 2175 θέσει
245 2091 352 2174 tori}
378 2101 465 2192 ἒρύω
494 2100 541 2182 ὡς
565 2101 603 2172 τὸ
630 2102 738 2172 ἐθέλω
766 2116 799 2169 et
824 2102 1044 2185 Eust1009,
1066 2103 1118 2170 39.
1146 2105 1240 2190 θέμα

125 2203 197 2274 ἐστί
221 2204 259 2272 τὸ
286 2200 355 2295 (too
383 2204 440 2271 καί
467 2205 671 2294 πλεονασμῷ
696 2200 819 2290 γίνεται
840 2205 878 2275 τὸ
902 2205 999 2292 ίρίω.
1041 2205 1113 2272 Νεε
1136 2204 1239 2273 facilis

123 2305 319 2394 litigantium
338 2303 535 2371 conciliatio.
571 2304 646 2374 Ρὺω
662 2305 794 2392 quidem
813 2307 975 2396 abjectum
990 2318 1040 2377 est
1055 2308 1115 2374 sed
1130 2308 1240 2376 locum

122 2410 227 2475 tenuit
255 2398 440 2494 syntheton'
455 2400 608 2497 ἀναρῥίω
631 2418 664 2475 et
687 2408 771 2476 hanc
792 2411 942 2478 trahendi
964 2419 1160 2498 potestatem
1182 2432 1238 2478 ac-

124 2521 284 2600 ceperunt
312 2508 409 2574 etiam
436 2529 606 2595 paragoge
633 2507 748 2599 ῥυτός,
774 2511 894 2601 (laude,
923 2509 1083 2600 ῥυστάζιυ.
1133 2511 1239 2579 Medii

123 2614 228 2679 lorma
246 2610 368 2698 duplex
385 2607 570 2697 percrebuit
587 2606 709 2697 ῥύομαι
730 2621 763 2678 et
781 2610 932 2698 ίρὺομαι,
954 2611 1035 2679 illud
1053 2635 1119 2678 nna
1137 2611 1239 2700 signi-

124 2715 277 2783 ficatione
295 2711 444 2779 servandi
467 2705 689 2798 (indomitae
712 2711 818 2780 ἕλκειν
835 2715 1016 2801 Amm0n.),
1035 2713 1099 2782 hoc
1117 2715 1239 2804 duplici

123 2815 277 2883 trahendi
305 2827 337 2881 et
363 2812 528 2891 servandi,
555 2835 679 2900 parque
701 2812 896 2902 ambiguitas
923 2826 956 2881 et
979 2815 1102 2883 formae
1132 2828 1165 2885 et
1188 2817 1239 2884 in·

123 2918 272 2985 tellectus
302 2916 336 2981 in
364 2904 527 2981 nonnullis
556 2914 793 2993 derivatorum3
826 2916 873 2983 sic
899 2917 997 3005 vulgo
1027 2928 1240 2986 tutamentum

124 3016 235 3107 ἔρυμα
265 3016 381 3083 dicitur
411 3015 471 3082 sed
497 3014 677 3102 Lycopbro
708 3040 743 3082 se
775 3039 843 3083 non
872 3018 975 3083 tenuit
1004 3019 1084 3104 quin
1112 3019 1240 3105 galeam

124 3122 216 3212 ῥῦμα
237 3119 337 3207 δορός
358 3117 550 3206 appellaret.
592 3117 638 3183 Et
656 3116 690 3180 in
708 3117 748 3182 Il.
763 3116 822 3183 VI.
834 3115 908 3181 305.
925 3115 983 3181 ubi
999 3119 1240 3206 aprecantibus

123 3223 294 3288 invocatur
311 3215 486 3306 ’Ἀθηναίη
518 3215 748 3304 ληνοίαεολις,
779 3216 928 3285 nonnulli
960 3229 1017 3284 aut
1045 3217 1241 3310 ρυσίπεολις

125 3321 333 3389 scribendum
353 3328 409 3384 aut
431 3326 518 3384 certe
539 3339 600 3404 pro
623 3315 685 3384 hoc
703 3318 847 3406 positum
865 3342 938 3386 esse
959 3317 1021 3388 rati
1044 3331 1120 3387 sunt
1140 3322 1242 3393 πλεο-

124 3426 243 3510 νασμῷ
266 3425 327 3491 τοῦ
337 3408 373 3500 ἶ,
396 3442 437 3485 ne
455 3417 653 3507 intelligatur
675 3416 693 3508 ἦ
715 3425 863 3489 ποιοῦσα
884 3421 1013 3507 ἔριπεῖν
1032 3422 1093 3503 τὰς
1114 3420 1241 3504 πόλεις,

124 3548 200 3589 nam
222 3520 438 3610 ἐρυσίπτολις
466 3520 562 3586 etiam
583 3520 787 3588 vastatricem
813 3521 997 3610 significare
1019 3547 1136 3613 posse,
1164 3549 1240 3614 pre·

125 3636 238 3693 cantes
258 3646 335 3690 vero
358 3643 439 3688 voce
461 3622 665 3711 inauspicata
685 3622 847 3691 abstinere
871 3622 1023 3692 debuisse
1037 3627 1080 3714 ⁵).
1124 3627 1241 3713 Itaque

121 3779 467 3799 Μ

195 3869 224 3934 5)
245 3867 341 3922 Verba
365 3883 465 3938 parum
491 3864 639 3918 emendate
664 3862 768 3936 scripta
791 3870 856 3917 sant
879 3863 1052 3938 λρυσίπιολις
1068 3863 1243 3939 πλεονασμὸς

126 3954 173 4008 τοῦ
186 3939 220 4008 ἶ·
240 3955 267 4007 ol
285 3953 317 4007 ιίλ
336 3948 412 4022 παρὰ
426 3953 463 4020 νῷ
476 3943 643 4018 Καλλιμάχῳ
663 3947 723 4018 (Fr.
737 3950 812 4019 tot.)
831 3946 877 4004 τὸν
895 3948 951 4017 οάιιΙ
963 3949 1073 4022 ἀγαθὸν
1087 3951 1174 4022 (Lips.
1188 3953 1243 4004 τῶν

125 4038 177 4094 οὐκ
195 4037 328 4108 ἀγαθῶν)
343 4039 531 4111 ίρυσίνιεολιν·
545 4031 633 4096 ἄλλως
650 4031 665 4104 ἡ
683 4036 801 4090 ποιοῦσα
820 4036 927 4110 ternio»
944 4035 992 4099 εάς
1007 4033 1111 4097 πόλεις·
1124 4031 1242 4108 ἀμεινον

126 4125 157 4179 (λλ
176 4125 336 4196 doctorales
353 4127 400 4177 καὶ
419 4125 523 4179 ολκεῖον
541 4127 597 4181 ταῖς
618 4124 682 4192 περὶ
701 4127 837 4194 σωτηρίας
856 4124 1025 4195 εὐχομένοις.
1055 4120 1241 4178 Callimachus

126 4217 204 4265 certe
216 4208 374 4262 Minervam
389 4209 435 4263 rel
448 4207 530 4263 aliam
544 4208 624 4262 deam
638 4205 790 4261 nominavit
807 4205 918 4280 ἀνδρῶν
932 4207 977 4262 νε]
992 4209 1094 4280 φωνῶν
1108 4207 1157 4263 οὐκ
1170 4207 1242 4279 ἀγα-

180 4312 314 4357 laaback.
333 4312 422 4353 Pathot.
690 4312 696 4323 ‘
1010 4311 1032 4374 4
