2736 4778
170 352 243 423 ¹22
360 355 429 389 *¹
532 344 854 411 DISSERTATIO
884 343 913 407 1.

100 518 103 527 ¹
167 530 335 615 σέλαςη)
357 551 398 594 ex
414 528 601 594 Ruhnksnii
622 529 784 594 sententia
803 528 846 592 ad
865 526 952 593 Tim.
966 525 1018 590 96.
1037 521 1162 603 σαυκνῖς
1184 521 1286 610 ξηρός

166 631 249 696 Hes.
280 628 322 694 ab
354 623 451 708 αὖος,
484 640 522 695 ut
554 631 687 718 opinor3
719 640 777 694 aut
805 629 991 694 merismum
1018 635 1055 691 ut
1081 621 1165 709 εἴρεο
1184 623 1284 708 ostoli

168 731 283 816 (seda)
308 730 341 796 ἐν
366 731 567 820 πλεονασμῷ
589 736 650 797 τοῦ
671 719 880 798 σθὶιοειυδ.
905 728 1002 796 Orth.
1024 725 1105 803 266,
1127 724 1180 789 29.
1202 721 1283 791 εἷ’λω

168 827 289 898 illrum
322 828 428 907 ἴλινος
446 831 504 916 ⁴⁸)
540 830 733 918 pampinus,
773 832 915 907 σέλινον,
952 829 1017 895 nisi
1056 837 1182 892 veteres
1218 823 1284 890 hoo

166 930 286 997 rectius
309 929 351 993 ab
373 927 449 1008 ἕλος
468 943 621 1019 repetunt
641 955 671 996 v.
689 931 792 998 Proll.
809 932 883 998 313.
901 968 943 979 -
968 930 1096 997 Eadem
1117 927 1283 992 distinotio

166 1042 219 1098 est
243 1030 477 1096 vocabulorum
509 1055 595 1118 quae
621 1054 784 1099 consonas
812 1033 848 1099 in
868 1031 1033 1119 principio
1055 1029 1185 1095 habent.
1228 1028 1283 1093 Ex

165 1131 340 1198 labinlibus
365 1132 429 1199 buu
463 1135 627 1219 pertinent
654 1135 740 1200 duae
764 1134 932 1199 nominum
960 1133 1116 1207 familiae,
1146 1152 1284 1216 quarum

167 1242 305 1318 utraque
336 1255 429 1297 suam
459 1244 492 1299 et
522 1236 690 1323 propriam
721 1235 992 1322 significationem
1021 1232 1121 1298 habet
1153 1232 1214 1296 sed
1248 1231 1283 1295 in

167 1356 294 1401 summa
320 1335 531 1412 conveniunt;
560 1337 708 1416 πέλεθος
728 1331 884 1415 duratio,
911 1336 1082 1412 σπέλεθος
1102 1329 1282 1418 ἑλληνικῶς

167 1435 275 1502 Moer.
307 1436 429 1502 πελλία
459 1437 625 1503 σπέλεθοι
652 1438 734 1502 Ηεε.
762 1460 792 1502 v.
821 1435 942 1502 Parall.
965 1435 1038 1499 364.
1069 1433 1189 1519 quibua
1210 1434 1283 1518 jam

167 1536 224 1602 alii
249 1537 448 1601 eruditorum
479 1550 734 1624 composuerunt
759 1535 914 1623 mipollot
939 1535 1013 1600 Nic.
1043 1534 1219 1622 antipodas
1249 1547 1285 1598 et

166 1638 342 1727 Σφυράδες
370 1636 412 1705 τὰ
437 1635 676 1724 διαχωρήματα
704 1643 771 1704 τῶν
792 1636 895 1721 αἰγῶν
916 1636 972 1701 καὶ
995 1633 1174 1721 προβάτων
1199 1636 1282 1698 Hes.

167 1760 189 1805 σ
208 1742 315 1824 [ormo
334 1741 481 1821 qloboru,
512 1740 595 1803 ualle
617 1741 726 1805 bootae
748 1750 903 1805 vocantur
932 1737 1135 1810 uPolladr'o,
1164 1737 1283 1818 pilulae

166 1861 189 1907 u
208 1841 316 1907 Plinio
342 1840 518 1917 Valeriano,
539 1837 645 1922 inquit
664 1838 838 1904 Reiuesius
861 1839 954 1904 Varr.
976 1837 1065 1901 Lett.
1088 1836 1134 1900 ΙΙ.
1157 1835 1188 1913 9,
1208 1836 1281 1900 199.

165 1941 201 2007 Α
223 1937 429 2026 conglobatis
450 1950 559 2003 antem
582 1961 650 2004 non
671 1939 770 2024 louge
791 1938 914 2003 dietam
935 1937 1123 2014 convoluta,
1142 1958 1282 2022 quorum

166 2043 299 2108 nomina
324 2040 448 2106 familia
475 2041 577 2107 altera
605 2039 811 2107 eontinentur
842 2046 968 2121 σπεῖρα
1000 2049 1033 2102 et
1053 2044 1201 2125 σφαῖρα,
1227 2038 1281 2103 oui

165 2143 319 2207 Lacones
341 2144 447 2227 sigma
468 2142 676 2207 detraxerunt
701 2142 893 2229 φαιρίδδειν
920 2141 1064 2205 dieentes
1083 2138 1185 2203 Pron.
1207 2138 1280 2204 362.

167 2241 253 2308 Cum
274 2246 399 2328 σπεῒρα
418 2253 525 2306 autern
549 2254 690 2328 cognata
710 2253 787 2308 sunt
801 2243 923 2329 σπυρίς
945 2252 1058 2327 sporta
1079 2251 1112 2305 et
1129 2237 1225 2328 πήρα
1244 2254 1282 2304 ut

167 2342 209 2407 ab
232 2342 296 2407 alio
310 2342 463 2406 volvendi
478 2344 576 2409 verbo
600 2341 679 2410 allai
702 2339 802 2420 οὔλας
825 2341 843 2430 ἦ
861 2341 955 2431 πήρα
971 2343 1072 2407 Proll.
1084 2341 1158 2406 440.
1192 2341 1281 2406 Num

166 2464 243 2510 vero
272 2443 377 2528 sigma
402 2444 437 2507 in
464 2443 539 2530 ipsa
565 2444 666 2530 stirpe
696 2443 812 2508 horum
832 2443 1066 2509 vocabulorum
1086 2442 1219 2506 insitum
1238 2465 1281 2506 an

166 2545 363 2633 aspiramine
385 2545 475 2610 tenui
496 2545 643 2609 additum
669 2544 721 2622 sit,
743 2555 879 2631 propter
899 2544 1159 2610 obliterationem
1183 2549 1281 2632 etymi

167 2648 345 2734 dijudicare
364 2647 501 2711 arduum
519 2657 578 2712 est.
620 2647 750 2712 Eodem
771 2646 844 2711 loeo
861 2668 1032 2711 oensemus
1052 2648 1182 2733 Πέργυς
1199 2651 1281 2733 πρέ-

75 2785 76 2788 *
166 2755 248 2831 σβυς
277 2749 359 2812 Hes.
390 2771 450 2835 pro
486 2750 633 2834 σσέργυς
665 2750 732 2814 sive
763 2747 901 2831 αρείγας
930 2759 963 2812 et
990 2748 1136 2813 aviculae
1161 2770 1281 2815 nomen

163 2849 352 2931 ’πέργουλος
381 2858 414 2911 et
441 2850 663 2932 σπέργουλος,
684 2851 775 2933 eujus
797 2849 891 2934 origo
912 2850 1053 2914 maxime
1074 2850 1280 2936 disputabilis

165 2971 196 3013 v.
219 2949 321 3014 Proll.
352 2949 422 3014 132.
454 2958 488 3013 et
514 2946 656 3013 Ahrens.
687 2951 769 3015 Dor.
790 2950 863 3014 558.
906 2951 1062 3035 Denique
1082 2952 1207 3016 nullum
1228 2953 1280 3015 in·

165 3051 344 3117 dubitabile
373 3061 406 3116 et
429 3050 585 3115 invictum
606 3051 657 3114 vel
680 3051 868 3137 aphaeresis
890 3052 942 3116 vel
965 3052 1147 3137 pleonasmi
1170 3075 1280 3118 exem-

165 3154 256 3240 plum
285 3154 319 3218 in
348 3153 502 3239 expedito
530 3163 581 3217 est
607 3164 736 3237 praeter
765 3153 855 3238 quod
880 3153 1092 3219 Herodianus
1124 3154 1219 3219 offert
1247 3156 1281 3218 in

163 3255 243 3319 EM.
269 3256 346 3330 724,
369 3255 422 3318 32.
452 3252 561 3318 Cram.
584 3254 612 3317 I.
635 3254 709 3318 362.
738 3257 816 3332 τοὺς
847 3254 975 3339 πυροὺς
1001 3252 1033 3320 ol
1054 3253 1279 3338 Συρακούσιοι

165 3355 315 3439 σπυρούς
336 3355 479 3437 λέγουσι,
496 3377 571 3418 num
592 3354 733 3418 triticum
749 3377 767 3416 a
783 3355 892 3420 colore
907 3354 1028 3420 burrho
1045 3378 1165 3421 nomen
1181 3354 1281 3420 habet

164 3473 231 3516 non
252 3477 271 3515 a
293 3454 423 3532 σπείρω
441 3463 479 3516 ut
491 3455 601 3520 Schol.
612 3454 726 3539 Apoll.
738 3455 802 3518 ΙΙΙ.
814 3456 887 3521 413.
906 3455 1035 3540 nauplio
1055 3455 1171 3542 πυρός,
1189 3457 1280 3541 quod

166 3553 322 3637 prosodia
348 3552 481 3627 refellit3
514 3554 628 3634 πάλαξ
659 3577 719 3640 pro
752 3555 888 3637 σπάλαξ
915 3558 1046 3622 codices
1073 3558 1203 3621 Aelian.
1232 3560 1280 3622 Η.

234 3767 280 3838 tt)
294 3768 374 3837 Ἓλη,
394 3773 451 3839 atla
470 3771 588 3827 fumasse
606 3790 662 3827 non
680 3773 801 3827 calorem
822 3773 962 3843 significat
980 3778 1031 3830 sed
1049 3776 1186 3831 clarorem
1206 3776 1278 3831 cosli

163 3853 271 3920 sereni,
291 3854 337 3926 qui
355 3863 482 3925 tempore
499 3856 605 3910 aestivo
621 3858 761 3912 fervorem
774 3860 871 3925 affert,
892 3862 1010 3916 hiberno
1024 3863 1122 3933 frigus,
1137 3863 1216 3935 quod
1227 3881 1280 3917 uos

165 3941 281 3995 dicimus
299 3937 469 4003 Froalbelle,
487 3941 574 3994 Siculi
593 3949 621 3993 et
637 3941 703 3996 Osci
723 3946 816 4009 γέλαν,
835 3944 909 4013 ρεΙα.
932 3938 934 3943 ’

232 4032 276 4094 43)
296 4029 387 4099 llujus
409 4029 514 4084 vocalis
533 4026 624 4081 media
641 4027 734 4080 brevis
755 4039 798 4080 est
818 4030 869 4081 sed
887 4034 1044 4086 necessario
1063 4034 1231 4102 producitur
1250 4033 1279 4086 in

164 4114 318 4182 composito
330 4116 424 4198 Noup.
435 4114 581 4167 xviam.
597 4108 750 4180 ἑλινορὸρῳ
764 4112 793 4166 dl
808 4113 937 4184 κοριῑμβῳ
951 4125 979 4169 et
991 4118 1084 4172 XVII.
1093 4120 1152 4172 333.
1171 4117 1279 4188 Βάκχον

161 4194 218 4266 μὲν
234 4194 403 4265 θεράποντες
421 4192 586 4266 ἐλαιοφόρου
603 4191 751 4250 Διονύσου.
788 4196 872 4258 Quod
891 4199 974 4256 Thes.
990 4221 1011 4257 s.
1025 4206 1053 4256 h.
1067 4223 1093 4258 r.
1109 4204 1280 4277 proponitur

163 4278 346 4353 σελινοαὸρου
367 4302 459 4355 neque
478 4280 569 4335 versui
590 4279 721 4335 convenit
740 4299 832 4352 nequo
853 4285 916 4338 deo.
