2736 4778
129 376 208 450 292
421 369 741 439 DISSERTATIO
770 370 816 436 11.
860 368 951 441 Ρ.,Ι.

214 557 240 639 ξ.
262 553 293 619 5.
336 554 515 621 Vocabulis
537 556 571 619 in
595 555 758 621 declinata
778 553 910 619 mutatis
937 553 1144 622 adnumerari
1167 582 1253 647 pos-

130 666 206 723 sunt
228 660 320 745 μῆρα
349 667 381 721 et
410 661 486 722 σῖτα
514 679 553 721 ea
580 657 707 721 ratione
736 655 827 740 quod
855 655 995 741 pluralia
1015 664 1141 724 tantum
1162 675 1251 728 sunt.

129 759 200 827 Sed
227 756 277 821 his
309 757 492 844 profligatis
520 756 602 821 nihil
627 767 728 822 restat
763 767 893 844 praeter
923 757 1056 822 nomina
1085 764 1253 846 quaedam

129 881 269 946 qnorum
290 880 385 924 casus
408 858 532 942 obliqui
555 879 614 923 seu
624 859 701 942 jure
720 857 789 923 sive
809 859 928 943 injuria
950 860 993 924 ad
1010 855 1254 929 nominativum

127 961 161 1027 in
180 948 215 1039 Ῑς
236 961 426 1026 referuntur.
469 958 600 1023 Primus
624 970 674 1024 est
693 958 834 1023 nominis
856 960 980 1046 proprii
1001 963 1165 1046 genitivus
1186 963 1250 1030 ba.

127 1074 264 1149 rytonua
299 1064 413 1138 Θῶνος
441 1083 471 1124 v.
501 1059 622 1125 Parall.
651 1059 701 1125 73.
732 1082 829 1144 quem
861 1060 1070 1128 Theodosius
1099 1065 1248 1131 Gramm.

129 1164 231 1241 1013,
262 1162 312 1226 14.
342 1160 515 1246 dupliciter
540 1160 682 1248 explicat
708 1158 745 1226 ίκ
773 1164 834 1248 τῆς
865 1159 1014 1242 Θώνιδος
1035 1160 1249 1255 (Θῶνιος)ἢ

133 1261 284 1340 Θόωνος,
304 1283 365 1327 nec
390 1262 540 1327 dissentit
561 1262 723 1326 Arcadius
748 1261 822 1339 128,
845 1262 897 1326 20.
927 1264 1019 1346 cujus
1040 1264 1141 1330 verba
1162 1289 1181 1328 a
1205 1266 1247 1330 li-

128 1360 244 1431 brariis
268 1363 414 1426 mutilata
442 1363 482 1429 τό
511 1365 625 1439 Θῶνος
658 1358 728 1428 ἀπὸ
757 1365 818 1429 τοῦ
848 1359 997 1440 Θώνιδος
1028 1362 1086 1431 καὶ
1115 1360 1248 1443 Θιόνισς

129 1460 272 1541 ἲωνικῶς
299 1462 368 1529 καί*
386 1459 505 1547 κράσει
538 1465 666 1540 Θῶνος,
695 1456 716 1549 ἢ
746 1457 815 1528 άπὸ
845 1467 907 1529 τοῦ
945 1459 1074 1543 Θώνιος
1107 1459 1248 1544 εὐθείας

127 1563 214 1631 κατὰ
244 1560 411 1650 σογκοπήν
438 1564 485 1627 ita
507 1562 714 1628 resarcienda
743 1572 818 1627 sunt
847 1555 916 1629 άπὸ
944 1568 1003 1630 τοῦ
1030 1560 1165 1641 Θόωνος
1189 1568 1248 1633 καὶ

127 1661 246 1752 κράσει
271 1658 424 1748 Θῶνοςῆ
447 1656 516 1749 άπὸ
540 1668 599 1751 τῆς
625 1665 733 1741 Θῶνις
751 1659 891 1740 εὐθείας
912 1657 932 1750 ἢ
955 1661 1065 1751 γενικὴ
1094 1661 1248 1744 Θώνιδος

129 1765 187 1831 καὶ
223 1761 352 1841 Θώνιος
385 1760 442 1829 καί
472 1766 623 1850 συγκοπῇ
659 1764 847 1847 Θῶνοςῖθ).
903 1763 972 1829 Sed
1003 1786 1111 1829 moras
1144 1765 1248 1829 nectit

128 1864 277 1934 Joanncs
304 1885 337 1949 p.
367 1862 418 1926 10.
448 1858 674 1950 σεσημείωται
701 1860 739 1927 τό
767 1865 895 1941 Θῶνος·
923 1860 955 1930 εἰ
981 1862 1043 1953 γὰρ
1064 1861 1246 1952 συνεκόπη,

128 1959 270 2044 ῶξόνετο
293 1958 334 2031 div
355 1957 401 2040 ῶς
422 1957 442 2049 ἦ
466 1959 609 2045 πατρός,
629 1961 769 2047 μητρός·
796 1958 872 2029 άίλ>
903 1959 981 2031 οὐδὲ
1004 1959 1184 2052 συνῄρηται
1206 1962 1246 2029 ἐκ

126 2067 187 2151 τῆς
206 2064 338 2142 Θέωνος
355 2063 443 2147 (εἰσ),
465 2056 656 2149 ἀμάρτυρον
672 2059 744 2148 γάρ.
790 2063 859 2130 Sed
879 2065 994 2150 regula
1015 2065 1079 2128 ista
1099 2064 1141 2129 de
1160 2086 1247 2148 oxy-

127 2166 234 2230 tonesi
263 2165 479 2250 genitivorum
508 2184 654 2249 syncope
682 2164 872 2229 affectorum
899 2166 1012 2230 nititur
1039 2186 1159 2250 genere
1181 2187 1244 2230 no·

127 2266 252 2329 minum
272 2264 370 2350 longo
393 2265 531 2340 diverso,
553 2265 640 2328 unde
658 2263 863 2343 catholicum,
887 2268 977 2351 quod
996 2265 1122 2343 dicitur,
1146 2287 1246 2351 prae·

128 2376 260 2451 ceptum
292 2364 410 2429 ducere
435 2364 624 2448 religiosum
653 2376 711 2430 est.
763 2366 835 2431 Nec
867 2367 1004 2431 validius
1033 2366 1248 2453 impugnatur

128 2461 321 2551 synaeresis.
366 2464 458 2546 Quid
480 2464 566 2528 enim
584 2486 701 2529 causae
723 2466 788 2530 dici
806 2477 916 2552 potest
933 2489 990 2532 cur
1006 2489 1124 2533 nomen
1144 2462 1245 2532 Θόων

127 2567 252 2633 homini
268 2565 437 2650 Aegyptio
460 2564 567 2628 minus
589 2566 762 2630 conveniat
776 2590 875 2652 qnam
890 2568 1035 2651 Trojano
1053 2579 1085 2632 et
1099 2565 1243 2631 Phaeaci

58 2670 64 2689 “·
128 2668 260 2732 aliisve?
282 2666 469 2732 Difficultas
492 2665 525 2727 in
546 2665 609 2729 hoc
630 2689 696 2731 uno
720 2668 867 2732 consistit
881 2669 970 2753 quod
986 2691 1148 2753 nusquam
1167 2670 1243 2732 Θῶν

129 2768 265 2832 aliumve
294 2789 405 2832 casum
431 2774 631 2830 contractum
656 2768 836 2852 reperimus
867 2769 914 2833 sic
935 2780 971 2832 ut
985 2766 1163 2836 Ἱπποθῶν
1180 2789 1243 2853 pro

122 2861 332 2946 Ἱπποθόων,
362 2870 500 2950 πρῶσαι
532 2889 592 2952 pro
622 2871 793 2953 προῶσαι,
824 2878 857 2933 et
886 2869 1016 2933 omnino
1048 2868 1182 2933 nomina
1207 2867 1243 2931 in

127 2953 195 3037 diu—v
219 2978 346 3055 praeter
366 2989 450 3052 quae
469 2953 545 3033 {in
565 2967 708 3054 genitivo
731 2968 904 3054 accipiunt,
929 2992 996 3033 non
1016 2979 1137 3033 extant.
1173 2969 1243 3036 Sed

126 3092 194 3137 non
215 3071 321 3156 magis
344 3069 559 3134 demonstrari
582 3078 692 3155 potest
712 3068 781 3132 iota
798 3079 872 3134 ante
889 3070 1131 3135 terminationes
1153 3057 1243 3148 odet

125 3159 150 3240 ἶ
162 3172 277 3238 elisum
299 3194 381 3237 esso.
423 3171 477 3234 De
501 3170 609 3234 dativo
633 3170 766 3254 quidem
792 3169 826 3236 ἐν
847 3167 919 3237 κόνι
942 3163 1017 3257 άγχι
1039 3166 1149 3255 πυρός
1172 3169 1244 3235 Od.

124 3272 190 3340 XI.
217 3274 288 3337 191.
317 3269 475 3336 deliberat
497 3269 697 3336 Seholiastes
723 3281 830 3335 utrum
858 3272 899 3335 sit
922 3270 1007 3337 κατὰ
1028 3265 1242 3356 σνμιοτιὴνῆ

125 3373 212 3440 κατὰ
238 3369 428 3457 σονοίρεσιν
450 3381 482 3435 et
506 3370 549 3433 ad
567 3370 607 3434 ΙΙ.
630 3372 672 3437 V.
695 3371 767 3436 299.
791 3361 1059 3456 dlxi-dipsade
1085 3368 1242 3436 ἐκτείνειν

125 3460 210 3540 ati-t.
255 3473 324 3539 Sed
353 3494 521 3558 syncopen
549 3472 602 3536 vel
629 3493 801 3559 apocopen
829 3470 1040 3554 relinquimus
1075 3470 1242 3534 versifica·

126 3571 252 3638 toribus
274 3572 484 3651 Christianis,
508 3573 564 3658 qui
589 3573 768 3638 dativorum
789 3569 875 3651 κόνι,
899 3568 998 3649 πόσι,
1022 3567 1116 3654 λάιρι
1142 3570 1244 3657 sylla·

125 3671 203 3739 bam
233 3673 377 3736 ultimam
409 3685 566 3759 sequente
594 3696 740 3740 consona
770 3673 949 3757 corripiunt
980 3694 1011 3736 v.
1034 3669 1171 3738 Jacobs.
1198 3669 1241 3733 ad

125 3772 228 3842 Anth.
253 3795 285 3858 p.
309 3772 382 3835 417.
425 3775 480 3838 De
501 3774 644 3858 antiquis
665 3773 754 3837 aliud
775 3771 876 3836 volet:
902 3766 948 3849 ῶς
969 3766 1040 3840 άπὸ
1062 3775 1121 3839 τοῦ
1142 3775 1243 3858 μῆτις

124 3874 219 3964 μήτοι
244 3870 302 3938 καὶ
330 3866 447 3955 κράσει
472 3869 565 3960 μήτε,
593 3871 679 3939 οἷίτω
710 3872 808 3949 Θέτις
837 3870 932 3949 Θέτι,
955 3877 1046 3960 νῇνις
1066 3867 1137 3959 νήνι
1158 3869 1241 3937 ΕΜ.

124 3975 204 4054 448,
222 3973 274 4040 25.
305 3966 444 4049 κόνιός
469 3973 549 4040 Θέτι
572 3971 650 4040 Sch.
674 3970 713 4037 ll.
736 3969 871 4039 XXIV.
895 3971 945 4037 18.
973 3972 1026 4036 cui
1050 3969 1240 4057 Stephanus

125 4125 458 4141 ψ*-

194 4206 242 4273 23)
260 4207 366 4261 Insulae
383 4206 597 4262 Choeroboacus
616 4204 684 4263 Can.
698 4207 758 4261 tto.
787 4209 881 4268 Θῶνος
897 4205 1007 4277 gravari
1024 4205 1092 4261 dicit
1109 4204 1242 4278 exemplo

118 4288 359 4362 'nominativorum
377 4284 460 4357 ῶνσς,
480 4294 575 4352 κῶνος.
