2736 4778
196 368 262 433 ou
285 364 504 434 sincera
526 364 672 430 unius
694 363 915 433 vocaus.
949 365 989 433 c.
1001 368 1046 433 11.
1064 372 1089 453 ι.
1101 370 1132 433 4.
1162 368 1239 444 aar

119 551 281 634 ῗπιιιμαι,
319 572 385 635 quo
417 547 635 632 elegantiores
666 547 841 634 scriptores
872 547 1051 627 abstinent3
1088 553 1129 616 ad
1163 574 1239 638 par-

121 654 241 717 leetum
269 671 348 715 vero
380 650 572 732 πέπναμαι,
601 648 692 733 quod
721 647 885 713 ordinario
910 653 1120 735 πιπίιαομοι
1144 676 1240 738 prae-

121 755 238 818 ferunt.
745 796 748 801 ·

208 857 234 937 t.
260 852 292 916 4.
336 851 392 915 De
424 870 569 935 syncope
599 848 742 935 syllabae
776 849 941 915 secundae
974 861 1007 914 et
1039 852 1243 936 sequentium

123 953 302 1039 antiquitus
321 951 440 1014 tradita
455 951 534 1016 haec
550 961 642 1015 sunt:
665 952 759 1035 παρὰ
785 951 820 1016 ai
841 946 966 1033 ιἰὀενος
990 949 1112 1033 γίνεται
1137 944 1244 1033 tityrus<

126 1060 212 1119 καιὰ
229 1042 470 1138 ονγκοπον,.οἷι
492 1048 511 1140 ἢ
535 1054 652 1141 douaii
672 1057 719 1138 τῷ
743 1044 840 1133 ἅφνει
866 1051 960 1133 παρὰ
983 1049 1145 1138 Πινδάρῳ
1163 1052 1242 1118 ΕΜ.

128 1152 281 1231 178,10.
315 1153 492 1238 eademque
522 1152 660 1229 vocalis,
691 1174 775 1237 quae
808 1164 951 1218 servatur
984 1152 1019 1216 in
1050 1153 1243 1240 compositis

127 1250 306 1340 εῧηιμενιξς,
341 1253 522 1342 pirama-arse,
561 1253 654 1318 deest
687 1254 838 1319 derivatis
872 1250 1031 1334 ἀφνειός,
1068 1251 1241 1343 ἀμνήμων.

125 1354 213 1421 Miro
230 1354 329 1420 modo
342 1356 560 1421 Buttmannus
580 1356 614 1419 in
630 1356 713 1420 Lex.
726 1355 754 1421 I.
769 1357 823 1421 47.
839 1355 1012 1421 arbitratur
1026 1378 1066 1421 ex
1083 1350 1242 1440 ἄφθονος

125 1457 246 1521 factum
261 1478 333 1521 esse
352 1452 460 1539 ἄοινος
477 1468 510 1521 et
526 1456 602 1522 hinc
620 1468 729 1522 cetera
743 1457 847 1523 vocali
864 1458 963 1522 modo
981 1467 1125 1521 assumta
1141 1457 1241 1522 modo

124 1558 312 1644 repudiata3
344 1557 545 1643 Apollonius
577 1558 611 1622 in
640 1559 722 1623 Lex.
752 1581 826 1623 cum
858 1559 931 1635 ε”νος
958 1556 1010 1622 vel
1040 1578 1114 1621 cum
1143 1559 1242 1624 πιννό

124 1658 343 1744 compositum
370 1669 497 1735 censet,
527 1660 587 1724 sed
611 1682 725 1725 vereor
752 1682 793 1725 ne
822 1660 920 1746 etymi
950 1658 1136 1725 inveniendi
1164 1680 1241 1745 spes

123 1759 157 1823 in
183 1774 380 1846 perpetuum
411 1759 595 1842 abjicienda
622 1761 674 1826 sit.
721 1761 860 1828 Vitiosis
888 1762 977 1827 libris
1007 1783 1087 1827 usus
1114 1760 1244 1825 videtur

124 1860 403 1938 Eustathius481‚
416 1862 469 1926 37.
489 1869 568 1943 ιάχα
589 1859 670 1928 καθ’
693 1864 876 1953 ομοιοιοτο
896 1870 953 1928 νοῦ
973 1859 1121 1948 ‘insyria
1136 1858 1242 1925 cinaris

126 1960 253 2047 εἴρομαι
282 1956 365 2041 παρ’
384 1959 606 2046 ἶιριονοιέλει
632 1965 686 2028 arri
709 1960 833 2047 ἓρπτον
853 1964 890 2029 ni
912 1960 1062 2046 ἔρπετον,
1085 1963 1245 2026 namhoc

127 2062 446 2148 pervulgatissimum
466 2085 587 2128 nornen
611 2063 652 2127 ab
670 2062 848 2128 Aristotele
868 2063 1069 2126 immutatum
1091 2084 1162 2127 esse
1185 2062 1244 2125 ad·

126 2163 261 2227 modum
288 2164 480 2230 incredibile
509 2178 558 2229 est
587 2178 619 2228 et
647 2180 815 2250 praeterea
840 2185 1004 2228 consonae
1034 2150 1106 2246 ρ’ἷῖ
1126 2184 1244 2228 conve-

127 2265 221 2328 niunt
248 2264 283 2329 in
308 2288 376 2331 uno
406 2286 512 2351 eoque
543 2265 678 2330 desueto
706 2264 866 2330 vocabulo
895 2267 1049 2348 μάριιινι.
1100 2264 1243 2352 Suppari

129 2364 307 2451 scripturae
326 2365 446 2431 mendo
469 2367 625 2453 deceptus
641 2365 807 2453 Reisigius
823 2366 970 2454 Conject.
985 2366 1020 2431 in
1032 2367 1133 2432 Arist.
1149 2368 1242 2453 p.29.

129 2466 274 2532 Graecos
302 2466 459 2550 πάροινος
482 2490 543 2555 pro
570 2472 741 2550 παρθένοι·
768 2469 889 2534 dixisse
916 2469 1063 2532 affirmat.
1100 2463 1245 2543 ’Ἀεπτος

129 2568 156 2632 si
181 2567 216 2631 id
247 2567 337 2652 quod
364 2567 463 2654 vulgo
493 2569 629 2634 sumitur
658 2569 837 2657 significat,
871 2591 938 2634 non
968 2592 1008 2633 ex
1038 2565 1181 2644 ἀν’πειος
1209 2576 1245 2629 ut

129 2668 240 2736 Schol.
262 2669 381 2756 Agara.
406 2670 477 2736 139.
500 2682 698 2737 contractum
722 2672 782 2736 sed
807 2672 859 2736 via
880 2670 1028 2757 proxima
1050 2667 1092 2733 ab
1115 2667 1244 2752 ἕπομαι

130 2770 326 2835 declinatum
355 2782 403 2835 est
430 2783 467 2835 ut
492 2766 647 2850 ἄελπτος.
671 2811 712 2820 -
747 2772 883 2861 Ποιμήν
914 2773 1087 2852 ποιμένιος
1115 2770 1172 2835 καὶ
1204 2770 1242 2834 ri

130 2874 304 2956 οιόἐιιμον
330 2874 501 2947 ποιμένων
524 2873 577 2939 καὶ
600 2871 760 2955 ποίμνιον
783 2876 869 2939 κατὰ
892 2878 1062 2957 or-yxonrja
1082 2870 1192 2957 Epim.
1215 2869 1243 2934 I.

130 2972 203 3037 101.
232 2970 268 3037 ἓν.
296 2976 355 3037 aori
383 2977 541 3051 ποιμένος
571 2975 690 3056 γίνιιοι
724 2971 865 3055 curiosity
896 2971 953 3035 καὶ
985 2972 1158 3049 ποιμὲνιον
1188 2972 1246 3035 καὶ

131 3078 285 3158 trimanus]
309 3069 433 3157 ποίμνη
456 3069 612 3150 ποίμνιον
633 3074 714 3137 ΕΜ.
730 3072 803 3146 678,
822 3071 874 3133 53.
911 3070 1061 3155 Ποιμένιί
1083 3092 1246 3152 nusquam

128 3172 258 3258 legitur,
280 3182 429 3237 neutrum
454 3174 624 3251 ποιμένων
646 3194 686 3236 ex
706 3194 772 3235 uno
795 3169 1006 3255 cognovimus
1022 3169 1181 3256 Oppiano
1205 3193 1245 3235 eo

129 3296 242 3339 versus
264 3274 338 3340 loco
360 3275 553 3339 collocatum
579 3295 645 3357 quo
668 3276 825 3356 ποίμνιον
847 3294 912 3337 non
935 3271 1101 3348 convenit,
1132 3283 1165 3337 et
1186 3272 1244 3335 ad-

128 3376 275 3441 verbium
294 3399 313 3440 a
327 3376 503 3441 Theodoto
519 3388 711 3462 usurpatum
729 3375 912 3457 natyaat‘a
926 3376 989 3459 ι1).
1015 3375 1127 3456 Quare
1143 3398 1244 3462 epen-

130 3477 232 3542 thesis
255 3479 399 3563 suspicio
424 3478 558 3564 propior
580 3499 676 3561 quarn
702 3498 884 3562 syncopae3
910 3487 942 3539 et
965 3488 1001 3538 ut
1022 3500 1042 3538 a
1065 3474 1164 3560 κρύος
1187 3477 1244 3542 de·

131 3580 268 3643 rivatum
295 3592 345 3643 est
373 3584 516 3661 κριιμνος
542 3579 619 3661 (nisi
646 3578 806 3663 scriptura
827 3576 922 3659 fallit)
950 3599 969 3638 a
992 3584 1047 3659 κρῖ
1068 3577 1243 3668 κρίμνονὴ

133 3684 237 3769 κριθή
261 3681 354 3748 Suid.
372 3679 413 3745 ab
438 3677 521 3762 iptio»
544 3681 689 3763 (ἴοιμι)
709 3678 864 3762 ἐρυμνῷ,
889 3678 935 3741 ita
957 3676 997 3741 ab
1021 3688 1127 3764 etymo
1154 3680 1245 3764 quod

131 3782 165 3845 in
193 3790 270 3845 trata
298 3794 435 3871 apparet
460 3781 609 3868 proxime
638 3778 729 3844 abest
758 3780 898 3866 ποίμνη,
928 3779 980 3845 cui
1009 3780 1125 3844 similia
1154 3783 1247 3845 affert

131 3970 274 4040 praesenti
294 3967 454 4039 applicatur
475 3986 499 4022 e.
520 3985 544 4022 c.
560 3966 680 4022 ’Λποίοον
699 3965 848 4035 ἀπονέμω,
863 3964 985 4028 Ἐξονὺω
1006 3968 1150 4029 ἐκτελέσω,
1175 3980 1245 4016 nnn·

134 4074 216 4125 quarn
237 4057 375 4126 perlecto.

206 4147 248 4201 lo)
260 4142 447 4209 Ἑμοοίμννον
458 4158 510 4210 pro
526 4141 682 4207 ἔιιποιμνον
695 4139 833 4209 praebent
846 4138 950 4190 suidas
963 4134 1049 4189 Etlitt.
1061 4144 1127 4188 vett.
1141 4143 1245 4191 ulrum·

134 4246 189 4297 que
214 4226 319 4296 paritur
343 4227 478 4294 ignotius.
518 4217 708 4295 Πινιμενιῗμχης
728 4225 803 4293 apud
826 4223 976 4292 scriptores
1000 4220 1164 4275 christianos
1189 4243 1245 4277 non

136 4315 235 4365 durem
256 4311 350 4382 gregis
371 4311 528 4378 significare
549 4311 659 4363 videtur
679 4312 727 4362 sed
747 4310 792 4363 νῖν
811 4307 1003 4378 rapinantes«.
