2736 4778
150 374 232 444 οιν-
508 342 830 435 mssbnrsmo
857 368 900 436 v.
963 442 968 457 ,
1036 317 1042 325 ’

150 565 208 619 sut
223 576 290 619 non
308 562 458 618 accurate
476 550 596 629 collsts
612 548 787 618 babemus:
807 547 873 621 ὑπὸ
893 548 986 618 κάτω
1008 555 1140 637 πετρῶν
1154 554 1261 643 Apol·

147 655 214 722 lon.
231 654 320 720 Hist.
333 652 505 721 XXXVI.
522 652 574 719 85.
596 654 648 719 ed.
667 654 793 720 Teucb.
813 652 865 718 cui
887 652 1161 719 Westermcnnus
1184 654 1260 720 sub·

149 757 252 824 stituit
276 752 435 823 όποκάτιν
461 763 498 820 ut
521 754 634 842 psullo
657 768 736 845 post
761 752 913 821 scribitur
937 750 970 820 ολ
997 748 1152 838 ὑπεράνω
1176 752 1260 839 Σάρ-

146 884 229 927 τεινν
258 879 286 923 c.
312 855 520 922 XXXVIII.
546 855 598 921 85.
628 850 715 944 άπὲρ
742 847 812 923 άνιο
840 855 875 919 in
903 855 976 920 cod.
1004 854 1144 919 Lucium.
1171 856 1259 923 Did.

144 962 247 1028 Deor.
269 959 331 1027 IV.
356 958 388 1023 2.
415 951 491 1023 κατ’
517 951 665 1025 όπισθεν
692 958 728 1024 in
755 957 851 1024 codd.
879 954 1020 1043 Joseph.
1041 958 1136 1021 Anu.
1156 956 1258 1023 XIII.

144 1063 182 1140 4,
203 1060 277 1126 641.
308 1060 409 1143 (nunc
435 1051 594 1141 κατόπιν)
624 1052 691 1125 ἀπ’
720 1053 854 1125 άνιοθεν
883 1057 999 1124 Galen.
1025 1056 1114 1144 Eup.
1137 1056 1185 1123 Π.
1207 1058 1256 1123 24.

146 1185 179 1250 p.
200 1160 274 1226 469.
299 1160 341 1248 Τ..
362 1158 460 1233 XIV.
489 1151 559 1225 άπό
582 1151 715 1225 άνωθεν
735 1158 763 1224 Ι.
788 1158 838 1235 16,
860 1157 934 1224 387.
962 1167 995 1224 et
1020 1157 1129 1224 bisin
1150 1158 1195 1225 N.
1218 1158 1256 1225 Τ.

144 1264 180 1341 ἐς
201 1257 353 1345 πρόσθεν
374 1256 486 1327 Sebol.
507 1258 586 1324 Eur.
608 1260 692 1324 Hoc.
713 1258 788 1325 961.
811 1258 847 1339 ἐξ
869 1256 1065 1346 ἔμπροσθεν
1085 1261 1120 1325 in
1141 1260 1254 1327 LXX.

143 1365 227 1449 ρὲων
250 1358 306 1440 εἷο
322 1355 455 1427 άνωθεν
478 1359 598 1451 Libsn.
619 1359 715 1426 Decl.
737 1360 779 1425 Τ.
802 1360 830 1426 Ι.
852 1359 925 1426 329.
953 1360 1017 1426 nisi
1043 1360 1073 1426 is
1098 1353 1148 1439 εἷς
1175 1363 1256 1428 iodi-

142 1468 230 1531 citus
256 1462 402 1551 scripsit,
431 1461 521 1546 quod
543 1461 696 1527 convenit
716 1460 928 1548 sequentibus
954 1455 1026 1529 elsa
1047 1460 1157 1546 τεμών
1172 1456 1254 1535 ἑαν-

141 1562 199 1632 τόν
220 1559 418 1651 περιβάλλει
442 1565 481 1629 τὸ
502 1560 633 1646 χωρίον.
677 1559 738 1641 Εἷς
759 1556 871 1631 όπίσιο
895 1561 1010 1644 Quint.
1032 1563 1093 1631 VI.
1114 1560 1192 1629 584.
1214 1563 1254 1627 sd

142 1665 274 1732 solitum
295 1663 457 1730 revocavit
473 1661 636 1749 Koechly.
679 1662 720 1728 In
741 1664 780 1728 ll.
796 1663 844 1729 X.
860 1664 934 1730 273.
957 1662 1097 1750 λιπέτην
1118 1664 1157 1732 ts*
1177 1657 1253 1731 κατ’

134 1762 267 1835 ἀότόθι
301 1763 431 1843 πάντας
465 1763 501 1829 id
533 1774 583 1829 est
619 1765 837 1851 τιαττλιπέτην
872 1766 1047 1831 nonnullos
1084 1766 1253 1853 scripsisse

139 1863 327 1933 καταυτόθι
350 1876 488 1953 apparet
512 1886 530 1931 e
553 1862 773 1949 Schol.'pooi
795 1868 974 1955 παρέλκειν
994 1865 1056 1956 τὴν
1076 1863 1252 1949 πρόθεσιν,

139 1967 193 2036 ded
224 1960 405 2056 φυλάσσειν
432 1966 490 2033 τόν
514 1963 619 2033 τόνον.
662 1964 805 2031 Wolfius
835 1977 867 2032 et
895 1966 949 2034 hic
977 1967 1252 2055 praepositionem

140 2068 315 2156 seperatim
341 2067 473 2156 s'cripsit
500 2078 533 2133 et
553 2066 655 2133 XXI.
679 2066 731 2132 20.
759 2068 855 2135 τόνδε
881 2061 958 2134 κατ’
984 2064 1106 2135 αότόθι
1129 2070 1250 2141 λεῖπεν,

138 2169 281 2254 itemque
308 2168 487 2235 Wellauer.
515 2167 629 2257 Apoll.
655 2167 685 2233 1.
716 2167 807 2235 1356.
839 2162 918 2235 κατ’
952 2163 1075 2235 αι’·ιόθι
1106 2164 1250 2236 νάσσατο

137 2271 283 2348 παῖδας,
301 2270 360 2335 sed
372 2269 541 2337 Theocriti
559 2269 701 2353 editores
717 2268 886 2335 novissimi
900 2268 1017 2337 XXV.
1030 2268 1102 2335 154.
1116 2266 1251 2337 λιπόντε

26 2449 28 2453 Ι
138 2369 327 2436 καταυτόθι
347 2365 469 2456 άγροάς
485 2370 709 2458 praetulerunt
728 2370 900 2455 disjuncto,
919 2382 953 2437 et
967 2364 1122 2457 Koechly
1136 2370 1249 2455 Quint.

136 2469 220 2536 XII.
247 2470 320 2536 348.
350 2471 433 2537 adeo
467 2462 581 2537 contro
611 2471 709 2539 codd.
740 2471 926 2539 καταυτόθι
958 2471 1079 2557 μίμνον
1111 2472 1258 2560 scripsit..

135 2571 281 2637 Rectene
307 2594 348 2636 cn
370 2594 463 2638 secus
481 2573 536 2637 vix
555 2573 729 2658 quisquam
749 2572 956 2639 arbitrabitur
963 2598 972 2650 3
1001 2595 1109 2658 neque
1132 2574 1248 2640 certius

136 2683 187 2738 est
208 2672 404 2758 primitivum
428 2674 496 2740 Od.
516 2673 563 2739 X.
585 2674 659 2741 567.
685 2670 835 2756 ἑζόμενοι
857 2674 894 2741 δὲ
917 2668 991 2740 κατ’
1015 2666 1112 2755 αὖθι,
1136 2674 1248 2762 Apoll.

134 2772 181 2838 Π.
206 2772 280 2839 528.
311 2767 387 2839 κατ’
416 2768 500 2843 αὖθι
529 2773 660 2860 μίμνον.
714 2774 783 2842 Ubi
815 2798 891 2842 vero
924 2776 1047 2840 nullum
1079 2776 1248 2842 intercedit

134 2874 296 2961 ejusmodi
323 2874 457 2941 verbum
490 2876 580 2963 quod
611 2899 685 2943 cum
714 2877 958 2965 praepositione
990 2866 1067 2965 epte
1096 2877 1247 2965 componi

133 2976 253 3063 possit,
275 2977 390 3043 merito
410 2978 568 3064 probetur
590 2978 793 3063 conjunctior
816 2977 1001 3045 καταυτόθι
1025 2977 1144 3057 τέτμον
1167 2974 1246 3044 ἅνα-

131 3101 194 3144 κτα
215 3078 329 3166 Apoll.
339 3078 401 3147 IV.
419 3079 492 3146 537.
515 3075 701 3146 καταυτόθι
725 3074 899 3164 δράγματα
921 3085 1028 3144 κεῖται
1051 3078 1168 3161 Quint.
1183 3080 1245 3145 Ill.

131 3177 204 3244 376.
227 3184 317 3245 κεῖτο
340 3174 538 3263 παραυτόθι
560 3179 620 3248 VI.
637 3179 711 3245 440.
734 3180 887 3265 idemque
911 3179 1061 3245 convenit
1082 3181 1122 3245 ll.
1143 3180 1245 3246 XXI.

130 3280 204 3344 344.
229 3279 340 3363 νεκροὶ
362 3281 399 3347 οἵ
418 3285 460 3365 ῥα
481 3276 557 3347 κατ’
583 3275 704 3347 αὐτόθ’
727 3278 803 3358 ἅλις
829 3278 922 3359 ἕσαν,
951 3279 1069 3366 quibus
1096 3280 1245 3349 omnibus

129 3380 211 3446 locis
239 3381 336 3446 codd.
368 3391 400 3446 ct
429 3381 504 3446 edd.
533 3381 665 3447 vadant.
714 3380 755 3449 Oi
787 3382 823 3450 ἐν
854 3378 977 3450 αι”τόθι
1007 3377 1142 3465 ἄνδρες,
1180 3406 1245 3468 quo

128 3480 241 3549 Schol.
263 3482 376 3568 Apoll.
399 3482 445 3548 11.
468 3482 541 3548 965.
566 3484 684 3562 utitur,
713 3482 908 3553 Schuelerus
936 3507 969 3570 p.
987 3484 1061 3548 200.
1088 3482 1152 3549 hoc
1180 3507 1244 3550 uno

129 3582 279 3668 exemplo
312 3606 379 3649 non
410 3584 488 3650 setis
520 3586 681 3651 firmatum
712 3597 815 3674 putot.
868 3584 1021 3651 Ceterum
1055 3578 1182 3652 αὐτόθι
1215 3596 1245 3650 et

128 3678 272 3750 ericodes
294 3704 313 3746 s
334 3682 494 3771 τηλόθεν,
517 3683 640 3772 τηλόθι
667 3698 700 3753 et
726 3685 884 3753 similibus
908 3685 1061 3751 differunt
1086 3707 1126 3751 eo
1154 3687 1244 3771 quod

128 3807 149 3850 s
170 3781 354 3851 casualibus
377 3783 520 3851 derivato
541 3797 616 3851 sunt
640 3798 677 3852 ut
705 3781 903 3872 ου’·ρονόθεν,
929 3787 1105 3873 Τροίηθεν.
1148 3789 1243 3853 Haec

127 3910 147 3952 s
173 3883 490 3977 praepositionibus,
524 3908 605 3972 ques
637 3887 895 3972 subsequuntur,
929 3886 1051 3973 ubique
1081 3888 1243 3974 disjuncta

124 3988 264 4075 tegimus
301 4010 368 4053 non
406 3986 511 4053 solum
549 3986 714 4054 homerica
753 3988 812 4054 scd
848 3989 946 4055 etiam
983 3989 1021 4057 ε’ν.
1055 3991 1244 4075 πριόραθεν

125 4089 266 4158 Theocr.
288 4088 441 4158 XXVII.
460 4080 604 4156 llec'md
626 4087 811 4174 πρώραθεν
832 4089 1063 4183 Quint.leV.
1080 4091 1155 4157 378.
1179 4086 1240 4161 ἀπ’

125 4186 309 4274 οὐρανόθεν
340 4191 448 4279 Orph.
480 4189 571 4257 Litb.
599 4189 672 4254 240.
706 4188 742 4255 ἐκ
769 4187 899 4258 Διόθεν
929 4193 1012 4257 Hes.
1045 4193 1139 4279 Opp.
1170 4193 1241 4260 763.

124 4288 162 4370 ἐξ
180 4285 345 4379 Ἀργόθεν
374 4293 477 4381 Soph.
510 4292 545 4360 ἐκ
575 4289 747 4358 παιδόθεν
773 4293 896 4360 Julian.
924 4294 1031 4380 Epist.
1056 4294 1240 4362 LXXVII.
