2736 4778
140 361 206 435 uu
225 360 495 435 Puosrunsr
513 360 578 431 ur
602 362 864 435 ernnuusr
898 362 937 432 ο.
949 363 977 434 1.
1013 369 1039 452 t·
1053 367 1081 433 1.
1132 372 1180 445 19

30 560 40 568 “
63 553 216 623 convenit
237 564 312 620 eum·
333 550 461 639 gr'aeeie
482 545 605 632 μωλὺς,
618 545 765 636 μαλάχη,
786 546 926 637 μαλάχη,
949 551 1055 618 melre
1075 552 1178 624 Proll.

62 656 137 724 333.
181 656 277 722 Heee
298 654 501 721 velilieuntur
520 649 712 718 Buttmanni
736 649 884 737 opinioni
904 674 1085 740 synonyme
1106 678 1179 725 esee

63 753 217 835 μαλακός
240 768 272 822 et
290 750 429 840 οἰμαλός,
450 753 530 820 illud
552 752 716 841 primitive
736 751 885 831 vicinius,
907 751 971 821 hoe
988 757 1093 822 vocali
1109 780 1178 824 em·

63 857 243 944 plilieetum
262 855 371 924 Lexil.
390 855 437 922 11.
458 854 532 922 262.
575 854 689 922 Nihilo
719 854 826 921 eeeiue
849 876 935 940 quae
957 876 1031 921 eum
1053 852 1180 940 ἇμαλός

63 958 305 1045 significatione
327 958 463 1024 maxime
480 958 676 1025 conveniunt
695 951 827 1034 ἁπαλός
845 968 878 1022 et
892 951 1058 1042 uiruidc⁸)
1081 957 1181 1046 elphe

63 1059 237 1147 proprium
261 1070 293 1126 et
312 1059 462 1126 netivum'
474 1057 598 1125 hebere
618 1059 778 1126 videntur.
801 1094 843 1106 —
871 1059 1001 1146 Μέρόω
1028 1058 1068 1130 ,τὸ
1092 1085 1180 1147 μορ·

63 1161 177 1245 μαίρω
200 1159 256 1227 καὶ
274 1158 360 1242 μετὰ
378 1165 438 1229 τοῦ
460 1149 697 1248 σοορητικοῡᾶ
717 1155 851 1246 ἇμὲρδιυ
871 1158 983 1228 Schol
997 1161 1077 1228 Eur.
1092 1162 1177 1230 Hee.

63 1261 157 1327 1005.
199 1262 275 1328 Ηοο
297 1255 455 1349 ἆμέρδοιν
475 1261 608 1349 proprie
630 1261 718 1329 idem
739 1262 903 1348 signifieat
924 1263 1014 1348 quod
1034 1263 1178 1350 μαίρενν,

59 1361 280 1449 μαρμαίρειν,
309 1361 386 1429 hine
407 1373 517 1430 eutem
537 1364 726 1431 transfertur
749 1363 793 1430 ed
813 1386 865 1429 ree
889 1386 974 1449 quae
995 1364 1179 1451 objacentie

60 1463 189 1548 fulgore
211 1486 271 1531 suo
298 1476 476 1531 exererent
496 1488 526 1531 v.
546 1464 672 1532 Teehu.
696 1465 737 1532 74
760 1488 809 1551 eq.
831 1466 898 1533 eive
919 1477 957 1531 ut
979 1466 1077 1534 Philo
1099 1468 1179 1535 dieit

60 1565 103 1631 ele
127 1565 220 1653 Opil.
242 1566 362 1632 Mund.
384 1590 418 1654 p.
439 1568 471 1634 2.
489 1568 530 1634 Β.
550 1573 626 1647 ταῖς
649 1572 887 1655 μαρμαρυγαῖς
908 1567 1175 1651 καταοκνάζυυσι,

60 1688 127 1733 uuo
149 1665 249 1733 verbo
273 1662 471 1754 ἀμαυροῦσι.
516 1667 620 1757 Cujus
644 1668 681 1735 id
701 1690 906 1756 consequens
926 1679 976 1735 eet
992 1680 1028 1735 ut
1043 1672 1178 1757 μέρδοιν

60 1767 214 1856 primitivi
245 1769 348 1835 inetur
375 1768 543 1838 habeatur.
590 1765 828 1854 Ἀμυχθαλόας
851 1782 884 1836 et
912 1772 1003 1857 quod
1023 1771 1175 1839 Antima-

60 1869 141 1936 ehue
163 1870 318 1956 praetulit
337 1870 538 1955 μιχθαλόοις
563 1873 634 1958 jum
662 1871 719 1938 diu
738 1870 1019 1959 interpretantium
1043 1873 1177 1960 ingenie

59 1971 220 2048 exercuit3
249 1972 397 2058 plerique
425 1973 470 2039 ed
495 1973 631 2059 μίγνυμι
653 1973 806 2041 referunt.
856 1967 986 2053 ’Ἀμυνα
1014 1975 1109 2060 παρὰ
1136 1974 1174 2040 τὸ

57 2070 143 2159 μόνη
165 2069 186 2159 ἡ
210 2072 386 2160 πρόφασις
406 2072 492 2154 μετὰ
512 2077 573 2140 τοῦ
597 2061 842 2141 ἐπισαοικοῦα
867 2072 948 2139 ΕΜ.
975 2073 1005 2150 8,
1028 2073 1080 2139 25.
1103 2075 1176 2159 qui-

59 2175 122 2241 bus
150 2176 298 2243 nonnulli
325 2173 461 2239 latinum
489 2192 599 2239 moene
632 2183 821 2259 apponunt,
857 2173 944 2241 unde
973 2166 1177 2258 praemunire

60 2277 180 2343 dieitur
209 2299 271 2364 pro
300 2284 509 2364 praetexere,
542 2275 693 2341 assumtis
724 2273 918 2361 germanicis
943 2280 1175 2355 vereeluetzm,
1245 2356 1249 2362 ⁸

64 2380 238 2458 romanu
274 2377 334 2445 eed
369 2375 441 2443 eliis
475 2376 602 2443 diversa
629 2376 780 2444 videntur
807 2375 976 2444 voeabula.
1029 2375 1176 2448 Coniuee

35 2481 147 2547 'idern
174 2504 208 2567 p.
237 2479 310 2558 108,
339 2479 369 2545 8.
399 2472 556 2568 ἀναρίτης
588 2472 657 2546 ἀπὸ
685 2483 746 2548 τοῦ
773 2479 926 2568 Νηρέως·
958 2473 1018 2546 οὖν
1044 2475 1114 2549 ἔστι
1137 2483 1174 2551 δὲ

57 2581 274 2664 πλεονασμὸς
296 2574 382 2648 ἀλλὰ
403 2575 600 2667 παραγωγή.
637 2576 854 2668 Ἡρωδιανός·
884 2579 941 2665 qui
968 2579 1049 2660 hoe,
1081 2593 1173 2669 puto,

56 2681 161 2750 voluit
196 2675 352 2768 ἀναρίτης
383 2673 455 2747 ἀπὸ
487 2682 547 2747 σοῦ
574 2678 707 2767 νηρίοης
735 2677 819 2748 κατὰ
846 2681 1041 2765 πρόςθεοιν·
1068 2683 1106 2760 τὸ
1136 2685 1174 2755 et

55 2782 193 2869 νηρίσης
217 2777 401 2871 παραγωγή
433 2778 521 2847 ἐστιν
553 2775 614 2847 οὐκ
642 2775 712 2849 ino*
744 2785 804 2849 rori
825 2783 968 2867 Νηρέως
993 2776 1069 2850 ἀλλ’
1098 2779 1171 2853 uini

55 2887 115 2951 τοῦ
142 2877 254 2970 νηρός·
285 2882 333 2949 eie
362 2881 449 2947 enim
471 2879 548 2947 elibi
574 2903 626 2948 ree
649 2882 832 2950 decernitur
853 2882 947 2951 Suid.
975 2907 1002 2950 e.
1024 2886 1174 2973 Νηρίοης

55 3007 85 3052 v.
109 2983 154 3050 ed
173 2981 253 3051 Phr.
275 2983 328 3050 42.
357 2982 459 3051 Proll.
487 2981 552 3050 395
579 3006 629 3069 eq.
654 2978 810 3069 ’Ἀνησαις
847 2983 940 3072 παρὰ
973 2985 1124 3074 Κρατίνῳ
1154 2984 1172 3053 ὁ

54 3090 170 3175 νῆστις
190 3085 395 3172 πλεονασμῷ
414 3088 476 3153 σοῦ
498 3073 589 3163 {ric
613 3079 757 3166 ἄσταχυς
785 3082 908 3149 Athen.
930 3084 977 3149 II.
999 3084 1052 3148 47.
1075 3088 1119 3151 A.
1141 3108 1172 3152 v.

55 3191 81 3272 ἦ.
104 3187 136 3253 2.
161 3185 246 3254 Cum
270 3184 402 3252 nomine
422 3185 542 3272 gallico
562 3189 678 3260 leena,
711 3206 777 3270 quo
799 3183 918 3250 Festus
947 3205 1051 3269 genus
1080 3185 1171 3252 vehi-

56 3289 121 3355 culi
142 3286 322 3375 significari
343 3285 450 3368 uadit,
473 3296 681 3376 comparetur
694 3283 793 3373 Πήνα
815 3281 926 3375 ἀπήνη
944 3287 1027 3375 Hee.
1044 3282 1173 3376 Ἀφαυ·

55 3389 116 3477 ρός
152 3401 191 3456 ut
223 3388 288 3456 hue
318 3388 495 3456 referemus
529 3391 683 3457 admonet
715 3388 862 3473 ejusdem
889 3389 1001 3477 glossa
1036 3393 1172 3477 Φαῦρος

55 3498 193 3581 κοῦφος,
215 3491 279 3558 niei
295 3513 356 3578 pro
375 3494 529 3579 φλαῦρος
540 3493 696 3580 seriptum
708 3501 759 3557 eet
773 3502 810 3556 ut
819 3491 984 3558 Kueetero
1002 3490 1106 3559 visum
1118 3497 1169 3580 ¹⁰)

53 3595 228 3663 ueletiam
250 3593 374 3680 vocalis
399 3593 520 3659 exeidit
540 3594 683 3661 initialis.
706 3631 748 3641 -
775 3593 900 3659 Ultima
927 3603 1004 3660 eunt
1031 3618 1170 3681 quorum

54 3696 220 3784 principie
240 3721 262 3765 ο.
279 3696 400 3765 vocali:
422 3697 561 3784 primum
585 3688 677 3776 ἇάζω
699 3696 791 3783 eujue
813 3694 912 3783 elphu
932 3709 1105 3785 utrumque
1127 3700 1171 3766 ad

123 3916 155 3987 ⁰)
172 3915 211 3972 22
234 3913 343 3974 ἁπαλόν
370 3912 564 3985 δασυνόμενον
591 3916 727 3990 ἐπιφορᾶς
755 3922 908 3990 γενομένης
930 3909 1017 3976 rei-r
1045 3915 1170 3990 ἐψιλώθη

52 4002 190 4076 Apellen.
205 4003 242 4057 ‹le
255 4002 343 4059 Pron.
356 4005 400 4059 rt.

124 4090 172 4159 1⁰)
185 4089 233 4146 sie
251 4089 334 4146 etiarn
351 4083 475 4160 Γλαυρός
491 4083 592 4162 σεμνός
608 4088 677 4143 Hee.
697 4106 749 4161 pro
766 4093 870 4164 γαῦρος
889 4089 1062 4161 eubreprieee
1079 4089 1169 4161 euspi-

52 4183 171 4244 untur
183 4170 323 4248 ὅμιαυρος
333 4174 428 4231 Sehol.
442 4174 504 4230 Nie.
518 4174 571 4230 Th.
585 4177 646 4229 tlt.
659 4173 860 4248 interpretetur
878 4173 989 4244 ἀγλαός,
1008 4174 1053 4229 eui
1066 4193 1169 4248 cogne-

51 4269 110 4317 turn
126 4260 249 4318 vitietur.
272 4262 319 4319 Ab
331 4256 459 4337 ἇφασρός
475 4278 533 4319 uon
555 4262 641 4335 longe
658 4260 764 4316 dietant
783 4264 899 4333 ραῦὶος,
918 4264 1032 4335 παῦρος,
1047 4280 1168 4340 paruus,

46 4362 172 4425 ΡΜ
915 4430 961 4497 2*
