2736 4778
125 359 190 428 DE
211 359 429 430 SYNCOPE
451 358 595 429 UNlUS
618 359 837 432 VOCALIS.
861 363 972 434 (LVI.
995 368 1020 452 t.
1032 366 1063 433 3.
1097 365 1172 444 337

37 617 43 630 ,
62 547 151 631 quod
172 548 373 635 Apollonius
396 572 429 634 p.
453 546 527 611 602.
553 557 686 610 excusat
710 549 953 635 comparatione
974 573 1171 637 paronymo·

60 672 131 716 rum
152 650 299 736 ῥιζόθεν,
322 645 498 714 >sortitiae
530 647 584 714 De
606 647 761 713 adverbio
783 646 969 736 βαλληνάδε
993 652 1083 736 quod
1095 652 1172 717 Ari-

60 751 239 838 stophanes
264 750 359 814 finxit
381 749 423 813 ad
445 749 689 816 'similitudinem
712 749 813 836 topici
827 746 987 839 Παλλήνη
998 750 1084 817 Ach.
1100 753 1173 820 234.

60 866 145 917 errat
177 852 355 936 interpres:
390 848 613 936 συγκέκοπται
641 845 660 940 ἦ
693 850 797 931 λέξις·
832 849 870 916 τὸ
899 849 962 937 γὰρ
994 847 1175 939 ὁλόκληρόν

61 951 132 1019 ἔστι
156 946 509 1038 Hul.l1p'utci‹le·nam
529 951 692 1038 integrum
715 963 764 1016 est
780 947 1008 1041 Παλλήνηνδε,
1030 975 1091 1039 pro
1109 975 1175 1037 quo

63 1053 91 1116 si
113 1048 315 1139 Παλληνάδε
338 1052 463 1131 dicitur,
485 1075 744 1139 non-syncopen
766 1076 837 1119 esse
851 1052 911 1118 sed
926 1051 1176 1141 metaplasmum

62 1153 288 1219 animadvertit
307 1153 526 1240 Goettlingius
548 1155 629 1219 Ace.
649 1154 722 1220 356.
765 1153 888 1233 Διιλός
910 1152 1067 1243 διςιυχής
1089 1154 1175 1220 κατὰ

61 1253 231 1343 osyacum
255 1259 311 1321 τοῦ
339 1253 488 1334 δείλαιος
506 1255 627 1349 fichol.
658 1256 726 1323 Od.
755 1257 797 1323 V.
828 1254 902 1321 299.
936 1256 1028 1341 quod
1060 1266 1174 1322 contra

61 1356 233 1421 statuimus
254 1355 317 1421 hoc
347 1355 388 1421 ab
413 1357 468 1421 illo
496 1368 717 1444 propagatum
739 1380 811 1423 esse
841 1358 925 1424 sicut
951 1358 1014 1422 alia
1036 1357 1173 1443 quaein

59 1458 179 1523 Parall.
201 1459 273 1523 319.
296 1457 398 1523 attuli.
441 1458 495 1522 Ex
517 1455 654 1547 depraeca
676 1459 815 1546 primunr
841 1482 901 1546 per
922 1481 1092 1544 syncopen
1114 1459 1173 1547 δη-

58 1556 116 1626 νόν
137 1571 206 1626 tum
228 1554 326 1648 δηρόν
347 1559 467 1626 lactum
490 1583 562 1626 esse
584 1560 625 1626 ab
645 1562 754 1648 Epim.
777 1561 805 1625 Ι.
831 1561 902 1626 170.
924 1561 1004 1625 ΕΜ.
1025 1559 1099 1637 266,
1121 1559 1173 1625 26.

60 1661 211 1737 sumitur;
233 1651 353 1725 rectius
374 1684 451 1727 vero
481 1662 715 1748 Theognostus
737 1661 817 1729 Can.
838 1662 869 1728 5.
889 1662 1012 1728 illuda
1041 1658 1099 1750 δήν
1122 1685 1173 1726 ar-

60 1763 174 1839 cessit,
207 1762 260 1827 cui
289 1762 385 1827 affine
413 1774 463 1827 est
492 1761 593 1851 δηθά.
637 1765 743 1853 Νείρη
770 1788 837 1829 non
869 1786 910 1828 ex
936 1763 1064 1852 νααίρη
1094 1785 1173 1829 eon·

60 1875 197 1930 tractum
219 1863 279 1929 sed
301 1876 474 1950 utrumque
497 1888 516 1929 a
540 1867 612 1943 νέος
635 1865 812 1932 derivatum
829 1865 956 1930 videtur
975 1865 1174 1930 terminatio·

60 1963 111 2029 riis
131 1966 219 2030 flexu
242 1966 366 2051 duplici
387 1989 417 2030 v.
437 1967 558 2032 Parall.
580 1966 653 2032 307.
670 1963 847 2055 Ὀψίτερος
869 1979 902 2031 et
929 1965 1113 2051 πριοΐιερος
1134 1989 1175 2029 ex

61 2061 260 2152 ὀψιαίτερος
287 2078 318 2132 et
349 2064 581 2154 πρωῖαίτερος
603 2068 764 2133 coaluisse
791 2068 848 2152 qui
881 2067 1003 2131 diceret
1027 2075 1174 2151 repertus

61 2177 112 2232 est
133 2188 241 2232 nemo.
282 2167 351 2235 Sed
375 2168 456 2233 alius
487 2170 724 2256 comparativus
752 2192 891 2235 errorem
918 2167 1035 2233 offudit
1056 2166 1173 2237 Gram-

60 2268 181 2335 matico
200 2268 234 2334 in
253 2269 332 2335 EM.
356 2269 410 2347 31,
432 2271 463 2334 5.
488 2267 524 2336 ιι)
549 2266 752 2354 ἀρχέσταιον
777 2269 833 2337 καὶ
860 2266 1091 2338 αἰδοιέστατον
1117 2268 1174 2337 καὶ

62 2365 317 2457 ἀφθονέστατον
348 2366 510 2456 ποιητικά
544 2368 611 2439 εἶσι
641 2365 715 2438 κατ’
752 2369 835 2451 ἔθος
863 2367 981 2437 Ἰώνων
1008 2363 1172 2452 γινόμενα,

63 2493 200 2555 quorum
220 2472 344 2539 nullum
372 2473 463 2537 alteri
494 2472 590 2538 simili
620 2483 677 2538 est.
720 2473 833 2539 Primo
855 2468 1057 2554 Aeschylum
1078 2491 1174 2535 usum

62 2573 141 2638 dicit
166 2572 201 2636 in
227 2574 397 2661 Penelope
433 2572 496 2659 ἐγὼ
522 2573 616 2660 γένος
642 2573 703 2659 μέν
727 2571 795 2655 εἶμι
811 2570 815 2579 ’
830 2573 923 2660 Κρὴς
953 2565 1175 2670 cinxisse-Q,

60 2675 120 2740 sed
141 2674 205 2740 hoc
234 2686 266 2739 et
287 2662 400 2741 contra
423 2675 570 2762 regulam
598 2688 714 2763 peccat
739 2697 835 2760 quam
857 2671 1015 2758 adjectiva
1039 2670 1073 2735 iu
1097 2699 1173 2750 αιος

61 2777 212 2840 exeuntia
233 2777 492 2844 constantissime
516 2789 696 2862 sequuntur
720 2775 1023 2851 σπουδαιέστατος,
1049 2768 1172 2859 ripari-

60 2900 198 2956 στανος,
226 2876 451 2963 δικαιέοτερος
474 2890 533 2945 etc.
572 2890 603 2944 et
632 2890 719 2944 earet
746 2876 921 2942 intellectu.
974 2873 1059 2955 Quis
1089 2874 1174 2937 euim

59 2978 249 3065 Penelopae
286 2979 430 3064 aequalis
462 3004 497 3045 se
526 2980 659 3046 Cretum
692 2978 952 3063 antiquissimum
984 2974 1174 3060 praedicare

59 3080 191 3166 potuit?
242 3080 304 3145 llla
331 3081 401 3146 sine
431 3081 531 3148 dubio
561 3092 636 3146 suut
668 3081 776 3146 Ulixis
805 3077 904 3142 verba
931 3097 1005 3140 cum
1034 3074 1173 3161 conjuge

60 3180 293 3266 colloquentis,
324 3181 377 3247 cui
401 3205 500 3266 quum
522 3183 662 3269 primum
683 3181 717 3244 in
739 3189 952 3267 conspectum
972 3176 1115 3240 venisset
1138 3198 1173 3240 se

59 3306 160 3347 unum
188 3283 306 3350 Cretae
341 3283 525 3371 principum
555 3306 626 3348 esse
654 3283 806 3348 mentitus
840 3291 890 3347 est
920 3279 1044 3363 Odyss.
1071 3277 1172 3343 XlX.

63 3385 123 3449 180
148 3409 197 3470 sq.
246 3388 364 3471 Itaque
395 3380 613 3471 ἆρχέσιρατος
641 3386 766 3450 correxi
793 3384 915 3449 Parall.
939 3382 989 3446 81.
1021 3380 1096 3444 adn.
1120 3381 1172 3445 21.

60 3487 211 3570 Syntheti
236 3489 363 3574 specics
392 3486 542 3572 objicitur
573 3486 606 3550 in
634 3487 763 3552 Anecd.
798 3485 931 3550 Bachm.
955 3483 982 3548 Ι.
1012 3483 1086 3548 448.
1115 3481 1173 3547 ubi

59 3599 133 3653 octo
152 3591 284 3653 nomina
296 3582 525 3676 proponuntur
540 3589 573 3652 in
586 3573 629 3665 a}
644 3587 796 3652 exeuntia
807 3586 1019 3671 ultimumque
1038 3584 1173 3671 ἕλικράς

59 3687 202 3776 allaim
223 3690 439 3778 κεκραμένος·
464 3684 532 3755 ἀπὸ
555 3693 612 3755 τοῦ
636 3683 823 3773 ἕλαιοκρᾶς.
867 3688 960 3753 Haec
977 3698 1082 3753 sumta
1097 3700 1173 3753 sunt

59 3813 100 3854 ex
126 3791 262 3857 Arcadii
291 3813 416 3856 canone
444 3790 514 3855 193.
545 3790 600 3875 qui
624 3789 658 3853 iu
690 3789 778 3854 idem
807 3785 938 3877 ἕλικράς
968 3790 1088 3855 desinit
1114 3791 1173 3854 sed

59 3892 180 3957 omissa
207 3892 475 3978 interpretatione
506 3915 603 3976 quam
630 3904 770 3978 nugator
794 3890 847 3958 ille
881 3891 922 3956 de
951 3914 1010 3955 suo
1037 3889 1171 3972 adjecit3
1232 3914 1251 3962 ss

55 4143 199 4212 μονογενῆ
213 4135 364 4208 δισύλλαβα
376 4133 521 4210 βαρύνεται
534 4135 900 4211 βριὶμος(πραμος),γὰμος,
913 4125 1115 4205 ιαμος(Σιέμος
1127 4133 1171 4188 vel

57 4225 182 4298 Λάμος).
204 4226 326 4283 Proinde
339 4225 454 4282 dubium
467 4235 508 4280 est
522 4221 687 4307 nuru-lap&
698 4223 834 4295 ingluvies
847 4231 876 4276 ot
883 4219 975 4292 χαμὸς
984 4221 1081 4273 hamus
1093 4232 1171 4276 recte

57 4320 204 4367 serrantur.
242 4313 322 4367 Idem
334 4333 363 4385 p.
379 4315 435 4367 110.
450 4309 481 4367 ni
496 4301 602 4383 εῐςαμη
613 4312 753 4382 μονογενῆ
765 4301 921 4382 papinum.

109 4400 127 4440 L
136 4401 170 4439 ob
179 4411 190 4438 o
199 4401 243 4448 ck,
258 4401 348 4440 l'sthol.
924 4393 967 4462 ‘22
