2736 4778
241 404 298 469 DE
320 390 716 471 Paose'HEMATISMO.
750 404 785 470 P.
797 405 855 471 ΙΙΙ.
878 405 912 471 Ο.
925 405 982 472 III.
1005 407 1032 492 ξ.
1045 404 1071 470 1.
1138 405 1201 473 265

80 560 155 655 ᾖσιν
179 569 232 635 καὶ
255 568 340 653 μετὰ
363 575 422 636 τοῦ
445 574 467 640 τ’
490 565 664 656 γράφεται,
698 570 844 653 idemque
865 575 996 636 tuentur
1025 572 1113 638 codd.
1135 571 1201 638 Ho-

81 674 169 752 meri,
193 691 220 737 v.
234 670 611 754 Spitzuer.adXX1123,
635 677 668 738 et
678 680 815 755 potiores
826 674 967 739 Platonis
979 670 1089 738 Giull
1102 671 1202 739 3630

81 777 143 840 tria
155 775 393 857 Homericornm
410 776 590 857 verborum
607 796 689 859 quae
710 777 761 842 hic
782 776 993 870 ppoieruntun
1017 776 1063 840 sic
1085 776 1204 858 scripta
1262 857 1269 868 .

81 878 279 959 exhibentem
301 898 363 961 quo
385 880 520 960 accedit,
544 880 627 962 quod
647 881 713 945 iota
735 880 850 945 omisso
872 885 1007 960 uterque
1029 879 1141 944 modus
1168 879 1202 944 in

83 1000 177 1048 unam
200 983 337 1064 speciem
358 983 501 1069 incidunt
521 988 558 1049 ut
580 980 721 1070 δάμνησι
744 980 905 1061 dvala,
928 984 977 1046 cui
999 982 1203 1047 Aristarchus

82 1080 222 1172 δάμνησι
247 1085 410 1151 substituit
432 1106 452 1151 a
474 1085 569 1152 verbo
593 1085 704 1167 δάμνα
728 1085 872 1164 ductum„
900 1085 988 1150 cuius
1010 1084 1131 1149 nullum
1153 1090 1203 1150 est

81 1187 166 1270 apud
181 1187 352 1253 Homerum
376 1190 562 1272 exemplum,
586 1188 745 1255 ctRhem.
772 1186 847 1267 1263
870 1187 927 1252 scd
950 1182 1093 1274 δίμνημι
1117 1186 1201 1266 dicit

81 1291 164 1356 unde
187 1297 236 1356 cst
258 1287 399 1374 δάμνησι
422 1294 506 1376 apud
517 1292 677 1372 Quintum,
700 1310 727 1357 v.
739 1289 878 1372 Koechly
890 1289 931 1354 ad
943 1287 991 1353 III
1003 1287 1075 1353 224.
1121 1287 1201 1354 Gra·

81 1393 148 1458 vior
169 1393 209 1458 lis
232 1373 341 1459 incidit
364 1395 403 1460 de
427 1395 650 1484 παμφαίνῃσι.
671 1391 674 1396 ’
696 1394 765 1459 Ηοσ
791 1393 932 1458 nonnulli
953 1411 1011 1474 pro
1032 1392 1201 1458 mdicativc

80 1496 199 1562 habent
210 1496 438 1581 diphthongum
456 1500 617 1581 propriam
640 1500 666 1569 τ’,
685 1497 723 1562 ἱτι
739 1496 942 1578 impropriam
953 1498 1108 1560 mutatam
1131 1514 1201 1560 esse

81 1599 143 1664 rati
165 1599 336 1664 seeundum
370 1601 539 1685 dialectum
560 1601 787 1685 Rhegincrum:
822 1587 917 1664 οὗτοι
946 1596 1008 1683 γὰρ
1043 1596 1080 1661 τὸ
1115 1602 1204 1663 νσιῖ

80 1700 137 1768 καὶ
159 1703 275 1789 φιλοῖ
296 1702 350 1769 διὰ
377 1707 434 1768 τοῦ
457 1707 486 1790 ἦ
507 1703 589 1788 μετὰ
612 1707 671 1770 τοῦ
692 1706 715 1774 ἰ’
737 1702 866 1789 λέγουσι
900 1702 1010 1787 ναῇαι
1040 1697 1095 1765 καὶ
1130 1724 1200 1787 φι-

83 1806 193 1892 λιῆσι·
217 1801 303 1870 οὕτω
328 1805 382 1871 καὶ
407 1805 443 1871 τὸ
469 1805 751 1897 παμφαίνῃσιν
773 1803 846 1892 ΕΜ.
870 1800 941 1868 650.
968 1801 1015 1868 12.
1059 1801 1107 1866 De
1137 1803 1203 1867 iota

80 1910 236 1988 repugnat
267 1906 454 1974 Heraclides
487 1909 577 1975 Enst.
604 1909 694 1976 1576.
723 1907 765 1975 60
800 1903 832 1972 σί
861 1900 1000 1993 Ῥηγῖνσι
1034 1904 1075 1971 τὰ
1108 1903 1201 1991 τρίτα

80 2012 144 2073 τῶν
168 2003 341 2093 ὃριστιιιιῦν
365 2011 628 2098 περισπωμένων
650 2016 709 2100 τῆς
730 2007 860 2098 πρώτης
882 2006 1037 2095 συζυγίας
1059 2008 1113 2074 καί
1136 2013 1201 2073 τῶν

79 2107 270 2196 βαρυτόνων
281 2107 328 2190 εἷς
344 2111 401 2199 την
424 2115 455 2184 σῖ
478 2119 660 2202 περατοῦσι
672 2115 696 2199 ¹)
719 2121 777 2180 τοῦ
799 2152 816 2199 η
843 2107 1109 2200 παραλῆχοντοςῑ
1133 2133 1199 2199 φι-

81 2216 193 2300 λησι,
223 2209 355 2302 νόησι,
391 2216 551 2305 λέχηοι,
585 2218 743 2306 φέρησι.
777 2221 930 2285 τοιοῦτον
952 2213 1007 2281 καὶ
1030 2212 1068 2280 τὸ
1093 2239 1199 2295 παμ-

81 2317 248 2406 φαίνηαι
272 2313 505 2408 παρ’Ὃμὴρῳ
529 2317 623 2402 ἅπαξ
641 2322 837 2410 χρησαμένῳ
860 2323 900 2408 τῇ
924 2317 1094 2404 διαλέκτῳ.
1138 2314 1201 2381 Sed
1262 2405 1265 2413 Ι

55 2509 57 2512 ¹
79 2421 154 2504 quia
175 2421 296 2486 nullum
319 2423 454 2488 altemm
476 2429 564 2489 extat
585 2424 670 2507 apud
691 2431 818 2507 poetam
833 2421 995 2488 indicativi
1013 2419 1198 2501 exemplum,

80 2524 212 2590 alterius
234 2543 308 2590 vero
331 2526 416 2593 modi
437 2527 583 2609 plurima,
618 2528 785 2594 Lesbonax
805 2545 836 2607 p.
862 2522 922 2591 179
945 2529 979 2590 et
1000 2523 1200 2590 Herodianus

80 2630 120 2695 dc
141 2628 208 2711 rig.
232 2626 274 2693 60
298 2626 512 2717 παμφαίνησι
545 2648 656 2696 verum
688 2628 920 2695 subiunctirum
952 2644 1023 2693 csse
1057 2629 1202 2692 statuunt

47 2767 49 2769 ·
79 2732 900 2817 proindieativcpositumperenallagcnmndorum:
921 2726 1198 2815 ’ίβὺκειονσχημα

80 2833 134 2900 καί
158 2834 354 2914 λέξεωςκαὶ
378 2832 558 2915 συντάξεώς
568 2833 646 2904 ἐστι·
669 2835 792 2923 γίνεται
817 2837 854 2904 δὲ
876 2832 910 2902 ἐν
932 2837 1002 2911 ταῖς
1021 2826 1198 2898 ὖπατανιιι·

80 2943 148 3017 κοῖς
171 2935 296 3025 τρίτοις
319 2935 514 3025 προσώποις
536 2939 620 3004 κατὰ
644 2937 832 3025 πρόσθεσιν
854 2940 912 3023 τῆς
933 2936 981 3007 a:
1005 2931 1199 3022 παμφαί-

79 3063 184 3129 νῃσι.
220 3045 330 3131 pejor.
378 3045 521 3106 καλεῖται
547 3035 576 3107 δ’
601 3036 660 3124 αιἰχ
683 3035 879 3124 ὅτιἾβοκος
912 3036 1077 3124 στρώσας’)
1110 3032 1200 3124 αὐτῷ

79 3140 250 3231 ίχρὴααιο·
274 3139 435 3231 πρότερον
459 3139 699 3232 γὰρ”Ομηρος
724 3139 792 3210 ἀλλ’
817 3141 886 3210 ἐπεὶ
911 3138 998 3206 πολὺ
1021 3139 1077 3206 ιιαί
1100 3165 1199 3204 κατα-

78 3247 174 3331 κορὲς
196 3241 274 3334 παρ’
301 3241 408 3334 αι’ντῴι
445 3242 688 3336 Κασάνδραν
722 3250 855 3334 φῆμις
877 3243 1012 3332 ἔχῃσι,
1046 3234 1200 3328 ι’)’ρθρος

79 3345 282 3437 ἐγείρῃσιν
306 3345 496 3438 ἀηδόνας.
543 3349 632 3416 Haec
657 3350 685 3414 si
707 3355 852 3416 accurate
874 3347 994 3413 tradita
1016 3351 1104 3426 sunt,
1126 3346 1198 3429 Iby-

79 3470 133 3518 cus
157 3471 176 3516 a
197 3453 438 3536 municipalibus
461 3453 532 3518 suis
548 3454 608 3519 hac
629 3453 662 3519 in
684 3472 719 3519 rc
743 3451 895 3532 discessit
929 3449 1014 3533 qnod
1034 3449 1067 3514 hi
1090 3449 1197 3514 termi-

77 3557 237 3622 nationem
258 3556 420 3623 indicativi
442 3560 606 3645 mutarunt
627 3557 659 3620 in
681 3561 742 3640 sm,
764 3556 817 3621 ille
840 3559 947 3621 autem
969 3552 1198 3619 coniunctimm

78 3659 201 3742 syllaba
222 3660 249 3731 σι
272 3664 399 3725 auctum
421 3678 478 3743 pro
500 3657 670 3724 indicativo
694 3657 860 3740 usurpavit
882 3656 1039 3724 anomalia
1073 3655 1208 3737 duplici·

77 3759 242 3844 σχήματος
265 3768 298 3826 et
320 3759 468 3843 πάθους,
491 3762 551 3826 hoc
572 3765 623 3826 est
644 3761 806 3844 enallagac
829 3762 913 3828 modi
935 3765 969 3826 ct
997 3760 1198 3849 proschema·

148 3952 174 4016 l)
193 3953 237 4004 Sic
254 3951 366 4004 Abram.
386 3952 455 4005 Dml.
473 3953 536 4007 Dor.
555 3952 608 4008 300
625 3957 731 4022 scripsit
746 3969 794 4021 pro
812 3953 968 4023 πιραιοῦαι.

145 4035 173 4088 2!
193 4039 253 4090 Ηαα
272 4038 380 4109 πρῶτος
396 4040 503 4092 inserui.
539 4040 663 4093 Similiter
679 4042 796 4110 loquitur
814 4039 896 4093 schol.
915 4038 946 4092 11.
965 4042 1033 4094 xxii
1052 4043 1081 4094 εὶ
1112 4041 1150 4094 δέ
1174 4039 1196 4093 κ’

70 4115 165 4192 ’Ἄρης
182 4117 309 4195 ἄρχωσι
327 4118 432 4193 μάχης
458 4124 514 4174 καὶ
534 4128 662 4192 Φοῖβος
676 4123 841 4180 Ἀπόλλων
859 4153 892 4164 -
910 4129 1002 4197 σχῆμα
1018 4124 1199 4198 Ἀλκμανικρν

76 4210 164 4262 τοῦτο·
183 4212 303 4263 καλεῖται
323 4207 347 4262 δ’
368 4206 419 4281 οὐχ
437 4203 477 4261 ὅτι
493 4204 871 4283 Ἁλκμᾰνπρῶταςίχρὴσατο
890 4210 972 4281 αὐτῷ,
992 4210 1047 4264 ἀλλ’
1070 4208 1109 4265 ὅτι
1128 4211 1199 4267 πολύ

75 4293 130 4347 ἔστι
150 4294 213 4362 παρ’
234 4293 316 4364 αὐτῷ.
332 4291 386 4364 [Sic
403 4303 426 4347 ct
445 4295 587 4348 ἱιιπιιαωί
602 4296 631 4349 ic
637 4315 725 4366 propr.
735 4299 846 4351 XXIII
850 4299 912 4352 Jcc.
930 4295 1033 4354 α1856
1050 4301 1102 4368 αὖ
1116 4301 1198 4369 paca

77 4381 182 4434 ιιιαια
198 4382 326 4434 ranam
344 4381 419 4434 αισι.
437 4379 583 4449 nascar
690 4411 693 4414 »
999 4391 1008 4401 -
