2736 4778
263 378 321 445 DE
344 377 737 446 Pnoscnnuamsoto
784 378 819 444 P.
828 378 887 445 m.
909 377 943 445 Ο.
955 379 996 445 11.
1020 380 1047 465 ᾖ.
1063 382 1089 445 1.
1176 379 1238 448 237

125 537 237 628 ἆιιινὴ
250 536 296 620 ὥς
306 543 360 608 καὶ
373 537 392 629 ἢ
407 540 517 627 ἔγωγε.
535 541 587 608 Sit
598 548 766 626 utrumque
777 559 860 607 nune
874 542 1240 607 inHOmeridarminibus

124 651 305 710 constanter
328 645 476 711 scribitur
498 641 574 730 [ἐγώ
590 670 634 731 γε,
654 644 728 728 ἐμοί
739 645 900 732 ychkk.]
923 663 981 710 uec
1003 646 1070 710 sine
1092 662 1189 710 causa
1209 645 1242 709 in

125 746 228 824 Quint.
250 747 327 814 XIV
349 748 411 813 2111
435 746 556 833 κινήσω
580 739 681 831 σ1δμσι
702 784 738 795 -
762 742 862 814 11σὸνῖ
888 745 964 830 ἐμοί
985 771 1021 832 ya
1043 747 1154 829 λοιβὰς
1178 741 1242 829 σἰμ·

125 849 305 938 φιχέωνισι
328 855 483 916 mutatum
511 851 616 915 estin
639 847 769 936 ἔμοιγε,
806 850 857 915 hic
884 851 967 915 enim
984 847 1124 915 *diastole
1146 848 1242 914 nulla.

125 951 188 1017 Sed
216 953 357 1037 σμικρὰν
382 946 464 1039 'ccco'
498 951 573 1035 ἐμοὶ
607 947 633 1037 y'
664 950 729 1034 ἔχει
757 947 851 1038 χάριν
883 952 959 1017 Eur.
982 951 1031 1017 El.
1055 949 1118 1016 738
1140 949 1242 1035 (741),
1311 1012 1314 1017 ⁴

125 1052 199 1137 ἐμοί
221 1051 247 1141 y'
274 1047 404 1140 ἄλυπος
426 1051 467 1120 ὂν
490 1052 598 1140 ξυνείη
620 1053 687 1119 Alo.
709 1052 772 1119 485
796 1053 887 1138 (474)
913 1072 1025 1120 vereor
1044 1060 1081 1118 ut
1102 1053 1165 1119 duo
1187 1071 1242 1119 no-

123 1156 244 1221 vissimi
267 1157 405 1223 editores
427 1158 587 1222 commode
610 1156 834 1239 colligaverint,
857 1156 942 1239 quod
952 1156 1153 1222 Hormannus
1165 1174 1242 1237 quo·

125 1276 186 1341 quo
210 1256 285 1324 facit
307 1259 377 1325 Hel.
403 1257 482 1324 1631
507 1257 636 1344 (1619),
657 1259 712 1324 ubi
735 1259 821 1326 chori
843 1257 940 1324 verba
973 1265 1091 1346 φρονεῖ
1122 1261 1184 1346 γὰρ
1207 1250 1243 1325 εὖ

123 1361 351 1428 circumscribit
372 1361 634 1445 Theoclymenus:
669 1357 729 1428 οὐκ
751 1359 827 1440 ἐμοί
848 1385 899 1447 γε,
921 1379 994 1426 nam
1016 1361 1070 1426 bic
1088 1360 1245 1443 particula

125 1485 185 1530 non
209 1466 312 1531 minus
335 1462 547 1548 significabilia
570 1468 620 1530 cst
641 1483 736 1547 quam
757 1466 790 1530 in
811 1461 1037 1531 HeliodV19.
1060 1461 1124 1529 240
1147 1458 1243 1529 ἄπει-

125 1565 227 1652 oo'rrov
248 1570 319 1650 μὲν,
345 1564 413 1633 ἀλλ’
438 1564 515 1649 dreni
536 1593 571 1655 γε
596 1563 715 1655 ἀνδρός
738 1565 1243 1653 ι’νιιτφσνείσιιι’ἅιιιν(σοι1111111111),

123 1669 180 1734 aad
203 1683 291 1735 certe
313 1671 436 1765 'mariti
463 1671 533 1734 mei.
589 1671 739 1736 Abundat
769 1688 844 1736 vero
874 1671 907 1735 in
939 1668 1106 1734 Homerico
1144 1660 1244 1746 Οὖτις

127 1770 232 1858 ἔμοιγ’
258 1766 376 1852 ὄνομα,
400 1791 498 1855 quare
520 1774 638 1839 rectius
661 1773 707 1837 sic
728 1771 821 1837 scribi
844 1772 969 1837 videtur
991 1790 1086 1853 quam
1107 1772 1140 1835 in
1151 1770 1191 1835 H.
1204 1769 1244 1836 H.

123 1875 248 1942 111οθ1.
275 1876 336 1941 122
368 1875 450 1963 Δηὼ
471 1872 547 1959 ἐμοὶ
575 1872 601 1960 y'
626 1869 715 1951 ὄνομ’
744 1871 831 1941 ἐστι’·
853 1894 927 1939 nam
948 1874 1000 1939 hic
1021 1891 1145 1955 quoque
1168 1870 1245 1956 ἐμοί

123 1978 165 2044 ad
196 1997 324 2044 sensum
356 1975 480 2043 sufficit
547 1977 746 2043 Herodianus
777 1975 905 2058 quidem
932 1976 972 2041 ad
1004 1977 1042 2068 lt
1073 1974 1149 2042 XIV
1182 1972 1244 2042 396

122 2078 248 2162 hyphen
271 2080 389 2161 scripta
410 2085 541 2146 accentu
564 2081 714 2162 distingui
736 2080 853 2145 dicitu
880 2080 1049 2161 separatis:
1080 2074 1098 2144 ὁ
1125 2077 1162 2164 γέ
1184 2074 1243 2142 οὐκ

124 2175 281 2249 ἀλλάσσει
315 2183 369 2247 τὸν
401 2179 497 2248 ιόνσν
529 2191 593 2250 τῶν
627 2181 694 2270 πρὸ
725 2179 846 2249 ἑαυτοῦ
875 2181 995 2261 λέξεων
1021 2216 1057 2227 -
1082 2175 1102 2268 ἢ
1126 2183 1163 2247 dt
1186 2179 1243 2245 διὰ

127 2286 187 2351 τοῦ
208 2286 243 2370 ᾗ
265 2283 443 2364 ἐπέκιασις
465 2283 577 2372 τρίτην
592 2280 661 2352 ἀπὸ
678 2286 790 2362 τέλους
811 2283 974 2371 ποιεῖτὴν
990 2281 1114 2363 tratas:
1131 2281 1242 2368 ἔγωγε,

122 2381 244 2473 ἔμοιγε.
298 2387 417 2453 Verum
445 2387 528 2453 enim
560 2387 642 2453 hanc
668 2387 829 2469 epectasin
851 2387 976 2452 omnino
1009 2405 1071 2452 nou
1100 2385 1243 2452 concedi-

122 2508 193 2554 mus
215 2490 382 2572 potiusqda
405 2489 673 2570 coniunctionem·
686 2508 768 2572 quaa
789 2490 822 2554 in
838 2490 1000 2572 disparato
1015 2485 1079 2573 ἐγώ
1101 2484 1244 2574 ya'clarc

123 2597 270 2675 apparet,
304 2592 436 2658 eandem
459 2594 555 2659 otiam
588 2594 621 2658 in
644 2598 781 2658 connexo
804 2584 904 2678 ἔγωγε
926 2592 1032 2657 inesse
1054 2591 1245 2656 arbitramur

124 2694 182 2761 scd
203 2695 432 2777 quodammodo
454 2695 672 2777 obscuratam,
705 2701 739 2761 ot
767 2695 807 2762 ob
827 2696 861 2761 id
883 2700 1030 2761 accentus
1051 2692 1244 2776 pronominis

124 2794 189 2884 ἐγώ
209 2802 296 2863 retro
319 2804 408 2864 actus
429 2798 564 2880 videtur,
586 2800 696 2881 utiquc
706 2819 769 2865 non
780 2804 909 2882 propter
920 2798 1050 2863 cnclisin
1061 2794 1244 2878 particulae,

124 2900 181 2966 scd
203 2901 357 2967 duntaxat
378 2900 525 2966 vitandae
549 2900 763 2983 ambiguitatis
785 2918 896 2981 causa,
929 2918 1010 2982 quae
1038 2899 1070 2964 in
1095 2897 1155 2962 hac
1177 2895 1245 2961 sola

130 3003 253 3086 syntaxi
281 3003 403 3082 onistit3
437 3021 572 3086 namque
594 3003 665 3068 aliis
687 3004 831 3085 apposita
852 3001 1013 3067 vocabulis
1036 2999 1123 3064 volut
1144 2995 1246 3076 καλός

125 3132 170 3191 ys,
195 3103 301 3184 κεῖνός
324 3131 361 3192 ys
383 3105 446 3171 vim
468 3124 558 3170 suam
580 3105 626 3171 ita
648 3106 780 3186 exserit,
813 3111 850 3169 ut
880 3122 938 3186 pro
970 3103 1109 3185 epectosi
1134 3099 1245 3166 baberi

123 3213 275 3291 nequeat,
310 3206 411 3294 ἔγωγε
434 3213 540 3275 autem
568 3208 610 3274 ad
632 3207 892 3291 significationem
914 3205 1065 3289 simplicis
1088 3201 1151 3288 ἐγώ
1171 3220 1244 3284 pro-

122 3313 205 3377 xime
217 3311 352 3378 accedit:
376 3308 539 3390 πολλάκις
559 3315 637 3396 γοῦν
659 3310 713 3376 καὶ
736 3309 818 3377 κατά
835 3335 927 3388 τινας
939 3305 1114 3397 ἐρωτήσεις
1126 3329 1245 3390 συγκα-

125 3410 338 3496 ιαιιθέμενοί
360 3436 469 3501 φαμεν
492 3411 592 3498 ἔγωγε
616 3413 650 3480 ἐν
672 3411 734 3502 ἴσῳ
757 3419 802 3502 τῷ
825 3409 887 3498 ἐγώ
914 3412 1056 3495 Apollon.
1078 3410 1170 3474 Pron.
1194 3406 1244 3472 62.

123 3514 190 3582 Nec
211 3521 319 3581 tamen
352 3531 482 3597 prorsus
504 3516 588 3580 idem
616 3521 680 3596 est,
714 3517 771 3582 sod
805 3516 966 3597 aliquanto
999 3513 1179 3579 distinctius
1213 3515 1246 3576 ot

124 3620 216 3701 quasi
237 3616 377 3683 medium
409 3619 494 3684 inter
524 3618 602 3685 illud
627 3608 666 3683 'ct
699 3615 762 3704 ἐγώ
797 3643 832 3704 yr
865 3618 968 3683 locum
996 3621 1136 3697 occupat
1179 3611 1245 3679 Nec

123 3720 348 3801 condonaret
370 3721 456 3801 quod
468 3723 553 3789 idem
567 3721 656 3789 dicit:
681 3714 721 3787 σι’)
743 3726 846 3788 κεῖσαι
869 3715 887 3787 ὁ
910 3723 945 3808 ᾗ
968 3720 1245 3807 carantanoru-

124 3825 216 3902 τινὸς
250 3822 284 3889 ἐν
312 3826 480 3902 συνθέσει,
514 3822 589 3893 ἐπεὶ
623 3820 787 3892 ἀδύνατον
815 3822 997 3907 ἐγκλιηνὸν
1025 3820 1244 3889 συντίθεσθαι

124 3944 154 4007 p.
176 3923 218 3990 63
236 3927 269 4007 ¹),
292 3944 366 3992 nam
388 3927 474 3992 illius
495 3928 652 4011 synthesis
674 3945 779 4008 causa,
801 3932 838 3992 ut
858 3926 951 3992 modo
973 3924 1133 4002 docebam,
1155 3940 1246 4004 pror·

124 4046 179 4093 sus
202 4029 372 4110 singularis
395 4035 453 4095 cst.
931 4048 934 4053 ·

195 4270 220 4334 l)
238 4271 460 4337 Frequentissimo
479 4259 508 4323 εὖ
527 4288 559 4340 γε
576 4276 704 4340 reperitur
721 4281 747 4326 at
764 4260 827 4340 εὖγε
845 4276 902 4326 sino
920 4290 983 4325 cura
994 4274 1159 4339 discriminis,
1175 4274 1241 4326 illud

123 4359 269 4412 rectissima
290 4365 344 4411 turn
362 4375 441 4439 quum
457 4361 598 4426 inryntaxi
614 4362 728 4426 positam
746 4366 798 4412 cat:
817 4348 847 4410 εὖ
865 4376 898 4428 γε
915 4359 1046 4428 ἐποίησας
1063 4368 1092 4413 nt
1107 4361 1196 4420 καλῶς
1211 4377 1246 4429 γι
