2736 4778
128 338 203 413 528
478 336 799 405 mssmtrarlo
827 338 874 406 V.-

128 512 235 607 ὄρδην
256 517 379 600 ἐξελεῖν
398 518 464 585 ΙΧ.
483 521 514 596 2,
536 519 611 587 350.
633 521 725 606 qnod
745 520 834 587 idem
857 542 943 588 nors
964 519 1089 587 dictum
1113 530 1239 596 censet3

128 616 187 687 διὰ
206 623 265 685 τοῦ
288 611 363 685 κατ’
385 613 562 706 ἀποτάδην
581 618 682 706 λόγοι·
703 621 898 710 Olympiod.
920 621 955 687 in
978 619 1088 687 Alcib.
1111 642 1148 707 p.
1171 620 1239 687 160.

128 719 180 785 ed.
210 718 327 786 Oreus.
357 730 390 787 et
414 721 568 789 Hermiae
596 721 632 787 in
663 721 805 789 Phaedr.
837 723 910 789 184.
953 721 1050 790 Duas
1068 722 1239 810 praeposi·

127 821 234 887 tiones
256 821 423 908 geminant
444 823 503 889 sed
526 823 655 889 diverso
683 845 772 889 nexu
792 816 1022 911 ἐξαναφανδόν
1041 822 1240 891 homericum

127 931 162 987 et
188 918 239 1001 εἷς
266 919 476 1011 ἀναφανδόν,
510 946 649 1008 quorum
682 923 764 990 illud
795 923 877 989 nihil
909 922 1019 989 differt
1041 944 1071 991 ,a
1101 923 1240 1012 simplici

128 1020 229 1109 (ἐρέω
241 1020 345 1090 δέεαι
357 1021 603 1112 ἐξαναφανδόν)
612 1023 867 1107 alteroQuintus
879 1019 1040 1103 utiturric
1048 1017 1240 1112 ἆνιιφανελόν

127 1118 265 1190 λιτέσθαι
292 1144 353 1210 pro
383 1125 546 1190 communi
573 1122 624 1204 εἷς
651 1120 840 1214 τούμφανὲς
871 1120 964 1210 ῆκειν
994 1124 1239 1212 praepositione

128 1233 237 1310 partes
259 1246 335 1289 ruas
357 1225 507 1311 gnaviter
526 1237 655 1303 menter
687 1246 795 1311 neque
817 1224 977 1311 reperitur
995 1222 1240 1304 verbumciec·

127 1319 282 1410 ναφαίνω
304 1325 394 1391 unde
423 1325 603 1392 derivatum
633 1326 697 1392 dici
723 1326 846 1413 possitr
872 1325 933 1391 sed
960 1325 1051 1412 prius
1080 1347 1240 1413 parasyn-

127 1421 243 1489 theton
270 1436 321 1491 est
344 1424 385 1491 ab
415 1425 629 1517 ἐξαναηαλνιιι
657 1436 695 1492 ut
720 1425 916 1513 oviis'ydqv,
948 1420 1155 1514 ἒναλλόγόην
1180 1437 1240 1492 etc.

127 1546 158 1589 v.
178 1525 270 1592 Diss.
294 1527 358 1593 III.
388 1550 416 1595 c.
438 1529 467 1595 1.
488 1532 515 1615 ξ.
536 1530 568 1595 2.
598 1528 651 1595 cui
680 1528 794 1615 generi
821 1525 1021 1614 Apollonius
1045 1526 1138 1593 Adv.
1168 1527 1240 1607 611,

127 1625 180 1692 28.
202 1627 347 1714 applicat
369 1620 465 1697 ι’λπεω
487 1621 593 1715 ὅβδην
620 1628 680 1696 καὶ
704 1624 845 1714 esterp
870 1627 1054 1713 similiaque
1075 1629 1240 1697 Herodis·

127 1749 190 1793 nus
217 1749 291 1792 curn
318 1726 432 1795 πλέκω
458 1730 604 1816 πλέγόην
629 1729 855 1816 περιπλέγδην
882 1728 1053 1816 componit
1071 1728 1169 1796 Mon.
1189 1731 1240 1796 97.

127 1826 185 1895 ubi
208 1828 282 1895 cod.
310 1826 346 1908 tic
374 1820 488 1918 ῆβδην.
543 1831 590 1896 Et
614 1826 850 1912 casauriensi
877 1849 1011 1915 quoque
1040 1831 1183 1897 Aratum
1210 1853 1239 1896 v.

126 1930 201 1997 624.
224 1953 245 1996 a
263 1929 364 1997 verbo
385 1930 461 1998 dato
483 1930 710 2015 καταμελεΐζω
732 1929 896 1997 derivasse
920 1931 1140 1997 Buttrnannus
1165 1953 1239 1999 een·

126 2043 178 2100 set
209 2032 268 2098 sed
302 2032 392 2120 apud
418 2033 602 2098 Homerum
630 2029 687 2098 διὰ
720 2030 869 2115 μελεϊστὶ
893 2028 1009 2110 ταμών
1033 2031 1239 2099 scribendum

128 2154 201 2199 essa
222 2133 396 2200 assentitur
409 2133 543 2202 Vossio.
585 2132 712 2199 Eadem
732 2141 783 2197 est
795 2130 960 2198 distinctio
976 2152 1238 2218 paronymorum.

128 2232 253 2302 Contra
274 2256 331 2301 eos
352 2235 409 2321 qui
430 2235 469 2302 11.
490 2234 589 2303 XVI.
615 2232 689 2298 548.
711 2224 786 2297 κατ’
809 2223 959 2320 ι’ἱκρηθεν
981 2228 1078 2317 (λάβε
1099 2233 1238 2313 πένθος)

128 2338 306 2406 scriberent
325 2338 537 2404 Herodianus
565 2335 609 2400 sd
631 2332 837 2420 probandam
861 2332 1045 2399 Aristarchi
1067 2333 1239 2403 lectionem

127 2441 214 2513 κατὰ
235 2444 358 2530 κρῆθεν
381 2440 476 2507 affert
495 2436 637 2504 Hesiodi
659 2432 759 2500 verba
780 2432 836 2501 So.
854 2433 883 2498 7.
905 2433 993 2502 κατὰ
1013 2439 1143 2523 κρῆθεν
1162 2438 1239 2520 flia·

128 2541 247 2635 φόρων
267 2539 299 2611 τ’
329 2535 416 2620 dno,
448 2539 707 2630 praetermittens
736 2533 834 2600 ulium
865 2533 962 2617 hujus
988 2548 1108 2621 poetae
1134 2534 1240 2602 locum

128 2648 192 2713 Th.
214 2647 287 2712 574.
314 2645 436 2728 inquo
459 2641 566 2709 Codd.
590 2649 622 2704 et
642 2635 730 2704 Edd.
759 2635 982 2715 consentiunt,
1006 2635 1093 2704 κατὰ
1117 2640 1240 2720 κρῆθεν

128 2750 165 2817 δὲ
189 2747 379 2834 καλύπτρην
399 2744 590 2823 κατέσχεθε,
617 2735 834 2825 praetermisit
854 2747 961 2803 autem
973 2746 1150 2823 propterea
1166 2736 1241 2822 quia

127 2853 181 2918 hie
203 2844 351 2938 ἔκρηθεν
372 2868 438 2912 non
464 2844 572 2911 minus
594 2839 746 2906 convenit
774 2859 874 2922 quam
899 2840 1043 2925 κρῆθεν,
1074 2838 1110 2902 in
1139 2838 1240 2905 altero

128 2964 236 3021 autem
258 2949 438 3019 sententiae
467 2957 561 3012 tenor
587 2943 634 3007 ita
656 2941 718 3007 fert
742 2950 778 3005 ut
809 2950 884 3004 ante
906 2949 1031 3025 partem
1054 2938 1240 3028 (βλέφαρα)

126 3056 311 3124 nominetur
330 3061 434 3118 totum
456 3045 571 3133 (κάρη)
594 3045 747 3128 idemque
766 3041 856 3127 apud
873 3039 1000 3109 Suidan
1014 3046 1242 3128 Κατακρῆθεν

127 3154 198 3228 ἀπὸ
220 3155 369 3245 κεφαλῆς
391 3159 534 3239 praestat
556 3145 735 3231 scripturae
763 3164 861 3227 quam
884 3141 1074 3227 Bernhardy
1103 3164 1121 3207 e
1144 3142 1241 3209 codd.

126 3260 251 3347 recepit
271 3250 494 3341 κακάκρηθεν.
538 3250 578 3315 In
602 3247 670 3314 Od.
694 3245 759 3310 XI.
781 3243 856 3308 588.
877 3242 965 3309 Edd.
996 3253 1073 3308 vett.
1101 3240 1240 3327 δένδρεα

127 3362 339 3446 καεακρῆθεν
383 3351 438 3435 χέε
479 3344 611 3435 καρπόν
641 3345 811 3413 Bekkerus
851 3343 955 3410 edidit
992 3344 1076 3410 κατὰ
1106 3346 1247 3429 κρῆθεν.

126 3465 268 3535 Wolfius
287 3458 393 3525 minus
416 3462 503 3519 reete
526 3445 758 3535 κακάκρηθεν·
782 3468 857 3509 uam
879 3436 963 3532 ὅκρη
986 3465 1047 3530 pro
1072 3439 1162 3528 κάρα
1188 3442 1262 3506 vix,

126 3565 303 3640 invenitur,
333 3577 440 3642 neque
462 3553 497 3618 id
518 3549 697 3640 persuadet
717 3547 795 3616 Seh.
821 3546 889 3614 Od.
911 3547 954 3613 V.
978 3544 1052 3611 313.
1083 3542 1138 3608 hie
1163 3538 1250 3608 κατ’

126 3662 232 3754 ἄκρης
257 3662 401 3751 positum
423 3677 495 3722 esse
517 3652 602 3718 κατὰ
625 3647 836 3734 παράλειψιν
855 3650 916 3735 τῆς
937 3647 1097 3734 κεφαλῆς,
1121 3642 1271 3711 πωλίον

126 3766 321 3859 queminus
351 3757 480 3846 probati
507 3764 583 3818 sunt
610 3751 666 3836 qui
692 3750 731 3816 ll.
761 3749 862 3813 XIII.
893 3747 966 3812 772.
982 3738 1104 3824 Ἴλιος,
1136 3735 1269 3811 ὄλεκεν

126 3867 200 3941 κατ’
225 3859 327 3951 ἄκρης
349 3859 548 3945 seripserunt
568 3856 649 3940 κρῆς
669 3847 929 3934 μανασνλλάβως
949 3843 1027 3914 ἐπεὶ
1041 3844 1098 3910 καὶ
1117 3848 1274 3931 κρῆθεν

125 3969 227 4064 φησί,
254 3964 314 4033 sed
339 3958 439 4027 verba
466 3951 650 4021 medietatis
681 3948 825 4015 excludit
850 3947 961 4036 Epim.
987 3946 1015 4011 1.
1040 3944 1112 4010 172.
1146 3936 1263 4012 οὐδέν

125 4065 282 4148 ἐπαινεῖς
300 4051 347 4144 εἷς
369 4057 537 4147 ἐπίρρημα
548 4047 718 4131 σύνθετον,
736 4045 883 4132 μάλιστα
896 4047 935 4115 δὲ
951 4043 1047 4134 παρὰ
1059 4041 1254 4129 πρόθεσιν,

127 4171 211 4252 uicta
231 4173 269 4237 τὸ
297 4161 527 4250 ἐπισμυγερῶς
546 4150 606 4221 δύο
630 4151 682 4217 δεῖ
702 4156 814 4217 ποιεῖν
834 4147 918 4236 μέρη
938 4139 1172 4234 παρελκοιλσης
1182 4147 1249 4229 τῆς

126 4272 194 4352 ἐπί,
218 4293 316 4358 quem
337 4266 563 4355 pleonasmum
586 4252 797 4320 Herodianus
819 4249 863 4315 ad
885 4248 923 4313 11.
935 4247 1000 4314 IX.
1011 4244 1086 4312 456.
1109 4256 1144 4312 et
1163 4242 1247 4309 huie
