2736 4778
57 460 61 473 ‚
125 365 199 444 aar
479 362 799 436 nrssasrarro
828 364 870 436 v.

127 551 185 621 ιιαὶ
212 550 330 642 ἐλάτην
366 550 425 621 καὶ
454 555 531 640 δρῦν
558 559 648 639 τρεῖς
676 549 812 643 ἀφιέναι
848 554 1012 640 βλαστοὺς
1041 557 1235 640 συμβαίνει·

126 652 181 739 ded
201 655 260 722 καὶ
280 653 465 743 τρίςλοποι,
488 656 579 742 quod
602 657 864 724 commutandum
886 656 1023 724 videtur
1042 680 1117 723 cum
1138 656 1236 725 verbo

124 755 195 842 τρὶς
215 759 316 846 lond.
360 759 478 844 Itaque
500 760 658 825 duntaxat
679 760 744 825 duo
774 760 831 853 illa
858 759 1085 844 relinquuntur
1107 759 1236 846 poetioe

125 867 222 924 aucta
249 857 410 947 διςθανής
440 871 472 927 et
497 859 729 954 τρι’ςφιιλλον,,
745 860 835 946 quod
863 873 978 929 nauus
1007 871 1057 927 est
1088 871 1237 927 neutrum

116 960 275 1046 ‚adjectivi
297 959 495 1050 τρίςφολλος
513 973 551 1027 ut
572 966 823 1047 quinquefolius,
854 965 1023 1048 centifolr'o.
1068 963 1235 1049 Sequente

124 1062 229 1129 vooeli
248 1062 329 1128 baec
350 1062 503 1129 adverbia
525 1065 630 1151 sigma
640 1065 780 1131 retinent
798 1064 942 1154 dv'gpssog,
965 1065 1125 1144 δι’ςευνος,
1149 1079 1236 1151 τρὶς-

126 1157 283 1249 άριθμος,
306 1163 425 1250 quibus
447 1188 516 1231 non
535 1178 720 1254 repugnant
740 1165 869 1254 διττός,
893 1162 1050 1253 όιανθής,
1080 1164 1235 1252 τριάνιιρ,

126 1286 201 1331 nam
226 1265 309 1332 bueo
336 1290 402 1334 uon
431 1268 575 1336 adverbii
601 1249 771 1336 notionem
791 1269 976 1356 exprimunt
989 1268 1067 1333 'sed
1096 1266 1235 1334 nominis

126 1374 165 1433 ut
184 1365 305 1447 δίπους
322 1368 358 1433 id
380 1379 430 1435 est
450 1366 509 1437 όὺο
531 1367 644 1449 πόδας
663 1367 755 1453 ἔχων,
778 1372 966 1459 τρίιμτλλος,
982 1368 1131 1455 τρίπους,
1157 1364 1235 1436 διιό-

126 1491 227 1552 νομος
248 1471 352 1555 eto.⁶)
396 1471 453 1539 Ab
474 1471 525 1537 bis
553 1472 721 1559 adjectivis
743 1472 897 1538 differunt
927 1470 1146 1547 substantiva3
1173 1492 1234 1557 quo

125 1590 245 1656 genere
264 1572 468 1640 eontinentur
487 1574 647 1642 voeabula
666 1575 857 1641 affinitatum
879 1573 1039 1641 deteriore
1057 1572 1171 1638 seordo
1188 1572 1234 1637 in·

125 1683 219 1737 vecta
240 1672 495 1762 διςεξάόελφος,
519 1677 719 1765 διςέγγονος,
744 1679 950 1764 τριςέγγονος
975 1674 1145 1761 (νκΡιοΙῙ.
1168 1675 1233 1758 bl.)

127 1784 160 1836 et
180 1771 374 1858 dignitatum
396 1771 587 1855 όιςόπατος,
600 1775 1084 1865 διςανθόπατοςπριςόποτος,
1096 1775 1233 1860 τριςέπ-

127 1898 236 1961 αρχος.
296 1876 430 1943 Illorum
470 1879 656 1964 conjunctio
691 1879 869 1946 certissima
900 1890 963 1956 est,
1005 1879 1088 1945 baeo
1131 1876 1234 1943 dirimi

126 1989 312 2064 possuntut
322 1982 369 2046 bia
381 1984 491 2047 ooaaul
502 1992 562 2048 eto.
577 1983 637 2047 sed
653 1983 751 2068 vulgo
770 2006 836 2049 non
850 1981 1058 2059 dirimuntur3
1079 1982 1235 2048 fluotnant

125 2099 202 2146 vero
213 2081 344 2147 nomina
367 2082 473 2149 minua
495 2083 657 2151 oelebrata
676 2084 1006 2172 τριςαριιοπαγίιης,
1042 2084 1134 2169 quod
1165 2082 1234 2150 Cn·-

127 2181 183 2248 tioi
205 2183 239 2247 iu
262 2182 432 2252 Ciceronis
456 2187 600 2272 quodam
614 2187 687 2252 looo
706 2209 723 2252 e
744 2186 840 2253 codd.
854 2185 1002 2272 vestigiis
1018 2185 1234 2263 restituenmt,

126 2283 354 2368 τριςοριοιεός
376 2287 535 2375 Hermog.
557 2288 692 2356 Rhetor.
722 2313 756 2376 p.
778 2288 830 2354 24.
854 2287 895 2352 Τ.
915 2288 980 2352 III.
1003 2285 1235 2374 τριςαριοτὲιις

126 2379 239 2451 εἰκόνα
267 2383 453 2479 ἀνέστησαν
477 2386 512 2457 ol
538 2389 713 2474 πολέμιοι,
751 2411 816 2475 quo
847 2390 1008 2473 disjuncto
1037 2387 1234 2475 amphibolia

126 2486 283 2567 nascitur,
319 2500 352 2554 et
385 2489 436 2555 bis
465 2490 649 2576 antiquiora
684 2485 703 2559 ό
733 2488 995 2578 τριςμακαρίτης
1027 2487 1235 2575 Πυθαγόρας

126 2589 307 2676 Antiphon.
330 2592 385 2657 Fr.
409 2592 627 2660 v01.111.92.
650 2593 712 2658 nisi
735 2591 889 2678 praeferri
913 2591 1010 2658 debet
1032 2591 1130 2658 oodd.
1155 2614 1233 2657 non·

126 2690 289 2758 nullorum
309 2694 469 2781 scriptura
499 2689 517 2761 ὁ
545 2691 790 2782 τριςμακάριος,
822 2694 917 2759 tertio
945 2687 1037 2771 οἶνος
1061 2695 1233 2780 τριςολιμ·

126 2793 280 2881 πιονίκης
299 2793 398 2859 Pind.
420 2796 512 2880 cujus
539 2796 581 2862 ad
604 2795 846 2861 similitudinem
868 2791 950 2883 ἀνὴρ
977 2794 1048 2880 τρὶς
1075 2791 1233 2860 πυθιονί-

126 2919 186 2983 κης
207 2897 333 2963 Herod.
362 2899 459 2967 VIII.
487 2899 539 2966 47.
562 2897 707 2965 revocari
735 2897 810 2963 lieet
840 2896 898 2963 sed
930 2918 1065 2962 necesse
1094 2919 1164 2962 non
1191 2906 1235 2961 eat

125 3021 233 3084 neque
254 2999 317 3067 hoc
339 3002 497 3088 permittit
518 2996 538 3091 ἡ
561 2995 701 3077 ἑπτάκις
723 2995 824 3066 αὐτοῦ
848 2996 1094 3083 όιανλοδρομιά
1116 3000 1233 3065 Joann.

125 3101 213 3187 Lyd.
237 3102 277 3168 de
298 3103 447 3170 Mensl.
472 3105 522 3170 12.
547 3127 580 3191 p.
594 3103 625 3168 4.
669 3099 850 3186 Adjeotivis
871 3098 1054 3165 verbalibus
1072 3098 1156 3165 haec
1179 3099 1234 3164 ad·

125 3203 235 3269 verbia
256 3217 467 3292 apponuntur
495 3205 622 3291 integra
644 3203 689 3268 sio
717 3213 753 3268 ut
775 3202 909 3268 dissolvi
940 3208 1077 3289 possent
1097 3201 1162 3265 nisi
1185 3222 1234 3266 ao·

125 3321 239 3374 uentus
260 3305 415 3394 probaret
434 3307 617 3394 composita
638 3327 709 3371 esse
732 3301 904 3392 δι’ςεφθος,
926 3306 1126 3391 τρίςεφθος,
1147 3327 1234 3387 τρις-

126 3408 341 3489 κοπάνιστος,
363 3409 575 3496 τριςέλικτας,
599 3409 658 3473 sed
680 3406 742 3473 hoo
765 3406 861 3471 etiam
883 3403 1071 3487 τριέλικτος
1088 3404 1236 3472 scribitur

125 3522 162 3576 ut
181 3508 404 3596 τριτάνοοτος.
447 3510 503 3576 Ab
531 3509 581 3575 his
604 3533 710 3576 rerum
733 3529 962 3594 corporearum
993 3505 1147 3593 epithetis
1176 3507 1233 3572 dil·

125 3614 232 3678 lerunt
258 3635 341 3697 quae
369 3613 467 3678 animi
494 3613 644 3679 notiones
668 3611 861 3697 significant.
907 3608 969 3672 His
1000 3608 1086 3673 enim
1114 3610 1234 3674 nullum

125 3713 352 3780 adverbiorum
373 3716 584 3781 numeralium
606 3715 736 3779 additur
759 3723 887 3798 praeter
917 3711 1002 3797 τρίς,
1031 3710 1130 3777 modo
1154 3711 1234 3776 inte·

125 3841 220 3906 grum
251 3809 496 3902 solstitiorum,
525 3811 727 3903 τριςόλβιος,
751 3815 849 3879 modo
883 3821 1071 3899 corruptum
1096 3811 1234 3900 τριπάι-

196 4079 222 4143 5)
236 4076 300 4130 ΕΜ.
316 4075 375 4138 279,
390 4073 427 4125 10.
441 4068 470 4126 τὸ
489 4070 532 4131 δίς
543 4070 590 4121 nol
606 4071 664 4136 τρίς
675 4069 875 4139 συντιθέμενον
888 4064 948 4120 loa
967 4069 1015 4120 τοῦ
1033 4061 1084 4121 du'o
1103 4069 1150 4121 ιιιιλ
1170 4071 1237 4138 τρεῖς

127 4156 303 4228 λαμβάνεται,
318 4157 489 4230 διπρόςιοιιος
507 4165 561 4211 etc.
589 4154 690 4208 Verbis
708 4154 849 4208 conversis
869 4153 944 4207 idem
963 4153 1030 4207 dicit
1049 4154 1145 4208 Sebol.
1160 4153 1234 4225 Lipa.

126 4246 160 4301 Il.
173 4246 225 4301 ΙΙΙ.
240 4247 299 4300 3⁷2.
313 4245 327 4300 ὁ
339 4241 389 4300 δύο
402 4249 447 4300 καλ
461 4250 532 4319 τρεῖς
542 4239 581 4315 μὴ
594 4237 663 4309 μετά
678 4242 725 4295 τοῦ
737 4240 804 4295 δέκα
818 4243 1015 4310 συντιθέμενος
1027 4243 1065 4302 εὶς
1080 4237 1110 4294 τά
1127 4233 1236 4317 ἐπιρρό-

126 4352 200 4403 μοια
211 4324 456 4406 μειαλαμβάνεται.
