2736 4778
135 357 211 428 too
478 352 810 437 ‚orsaanrfflo
833 351 900 421 111.

135 546 169 602 et
190 534 322 613 ceteris,
344 534 466 621 quibus
484 535 553 603 iota
576 537 629 605 vol
653 537 767 607 vocale
793 539 844 606 vel
864 548 990 607 munim
1016 535 1157 607 debetur
1180 537 1258 630 lage

135 636 354 704 derivationis.
400 636 565 707 Omnibus
592 650 718 719 autem,
758 663 843 726 qnae
870 639 1029 707 tracturus
1062 650 1257 709 manaan

134 751 227 816 sunt,
258 738 417 806 dissimile
446 750 498 807 est
524 740 615 806 fluvii
641 741 837 809 nobilissimi
864 764 985 811 nomon
1013 740 1142 829 quod
1130 765 1167 815 ιιι
1195 740 1253 809 illo

133 841 285 930 catalogo
307 840 461 930 ambigue
478 842 676 930 scriptorum
693 842 875 911 exhibetur.

218 947 247 1030 ς.
268 943 299 1010 6.
342 945 453 1030 Hujus
490 955 631 1032 quatior
667 943 874 1032 reperiuntur
907 944 1036 1015 domae
1067 890 1253 1028 Afficior,

126 1039 309 1129 uxamae,
325 1039 499 1134 Alcidae,
521 1040 710 1131 Ἀχελώιος,
733 1069 817 1132 quas
838 1046 867 1114 si
886 1068 930 1117 ιι
950 1047 1118 1117 communi
1137 1048 1253 1121 nato·

133 1147 191 1234 gia
201 1146 389 1232 judicamus
405 1147 590 1214 maximam
596 1149 799 1235 antiquitatis
809 1149 956 1237 speciem
969 1149 1072 1219 habet
1079 1143 1254 1233 Αχελοιις

133 1258 171 1313 ut
191 1270 349 1314 mansum
366 1262 423 1315 est.
436 1249 472 1316 in
489 1273 631 1319 ιιιιιιιιιιο,
645 1251 968 1340 temperarem,
998 1273 1099 1338 quem
1123 1250 1251 1321 Effi-

134 1372 200 1436 gen
224 1349 398 1439 descripsit
428 1350 464 1417 in
489 1352 660 1420 Transaot.
688 1353 723 1419 of
753 1351 809 1419 tire
835 1352 928 1440 royd
958 1353 1038 1422 Soc.
1058 1352 1104 1424 ,oi
1129 1353 1251 1421 litant

134 1450 210 1520 vot.
231 1452 260 1519 1.
280 1453 322 1521 Ρ.
344 1453 373 1520 1.
397 1452 470 1520 ιιι.
497 1454 651 1540 tuomque
674 1456 755 1521 nu
778 1454 859 1533 ιιο,
889 1454 940 1521 18.
972 1455 1066 1523 voert
1092 1464 1251 1543 turm

132 1566 251 1643 tropen
274 1555 458 1623 boeotioam
479 1578 630 1644 passum:
652 1556 690 1624 ἐκ
710 1559 769 1625 τοῦ
783 1551 1045 1645 Τρωία(Τ(ιῴα)
1070 1553 1182 1645 Τροία
1202 1552 1249 1638 ὥς

132 1656 172 1722 τὸ
185 1650 365 1738 Ἀχελώιος
387 1654 581 1745 (Ἀχελῷος)
594 1652 774 1747 Ἀχιλοῖος.
817 1658 856 1728 Si
877 1657 931 1725 cui
951 1658 1048 1726 altius
1066 1658 1247 1727 emendus

132 1756 242 1834 libcat,
265 1759 433 1845 prototypi
455 1757 558 1824 instou
578 1769 681 1848 ponet
690 1752 836 1841 Ἄχελος,
856 1760 911 1827 cui
935 1760 1041 1828 simile
1060 1772 1113 1828 cst
1128 1783 1251 1831 nonen

132 1856 275 1924 fluminis
289 1851 445 1947 Ἀκέλης,
466 1869 566 1946 atquc
584 1859 664 1928 hino
686 1860 811 1927 directa
831 1862 968 1949 regione
989 1861 1176 1950 proiectam
1194 1861 1249 1929 di-

133 1971 185 2027 cet
200 1954 369 2045 Ἀχελοῖος
388 1969 425 2025 ut
443 1954 582 2042 ἀλλοῖος
602 1963 755 2029 merismu
776 1985 845 2029 non
865 1974 1000 2041 mutato,
1024 1963 1147 2032 deinde
1167 1984 1247 2053 pro-

135 2064 233 2129 ducta
251 2062 358 2130 vocali
382 2061 568 2151 prothetic·
580 2058 742 2154 Ἀχελῷος
761 2074 799 2129 ut
818 2063 973 2150 κιρδοῖος
996 2065 1160 2154 κερδῷος,
1184 2086 1248 2154 po·

133 2177 252 2231 suanno
273 2188 335 2253 per
356 2164 519 2233 diaeresin
530 2161 723 2249 Ἀχιλώιος,
747 2165 799 2232 vel
820 2165 920 2231 etiam
939 2165 1090 2233 ordinem
1110 2166 1251 2235 invertet

133 2279 232 2354 atque
252 2269 315 2334 hoc
336 2268 440 2357 prius,
461 2268 544 2335 iilud
568 2266 732 2355 posterius
752 2267 1013 2337 easecouatituet
1028 2264 1249 2353 ιιιβασίλιιος

130 2368 310 2458 βασιλήιος
333 2372 508 2458 βασιλῆος.
551 2370 667 2436 Altera
698 2368 859 2457 scriptura
890 2380 941 2434 est
954 2362 1135 2451 Ἀχιλῶος,
1164 2390 1249 2457 quac

131 2471 166 2537 in
196 2471 288 2537 libris
312 2468 482 2559 superiore
511 2471 623 2536 seculo
648 2481 682 2536 et
714 2480 815 2536 antea
840 2469 936 2535 editis
966 2480 1155 2539 constanter
1178 2471 1248 2539 iere

132 2572 257 2639 obtinet
274 2573 377 2638 Arist.
388 2572 469 2657 Lys.
486 2571 560 2636 318.
574 2571 680 2659 Soph.
697 2571 818 2638 Trach.
829 2571 860 2636 9.
879 2571 1007 2639 Callirn.
1022 2575 1088 2661 Ep.
1104 2573 1247 2641 XXXI.

132 2676 265 2759 Soymn.
304 2696 335 2738 v.
363 2672 438 2737 469.
466 2672 660 2739 Dicaearch.
697 2674 867 2759 (Dionys.)
896 2675 1014 2740 Descr.
1049 2675 1109 2742 Gr.
1138 2698 1170 2744 v.
1194 2675 1248 2742 66.

131 2775 234 2841 Anth.
257 2775 356 2844 XIV.
380 2775 451 2840 133.
474 2774 585 2840 Noun.
596 2775 700 2841 XIII.
721 2777 796 2842 313.
819 2787 852 2839 et
873 2776 963 2861 apud
985 2776 1164 2864 scriptores
1185 2782 1248 2844 ιιιιὲ

131 2879 211 2944 meri
242 2879 317 2965 lege
347 2876 472 2944 solutos
503 2877 632 2943 Herod.
657 2877 702 2942 Π.
739 2878 790 2942 10.
817 2877 903 2943 Plat.
935 2877 1079 2944 Phaedr.
1107 2878 1184 2947 230.
1207 2881 1248 2946 Β.

132 2983 261 3068 Scylac.
282 2981 407 3069 Peripl.
430 3004 464 3069 p.
492 2981 542 3045 14.
565 2980 618 3047 ed.
645 2980 754 3046 Huda.
779 2980 882 3047 Diod.
904 2981 933 3046 I.
958 2979 1011 3045 39.
1034 2978 1144 3046 Strab.
1168 2980 1248 3048 VH.

130 3086 204 3152 211.
228 3086 268 3150 ci.
292 3083 476 3150 Tzachuclr.
502 3084 546 3148 ad
566 3083 613 3148 X.
639 3082 710 3147 102.
734 3082 894 3170 Apollod.
916 3082 943 3147 I.
972 3082 1001 3146 7.
1023 3081 1069 3146 Π.
1093 3081 1121 3145 7.
1145 3081 1249 3148 Pana.

130 3187 192 3254 lX.
221 3188 274 3253 34.
304 3184 463 3251 Artemid.
492 3184 539 3249 H.
565 3184 617 3249 38.
646 3183 802 3249 Philostr.
829 3185 958 3270 Imagg.
979 3183 1013 3249 1.
1043 3181 1096 3248 25.
1117 3183 1249 3250 Himer.

133 3290 194 3356 Or.
216 3289 245 3352 I.
272 3288 322 3351 17.
349 3310 383 3374 p.
406 3285 480 3350 355.
505 3306 580 3350 raro
609 3285 721 3350 addita
745 3284 852 3350 vocali
880 3284 986 3350 Thuc.
1012 3284 1058 3349 Π.
1082 3283 1155 3349 102.
1186 3285 1249 3354 IV.

130 3392 183 3458 36.
205 3393 249 3458 V.
272 3391 322 3455 13.
345 3410 430 3474 quae
458 3397 642 3452 nostrorum
672 3387 843 3451 doctorum
865 3385 1031 3474 plerisque
1055 3383 1102 3449 ita
1129 3407 1249 3452 neces-

132 3493 216 3560 saria
234 3493 305 3556 visa
329 3502 379 3557 est
407 3500 444 3556 ut
475 3490 530 3554 vix
558 3489 659 3555 ullum
685 3488 812 3573 antiqui
843 3486 943 3553 moris
975 3484 1151 3574 vestigium
1171 3489 1248 3553 reli-

132 3616 231 3680 quum
261 3593 407 3658 iecerint.
460 3591 532 3657 Nec
565 3591 699 3678 segnius
732 3613 792 3678 pro
819 3613 859 3655 ea
885 3599 1035 3677 pugnant
1059 3600 1240 3657 veteres
1210 3584 1247 3657 ri

121 3690 330 3780 'Axetpioc'
308 3718 375 3774 εχει
396 3693 434 3759 τὸ
456 3720 469 3759 ι
489 3720 536 3780 τῳ
558 3689 654 3780 τύπῳ
676 3698 743 3758 τῶν
764 3693 821 3759 διὰ
844 3697 903 3758 τοῦ
916 3717 983 3769 <cog
999 3717 1249 3780 προπερισπιο-

128 3793 237 3881 μένων
258 3797 421 3881 κτητικῶι
442 3817 608 3881 πατρῳος,
628 3797 785 3879 Merctor,
809 3790 868 3860 καί
888 3786 1037 3861 ἐστιν
1001 3820 1075 3862 otor
1093 3820 1249 3884 ιτητικον

129 3899 223 3966 Euat.
246 3895 289 3960 ad
310 3893 411 3960 Dion.
435 3893 509 3959 431.
531 3894 631 3980 idque
653 3893 799 3959 Zonaras
822 3896 894 3960 360.
920 3896 1054 3962 diastasi
1069 3892 1249 3978 Ἀχελώιος

130 3999 261 4089 probari
291 3997 379 4064 dicit.
425 3996 494 4079 Qui
518 3998 587 4062 iota
616 3995 795 4061 omiserunt
824 3997 963 4062 fortasse
996 3999 1098 4063 odore
1128 4008 1248 4086 tropae

131 4102 237 4168 allecti
265 4112 358 4180 suut,
390 4100 483 4184 cujus
512 4098 664 4185 exempla
689 4097 881 4164 Eustathius
909 4098 990 4178 505,
1028 4100 1059 4166 2.
1087 4102 1249 4221 proponit

132 4198 583 4296 commenticiaprprpctoiog
593 4201 722 4284 λέγεται
746 4196 802 4263 καὶ
824 4199 1025 4286 μητραλοίας
1045 4194 1122 4267 κατ’
1146 4199 1249 4268 ἔκιο-

132 4299 223 4368 σιιλ
208 4297 305 4390 daci
327 4329 395 4391 τρο
400 4304 453 4390 τὴν
472 4306 532 4367 τοῦ
555 4327 573 4366 ο
590 4297 638 4377 εἰς
662 4326 688 4365 ιο
711 4298 756 4378 ὡς
777 4294 913 4387 ἀγκοίνη
932 4297 1072 4388 ἀγκώιη,
1090 4303 1250 4369 namhoc
