2736 4778
292 362 357 432 nn
378 359 655 430 Pannonian
699 361 738 430 c.
761 362 821 431 vu.
853 367 879 451 a.
900 359 932 431 s.
1092 367 1169 442 aaa

142 554 168 637 ξ.
190 552 220 618 5.
261 551 317 617 De
338 548 539 635 pleonaemie
560 568 695 612 casuum
714 548 924 614 nominalium
942 560 975 615 et
992 548 1169 616 verbalium

57 653 148 720 brevi
169 651 366 742 praecidam.
409 649 557 715 Primum
579 648 669 732 quod
695 649 834 715 Tzetzes
855 651 961 735 Exeg.
981 649 1033 726 66,
1056 649 1108 716 26.
1137 662 1170 716 et

57 754 250 820 Eustathiue
279 752 376 828 1412,
399 752 452 818 38.
478 749 646 837 proferunt
675 750 800 815 dativoe
831 747 956 827 κύνεαι,
987 746 1169 832 evandrum

58 856 212 921 insitione
238 851 381 939 syllabae
407 852 554 918 biliterae
580 851 735 928 crevisse,
773 851 868 916 nimie
897 872 994 934 quam
1022 848 1171 914 frivolum

59 967 119 1022 est.
162 955 355 1021 Attentionc
382 953 532 1040 digniora
558 962 634 1018 sunt
650 973 735 1037 quae
756 951 957 1039 Apollonius
981 950 1023 1015 dc
1045 971 1168 1036 prono·

58 1058 147 1122 mine
169 1057 284 1122 tertiae
305 1078 464 1144 personae
488 1055 634 1142 disputat
652 1054 692 1119 de
705 1053 807 1119 Pron.
821 1053 891 1118 125.
918 1049 938 1140 ἦ
961 1052 1077 1139 σφίσιν
1098 1045 1168 1119 dud

58 1162 119 1245 τῆς
136 1154 218 1244 oola
238 1155 456 1224 ἐπεκτὲταται
484 1166 518 1221 et
540 1156 649 1243 paullo
676 1167 753 1242 post
774 1150 949 1242 ἐπηυξήθη
974 1147 1044 1218 ἀπὸ
1065 1175 1169 1234 μονα·

59 1254 226 1338 συλλάβοι)
245 1259 304 1344 τῆς
322 1253 417 1344 oola,
442 1278 508 1342 quo
531 1256 733 1344 improbatur
754 1276 866 1321 eonrm
882 1253 1043 1319 sententia
1059 1253 1117 1338 qui
1133 1252 1170 1316 ut

59 1352 155 1445 ἡμῖν,
183 1350 261 1441 ἡμῖν
292 1376 332 1420 ex
361 1352 493 1444 ἥμασιν,
525 1353 643 1441 diacon
671 1357 718 1422 sic
746 1354 826 1443 σφίν
852 1376 913 1441 per
934 1375 1104 1440 syncopen
1125 1375 1167 1417 cx

59 1453 172 1541 σφίσι,
195 1454 258 1521 hoo
279 1467 387 1521 autem
408 1477 449 1523 ex
472 1457 572 1546 σῳέσι
594 1467 707 1522 natum
730 1456 882 1521 dicerent.
931 1456 1025 1519 Idem
1049 1454 1170 1519 iudicat

56 1555 138 1621 EM.
163 1556 245 1633 498,
276 1558 326 1623 14.
356 1555 395 1625 τὸ
422 1556 674 1647 ,,Κα1σφιν,,
705 1552 763 1623 οὐκ
786 1555 876 1624 ἔστιν
896 1549 967 1621 ἀπὸ
990 1559 1048 1623 τοῦ
1070 1552 1170 1639 σφίσι

55 1653 241 1740 βαρυτόνου
264 1650 341 1723 ἀλλ’
366 1651 436 1724 ἀπὸ
460 1661 518 1726 τοῦ
539 1656 621 1746 αφίν
640 1658 749 1746 (ouria)
775 1656 831 1723 καὶ
848 1654 933 1737 μετὰ
949 1653 1008 1741 τὴν
1026 1651 1171 1738 ἔγκλισιν

57 1754 343 1844 παρηκολούθησε
363 1755 401 1824 τὸ
425 1754 553 1836 πάθας,
577 1757 640 1823 hoc
661 1769 712 1824 est
732 1757 867 1824 enclisin
885 1755 1030 1841 sequitur
1047 1752 1170 1840 systole

57 1857 179 1922 vocalis
207 1879 307 1943 quam
333 1880 366 1945 p.
390 1858 468 1937 738,
496 1858 547 1924 17.
578 1871 694 1924 natura
724 1859 856 1946 longam
882 1879 954 1923 esse
981 1856 1060 1922 dicit
1081 1851 1170 1942 ἡμῖν,

57 1953 151 2036 ὑμῖν,
175 1959 310 2044 coint).
332 1995 376 2008 -
396 1958 584 2046 Imperieoti
606 1970 639 2025 et
658 1961 770 2026 aoristi
788 1960 908 2025 formas
928 1956 1170 2023 Alexandrinas

58 2053 255 2139 ἐσχάζοσαν,
284 2054 458 2139 ἕμάθοσαν
483 2060 677 2127 Heraclides
698 2061 792 2126 Euat
810 2059 902 2136 1759,
925 2058 977 2123 36.
1001 2054 1172 2143 epenthesi

58 2156 202 2240 syllabae
223 2144 278 2225 αα
292 2169 403 2225 auctas
426 2170 538 2225 censet
559 2161 643 2226 sicut
663 2154 703 2249 ἦν
723 2153 816 2247 ἦσαν.
859 2161 931 2224 Has
951 2180 1028 2224 vero
1046 2157 1171 2223 Planu-

60 2257 120 2322 des
140 2258 267 2324 Anecd.
288 2260 422 2326 Baohm.
444 2260 490 2325 11.
510 2261 562 2326 40.
586 2272 619 2326 et
648 2261 885 2329 Grammaticus
912 2261 947 2326 in
975 2259 1049 2325 cod.
1072 2259 1171 2327 Voss.

60 2359 105 2422 ad
119 2358 199 2422 ΕΜ.
221 2382 247 2424 s.
263 2359 437 2445 Δορυξόος
460 2382 533 2426 cum
555 2362 684 2428 aoristis
704 2362 875 2429 verborum
891 2363 925 2427 in
938 2348 990 2442 ἀἶ
1005 2371 1173 2446 comparat

59 2454 183 2524 ἔδοσαν
210 2458 295 2526 κατὰ
321 2461 565 2546 μεταπλασμὸν
592 2459 734 2543 luntario
759 2459 805 2542 ὦς
825 2456 994 2552 ἤλθοσαν,
1025 2458 1171 2538 aldonus,

58 2559 124 2625 hoc
146 2570 197 2626 est
218 2554 289 2627 ἀντὶ
310 2564 368 2628 τοῦ
390 2558 480 2641 ἔδον,
504 2556 619 2652 ἦλθον.
664 2563 775 2647 Quam
794 2563 1038 2629 similitudinem
1055 2559 1170 2647 copio-

59 2660 128 2726 sius
156 2661 346 2746 exsequitur
366 2659 618 2731 Choeroboecus
639 2664 721 2732 Can.
740 2664 940 2732 535-537.
969 2662 1172 2747 eandemque

59 2760 217 2846 syllabam
245 2760 417 2828 verborum
444 2763 675 2850 berytonorum
703 2767 853 2854 personis
881 2765 982 2831 tertiis
1009 2763 1104 2841 addi,
1137 2763 1171 2826 in

59 2863 162 2928 altero
174 2878 294 2948 genere
305 2863 430 2929 detrahi
442 2865 554 2945 docet,
571 2864 699 2952 ἔφαμεν
711 2866 809 2955 ἔφαν,
827 2864 939 2951 ἔλεγον
952 2864 1118 2950 ἒλέγασαν.
1130 2900 1172 2911 -

56 2963 113 3029 De
137 2962 289 3049 perfectis
311 2965 433 3030 activae
454 2966 576 3032 formae
595 2968 660 3032 duo
678 2966 860 3054 pleonasmi
878 2964 971 3029 titulo
989 2962 1171 3027 inscribun-

58 3074 127 3128 tur:
156 3063 189 3130 ἐν
217 3068 265 3151 τῷ
294 3058 441 3152 ἄγήγαχα
468 3065 528 3132 καὶ
556 3065 700 3154 ἐδήδοκα
724 3067 869 3153 συλλαβὴ
896 3059 1096 3131 ἐπλεόνασεν
1117 3064 1172 3128 ἵνα

59 3164 96 3230 ἐν
113 3167 154 3251 τῇ
172 3159 202 3248 β
221 3162 279 3230 καὶ
295 3158 322 3248 γ’
345 3165 495 3253 συλλαβῇ
514 3163 554 3230 τὸ
574 3160 654 3230 αὐτὸ
676 3165 854 3251 σύμφωνον
874 3163 991 3247 ἔχωσιν
1008 3159 1118 3248 ὥςπερ
1133 3163 1171 3227 τὸ

59 3257 228 3351 ἀλήλιφα,
251 3257 415 3347 ὀμώμακα
440 3276 500 3331 etc.
527 3262 691 3331 Choerob.
714 3265 793 3344 570,
818 3264 867 3331 15.
910 3264 965 3330 De
985 3263 1090 3351 primo
1113 3262 1172 3327 ali·

58 3375 109 3430 ter
131 3363 317 3429 existimant
339 3374 488 3431 auctores
510 3369 535 3453 ξ.
560 3369 589 3432 1.
612 3368 774 3454 producti.
813 3371 866 3433 Ac
888 3367 916 3432 si
937 3367 1045 3431 futuro
1068 3363 1173 3432 ἐδέσω

58 3485 244 3550 congruens
273 3464 453 3551 perfectum
480 3460 585 3554 ἤὸεκα
614 3470 785 3556 fingimus,
816 3469 891 3535 hino
924 3466 1070 3554 ἐδήδοκα
1103 3465 1172 3530 lieri

58 3565 168 3653 potuit
197 3565 301 3651 epsilo
332 3565 368 3631 in
394 3567 539 3635 omicron
567 3581 690 3636 mutato
719 3582 756 3636 ut
777 3569 921 3659 ἐνήνοχα.
964 3569 1019 3635 Dc
1041 3567 1171 3655 passivo

58 3668 107 3732 sic
129 3667 320 3752 loquuntur:
342 3666 379 3733 ἐκ
394 3673 469 3765 aori-
477 3666 635 3758 ἐλήλαται
656 3671 779 3756 γίνεται
797 3671 836 3738 τὸ
860 3669 1057 3760 ἕληλέὸαται
1074 3668 1171 3736 ἐπεν-

58 3765 216 3845 teutonos
248 3766 317 3854 πρὸ
348 3771 408 3835 τοῦ
439 3795 468 3847 α,
487 3774 545 3860 τῆς
572 3770 829 3862 παραληγαύσης
855 3777 913 3839 τοῦ
944 3760 1041 3841 ἰ’-καὶ
1067 3758 1173 3838 τοῦ-6

129 3970 159 4038 9)
172 3968 284 4026 Charax
302 3971 331 4026 in
343 3972 450 4029 Anecd.
467 3974 542 4027 1153.
556 3973 587 4029 ἓν
603 3979 660 4036 τοῖς
677 3977 871 4043 πληθυντικῶς
887 3980 982 4047 σφίσι,
1000 3976 1090 4040 σφέας
1103 3969 1174 4025 ἂνα-

56 4053 194 4124 βιβάζεται
213 4054 227 4112 ὁ
244 4056 322 4121 τόνος
341 4054 380 4115 οὔ
399 4075 537 4132 σφισιν,
556 4065 617 4114 καί
632 4075 756 4132 σφεας,
774 4063 835 4116 ἐπεὶ
854 4059 885 4115 οὐ
905 4054 989 4130 φύσει
1006 4053 1172 4126 ῖβαρὺνονιο

57 4139 128 4195 ἀλλὰ
151 4139 218 4197 κατὰ
242 4140 349 4212 πάθος,
374 4151 445 4217 ouis
466 4150 579 4216 σφίσιν,
605 4149 680 4218 σφᾶς
700 4151 788 4218 notae
811 4146 860 4215 (cf.
883 4144 1029 4199 Thiarach.
1050 4144 1171 4198 Gramm.

58 4228 83 4294 §-
98 4229 156 4279 lssl.
172 4245 199 4281 n.
214 4230 262 4294 a).
289 4230 363 4283 Illud
381 4235 431 4284 καί
445 4247 514 4302 σφιν
528 4240 647 4286 sumtum
666 4240 709 4285 est
726 4249 761 4286 ex
779 4230 860 4284 llll.
875 4232 933 4285 676.
949 4231 1006 4283 Od.
1019 4228 1096 4284 XVI.
1110 4233 1170 4284 252.

58 4313 134 4377 iota,
159 4320 189 4366 ut
210 4331 262 4384 par
284 4324 343 4382 eat,
367 4316 460 4386 brevi3
486 4333 600 4372 caesura
620 4317 789 4390 productum
810 4314 906 4381 Quint.
922 4316 974 4371 XI.
994 4319 1035 4374 66.
1054 4317 1172 4374 removit

60 4398 236 4473 Spitzncrus.
