2736 4778
544 851 656 922 CAP.
686 855 714 922 1.

358 995 417 1071 De
448 997 671 1073 metathesi
697 999 888 1101 propria.

544 1251 714 1270 *ιιι-ς

417 1461 833 1548 PROOEMIUM

155 1711 357 1797 Μειοιίιεείε
382 1726 450 1792 sive
472 1724 678 1814 hyperthesis
700 1748 819 1792 nomen
842 1748 940 1813 quam
961 1727 1026 1794 late
1047 1736 1184 1815 vagetur

70 1851 151 1917 prae
173 1828 288 1895 ceteris
310 1827 454 1893 ostendit
465 1827 663 1914 Apollonius
683 1827 718 1893 in
739 1830 908 1916 prooemio
931 1829 1075 1914 syntaxis
1096 1829 1181 1895 ο.ΙΙ.

71 1932 102 1998 8.
128 1931 209 2016 (14.)
240 1929 297 1996 ubi
328 1930 369 1995 de
396 1928 652 2013 consequutione
681 1929 846 1994 literarum
875 1930 1006 1996 disserit
1031 1930 1119 1995 huno
1149 1930 1183 1992 in

70 2032 220 2097 modum:
254 2035 402 2111 στοιχεῖα
431 2025 687 2113 ὑπερτίθενται,
719 2024 817 2117 ἡνίκα
844 2029 864 2116 ἡ
895 2027 1019 2116 καρδία
1047 2029 1181 2115 κραδία,

71 2131 169 2215 παρὰ
187 2129 226 2198 τὸ
249 2127 364 2196 σκέπω
385 2127 424 2196 τὸ
446 2130 572 2205 σκέπος
592 2126 650 2193 καί
667 2125 808 2206 πέσκος·
829 2123 988 2199 ἀλλὰκαὶ
1006 2126 1182 2214 συλλαβαί,

70 2227 169 2320 ἡνίκα
192 2228 229 2297 εδ
256 2224 416 2315 ἐξαπίνης
443 2227 618 2316 ἐξαίφνης,
647 2228 686 2296 τδ
710 2220 835 2314 ἀρωρεν
855 2221 996 2316 ἀίρορεν·
1019 2225 1104 2298 ἀλλὰ
1127 2231 1184 2296 καί

72 2329 192 2412 λέξεις,
215 2328 273 2397 δ’τε
293 2322 314 2416 ἦ
336 2323 518 2414 οίνοφόρος
537 2332 579 2417 γῆ
599 2329 774 2415 φερέοικος
791 2327 931 2413 λέγεται,
949 2331 987 2397 οί
1004 2354 1041 2396 τε
1063 2324 1183 2412 ἀνδρό-

71 2455 164 2517 γυνοι
189 2425 381 2517 γύνανδροι·
408 2423 494 2496 ἀλλά
518 2425 576 2495 καί
599 2423 693 2514 λόγοι
721 2426 818 2508 ,,Τδς
842 2431 903 2512 μὲν
926 2422 994 2514 ἀρα
1017 2430 1182 2516 θρέψασα

70 2526 213 2597 τεκοῦσά
235 2535 293 2596 τεα
307 2565 351 2577 -
372 2523 486 2608 ,Κίοιο
510 2524 560 2595 ίεν
580 2527 638 2596 καί
661 2524 791 2619 ὑπέρβη
814 2528 926 2597 λοίϊνον
949 2525 1081 2599 οίνδόνίέ.
1115 2530 1182 2595 Εε-

72 2631 148 2697 dem
172 2629 298 2696 ratione
327 2629 386 2696 sed
414 2630 571 2717 exemplis
600 2630 711 2718 paullo
741 2631 876 2698 diversis
905 2629 1061 2696 ambitum
1087 2628 1182 2716 hujus

70 2731 216 2817 regionis
239 2730 393 2797 describit
406 2731 573 2797 Maximus
588 2731 755 2797 Planudes
776 2733 811 2798 in
824 2732 1043 2799 Grammatica
1064 2756 1097 2819 p.
1111 2734 1182 2798 110.

69 2833 200 2898 Anecd.
228 2830 361 2897 Bachm.
389 2832 431 2898 T.
452 2833 498 2900 Η.
527 2843 560 2899 ει
586 2833 745 2921 Append.
771 2835 879 2918 Etym.
910 2832 999 2899 Gud.
1025 2832 1102 2910 660,
1131 2834 1183 2898 20.

70 2929 310 3016 μετατίθενται
337 2939 484 3014 στοιχεῖα
513 2933 635 3016 κραδία
664 2932 802 3019 καρδία,
833 2927 985 3016 ἀτραπός
1013 2927 1182 3015 ἀταρπός,

71 3030 246 3117 σφάγανον
267 3027 451 3122 φάσγανον,
486 3027 600 3118 ὀλίγος
626 3032 740 3118 λοιγίς
755 3032 804 3117 ¹),
835 3026 999 3099 ἀλλὰκαὶ
1021 3032 1183 3112 συλλαβαί
1234 3051 1238 3058 ·

72 3123 146 3198 οἷον
161 3132 324 3216 λακέρυζα
343 3128 362 3220 ἡ
381 3129 544 3218 κελάρυζα
561 3133 618 3200 καί
634 3129 845 3221 κεκριῗφαλος
862 3125 880 3200 δ
900 3131 1182 3218 κροπτοκέφαλος.

76 3227 126 3299 Οίν
144 3231 208 3320 μὴν
228 3227 386 3301 ἀλλὰκαὶ
404 3234 510 3314 λέξεις
521 3232 765 3317 μετατίθενται
781 3223 852 3299 οἷον
870 3227 906 3299 εί
919 3256 970 3310 τις
987 3230 1046 3309 τάς
1063 3229 1185 3312 σεμνάς

71 3331 159 3411 θεας
175 3332 264 3412 θεδς
279 3329 401 3418 σεμνοίς
420 3333 511 3419 λέγοι
529 3333 587 3400 καί
603 3333 642 3402 τὸ
663 3339 758 3402 θεῖον
776 3325 905 3420 δίπυρον
924 3327 1055 3418 ἀπορον
1072 3337 1184 3398 θεῖον·

71 3428 92 3520 ἡ
113 3433 175 3520 γὰρ
196 3435 457 3523 καθιομιλημένη
480 3436 613 3523 γλῶσσα
635 3434 669 3502 ἐν
691 3431 804 3524 ἐκείνῳ
822 3435 883 3520 μὲν
900 3434 939 3501 τδ
960 3427 1080 3516 σεμνάς
1099 3456 1185 3517 προ-

70 3527 196 3612 τάττει,
228 3531 263 3599 έν
289 3535 326 3602 δὲ
350 3533 484 3614 τούτοις
508 3533 547 3603 τδ
574 3540 680 3603 θεῖον.
728 3535 795 3603 Τὸν
819 3530 894 3602 ’ίσον
919 3534 956 3601 δὲ
979 3528 1185 3613 τρόπονκαὶ

70 3628 168 3719 λόγοι
189 3632 426 3716 μετατίθενται
449 3632 493 3715 ὡς
515 3635 554 3705 τὸ
575 3631 778 3720 καλούμενον
800 3641 910 3723 σχῆμα
932 3631 1182 3722 ττρωθύστερον,

71 3726 145 3800 οἷον
172 3731 235 3813 ,,ολ
263 3730 297 3802 δ’
325 3729 480 3803 ἀνεοάν
505 3763 546 3804 τε
573 3734 703 3816 πύλας
730 3737 798 3804 καί
824 3731 1000 3805 ἀπῶσαν
1026 3731 1184 3825 ἀχῆαςίί

69 3833 156 3916 μετὰ
183 3832 246 3922 γὰρ
271 3834 310 3904 τδ
333 3831 537 3928 ἀπωσθῆναι
560 3837 638 3916 τοὺς
661 3836 804 3923 μοχλοὺς
829 3834 974 3907 ἀνίενται
1004 3834 1038 3904 αλ
1068 3831 1183 3901 πύλαι.

143 4075 170 4142 1)
190 4075 299 4129 Eodem
318 4075 448 4147 exemplo
469 4075 518 4144 (σε
536 4058 598 4146 quiin
617 4081 779 4148 corruptum
796 4072 891 4144 putet)
916 4068 1004 4124 utitur
1020 4068 1183 4124 Euanthius

70 4161 115 4224 λδ,
128 4163 153 4214 5.
172 4159 264 4230 ὀλίγος
280 4159 387 4246 λο-ιγίς,
409 4157 520 4223 ὅλισθος
537 4167 650 4222 λοῖσθος
665 4170 694 4215 ει
711 4162 767 4224 1⁴3,
781 4161 823 4213 21.
843 4152 934 4228 λοιγὸς
950 4150 1025 4228 παρά
1043 4151 1072 4210 τὸ
1091 4152 1184 4228 ὀλίγος

71 4251 221 4321 μεταθέσει
239 4251 288 4305 τοῦ
306 4269 321 4304 ο
340 4245 377 4310 ὥς
394 4264 482 4322 φασιν
502 4250 531 4305 οἱ
547 4249 669 4304 παλαιοί.
