2736 4778
206 343 271 416 DE
291 344 565 416 PARATHESI
582 343 645 416 ΕΤ
669 342 944 418 scemam„
967 345 1046 419 0.1.
1068 347 1138 439 §.h
1168 350 1245 433 557

132 553 205 600 esse
226 556 286 621 pro
310 531 402 619 χερσὶ
424 528 525 620 μάχη.
568 533 740 619 Frequens
761 555 837 600 vero
865 544 916 601 est
940 545 974 601 et
1000 535 1162 623 periacilis
1184 538 1243 606 da-

131 636 188 700 tivi
216 635 392 721 singularis
422 657 496 701 cum
524 635 692 720 arbectivis
720 634 904 722 copulatio:
933 631 1043 724 ὥςπερ
1071 637 1165 722 παρὰ
1186 643 1245 728 τὴν

119 728 216 825 Ἄρηι
237 734 374 822 δοτικὴν
396 732 523 821 γίνεται
543 731 738 827 ἀρηΐφιλος,
762 733 849 804 οὕτω
873 733 968 823 παρὰ
990 734 1028 803 τὸ
1052 735 1115 804 Διί
1135 737 1244 828 dalca-

129 839 188 915 λος
209 836 290 903 ΕΜ.
319 835 400 914 275,
428 834 459 901 6.
494 829 672 924 ἇρηίφιλος
698 832 747 915 ὡς
773 832 985 926 χειρίσοφος,
1022 833 1245 922 ὀοορίκιηεος,

132 934 360 1023 ὀοορίκλειιος
379 959 414 1023 p.
429 936 500 1015 139,
519 934 571 1002 53.
614 937 744 1003 Homm
765 936 908 1023 primum
928 937 957 1001 si
977 936 1247 1022 andronymioum

134 1047 184 1102 est
210 1037 291 1121 (quo
313 1038 478 1104 Homerus
501 1059 569 1103 non
593 1036 708 1124 utitur)
737 1037 847 1104 divelli
874 1037 964 1103 nullo
996 1039 1097 1103 modo
1122 1048 1246 1125 potest,

134 1137 195 1202 sed
212 1137 404 1223 adjectivum
426 1160 559 1224 quoque
579 1162 645 1204 non
667 1139 759 1206 aliter
779 1137 931 1205 scribitur
952 1160 1051 1224 quam
1071 1133 1245 1228 ἅρρίθοος.

130 1237 201 1303 Pro
223 1238 287 1306 Διῒ
308 1238 407 1328 φίλος
427 1239 599 1307 Bekkerus
622 1239 771 1328 διΐφιλος
798 1239 926 1327 posuit,
958 1240 1050 1326 quod
1072 1239 1142 1325 jam
1168 1237 1246 1305 olim

132 1348 281 1404 suaserat
296 1338 494 1427 §pitanerus
524 1341 566 1407 de
587 1342 682 1409 Vera.
705 1341 786 1406 Her.
807 1341 861 1407 43.
889 1352 1026 1428 propter
1052 1341 1243 1429 productio-

131 1463 208 1507 nem
244 1440 516 1529 antepenultimae
552 1441 613 1508 sed
651 1451 769 1528 postea
802 1441 946 1515 desenrit
977 1451 1105 1507 retenta
1136 1452 1245 1509 tamen

135 1542 232 1608 codd
253 1543 481 1610 nonnullorum
501 1542 746 1630 scripturarius
767 1534 1012 1630 ἄρρικεαμένῳ,
1036 1540 1128 1626 quod
1147 1542 1244 1609 Wol-

131 1642 195 1706 fius
216 1642 237 1708 l
261 1664 289 1709 o.
313 1644 536 1711 necessarium
565 1666 637 1709 esse
663 1642 753 1708 ducit
783 1664 826 1708 ne
853 1642 927 1728 quis
950 1641 1128 1729 significari
1149 1654 1245 1730 putet

130 1745 233 1810 Morti
253 1748 366 1812 occiso.
410 1736 479 1813 Sed
494 1744 558 1811 hoo
579 1743 701 1811 nemini
718 1743 754 1811 in
772 1754 914 1810 mentem
934 1744 1044 1810 venire
1065 1755 1244 1832 potestne-

132 1865 196 1928 que
226 1859 294 1909 tam
319 1845 529 1932 scrupulosos
563 1847 664 1913 fuisse
689 1856 815 1913 veteres
845 1855 983 1934 apparet
1014 1867 1033 1911 e
1063 1844 1174 1914 Sohol.
1192 1845 1243 1919 ,11.

130 1944 233 2011 XXI.
259 1945 349 2012 301«
363 1943 479 2029 τεύχεα
512 1947 573 2014 δαῒ
599 1943 769 2031 κταμένων
797 1944 922 2034 αἰζηῶν
938 1982 979 1994 -
995 1937 1131 2030 ἔμεινεν
1157 1944 1244 2012 κατὰ

133 2041 288 2113 διάλυσιν
309 2041 356 2125 ὡς
385 2038 462 2135 dopo
486 2045 670 2131 κταμένων·
698 2042 794 2115 οὐδὲν
821 2044 883 2131 γὰρ
904 2046 1009 2114 πλέον
1031 2043 1069 2110 ἐκ
1087 2050 1147 2132 τῆς
1166 2069 1244 2112 σον-

130 2144 272 2224 θέσεως.
304 2146 348 2215 Id
366 2159 475 2213 tamen
495 2147 539 2212 ad
559 2146 641 2213 illud
661 2144 768 2212 minus
791 2144 959 2221 convenit;
983 2141 1146 2230 synthesis
1159 2143 1246 2211 enim

132 2245 198 2312 hoo
227 2247 392 2317 commodi
419 2247 530 2313 affert'
544 2258 582 2313 ut
614 2245 783 2336 epitheton
812 2245 1030 2331 distinguatur
1054 2267 1075 2310 a
1100 2245 1244 2334 genitivo

133 2346 285 2416 absoluto
307 2371 373 2435 quo
398 2348 542 2432 Quintus
564 2350 664 2415 utitur
686 2347 743 2416 lV.
763 2346 815 2414 29.
838 2350 894 2415 νῦν
917 2340 950 2413 d'
970 2341 1034 2415 ὀΐω
1057 2345 1245 2435 φεύξεσθαι

122 2441 278 2530 Ἀχαιοὺς
299 2450 360 2516 δαῒ
379 2448 543 2535 κταμένοιο
557 2445 725 2539 Ἀχιλῆος,
749 2447 806 2514 ubi
825 2469 997 2537 perperam
1018 2446 1175 2535 scriptum
1196 2458 1247 2514 est

132 2549 355 2635 deiasapee'sov
380 2550 476 2636 quasi
503 2549 673 2639 epitheton
694 2563 781 2616 esset
809 2561 847 2616 ut
871 2549 897 2616 l.
918 2548 993 2615 630.
1023 2558 1057 2613 et
1077 2544 1149 2615 Vll.
1173 2546 1244 2615 166.

132 2644 179 2726 ὡς
201 2647 349 2729 iridens
371 2651 593 2742 δαϊκταμέιην
620 2651 669 2720 ἐνὶ
691 2647 803 2742 χάρμῃ
831 2661 864 2718 et
884 2651 994 2718 Noun.
1020 2646 1148 2716 XXlll.
1173 2650 1244 2720 117.

133 2751 364 2836 δαϊκταμένων
385 2747 489 2841 φόνος
508 2746 627 2821 Ἰνδῶν.
681 2751 720 2818 ld
740 2763 849 2819 autem
870 2752 1015 2839 disjungi
1034 2751 1149 2838 nequit
1169 2751 1247 2838 quia

131 2851 275 2917 Nonnus
296 2851 436 2940 simplici
460 2852 522 2921 tat
538 2877 607 2922 non
627 2853 737 2921 utitur.
772 2847 977 2943 Ἅρηίφοιος
1000 2864 1034 2919 ot
1062 2875 1147 2938 quae
1169 2865 1247 2941 post

131 2953 316 3019 Homerum
336 2953 541 3021 invaluerunt
562 2950 758 3043 ἀρείφαιος,
779 2953 964 3042 κηρίφοτος
984 2975 1004 3017 a
1027 2953 1246 3039 disjunctione

131 3053 277 3121 vindieat
295 3055 445 3141 adjectivi
462 3052 571 3144 φαιός
591 3053 775 3132 insolentia,
802 3053 892 3139 qnod
912 3053 1051 3119 fortasse
1071 3075 1114 3119 ne
1133 3055 1245 3141 Hesy-

132 3155 227 3221 chius
248 3156 382 3242 quidem
402 3155 526 3222 invenit
545 3154 606 3227 sed
625 3177 667 3222 ex
685 3153 851 3221 homerico
872 3146 1058 3243 ἆροίφαιος
1069 3153 1248 3242 exsculpsit

136 3254 249 3324 Φατοί
274 3261 465 3334 τεθνεῶτες.
524 3256 619 3322 Idem
654 3254 829 3323 dicendum
868 3265 919 3321 est
949 3255 991 3321 de
1027 3255 1246 3342 ὀοΐοφαλιος.

134 3357 239 3440 Quod
269 3360 449 3424 secundum
476 3357 512 3422 in
538 3357 594 3422 illa
623 3358 847 3443 synthetorum
872 3355 1113 3424 enumeratione
1138 3355 1247 3423 locum

135 3461 263 3528 obtinet
281 3460 485 3549 popinones,
505 3457 692 3528 Scholiasta
700 3458 801 3526 Dion.
825 3481 857 3546 p.
875 3458 949 3524 684.
968 3468 1048 3524 note
1067 3458 1247 3525 connexiva

135 3563 260 3650 signari
274 3560 372 3648 jubet
398 3583 441 3629 ne
465 3560 616 3627 audiatur
637 3559 724 3647 χειρὶ
751 3555 874 3647 σορός,
905 3560 965 3626 sed
993 3570 1158 3627 auctorem
1178 3584 1246 3629 non

135 3663 249 3732 subdit
273 3686 381 3750 neque
401 3661 497 3729 nobis
515 3660 657 3728 innotuit
679 3672 808 3748 praeter
828 3661 998 3750 proprium
1018 3662 1244 3754 Χειρίσοφος·

132 3789 211 3832 nem
235 3765 270 3831 in
295 3764 434 3833 Lucian.
458 3762 554 3830 Rhet.
580 3763 696 3831 Praee.
725 3765 751 3851 ξ.
775 3761 826 3829 17.
870 3762 1075 3834 Jaeobitzius
1102 3788 1120 3832 e
1148 3765 1245 3832 eodd.

134 3867 240 3935 edidit
259 3862 460 3956 χειρόσορος
481 3865 680 3952 omninoque
707 3864 760 3932 hic
791 3863 918 3932 dativus
946 3890 1013 3951 non
1040 3867 1247 3954 componitur

134 3992 210 4036 cum
236 3967 371 4054 integris
401 3967 461 4033 sed
487 3968 665 4055 apponitur
693 3978 729 4032 ut
755 3966 789 4032 in
815 3967 903 4035 Plut.
932 3972 974 4037 V.
1004 3967 1100 4035 Galb.
1127 3966 1244 4033 XXV.

134 4067 257 4148 ὁθεός
280 4065 380 4135 αὐτὸν
400 4067 487 4151 χειρὶ
511 4070 640 4154 ληπτὸν
661 4067 854 4155 παρέδωκε,
877 4069 968 4153 quod
988 4066 1179 4132 Herodotus
1202 4067 1244 4134 V.

136 4170 209 4236 106.
233 4169 396 4258 expressit
418 4168 610 4255 trisyntheto
637 4166 861 4257 ἐγχειρίθετον
880 4167 1101 4252 παραδοῦναι.
1140 4166 1243 4232 Prae-

135 4283 303 4364 ponuntur
323 4293 399 4337 vero
425 4269 479 4336 alii
503 4268 802 4358 monosyllaborum
825 4266 926 4333 dativi
946 4277 1014 4333 tum
1035 4263 1244 4338 substantivis
