2736 4778
245 391 301 457 nn
324 387 721 478 oaoscrmmumsuo.
763 389 835 458 nc
857 390 928 459 cc
949 391 978 476 p.
991 391 1019 457 1.
1131 388 1189 456 161
1320 382 1321 386 ‘
1345 347 1347 351 ⁴

76 561 110 623 et
129 556 271 639 proxime
291 560 365 639 post
385 554 517 645 βοηθὸν
527 562 537 633 ΙΙ
552 552 681 639 Βάκχον
704 553 779 639 ἔχει,
802 553 898 638 idque
919 558 1193 638 perpetuumest:

76 659 205 743 κατέχει
229 661 272 742 ol,
283 674 293 746 ιι
305 655 347 739 ὡς
368 679 398 724 n.
410 657 461 741 67,
484 660 541 726 sed
563 655 644 727 diat
659 673 669 744 n
684 651 786 725 ἄλλον
807 678 837 724 n.
850 656 891 726 94
914 666 987 740 etc.;
1010 658 1194 741 acsidpol·

75 763 151 829 lonii
185 763 251 829 cod.
275 761 408 846 Guelph.
443 767 570 828 acutum
603 763 682 828 adeo
715 781 778 828 non
809 762 1018 844 interpunctis
1051 761 1193 828 adhibet:

76 861 365 946 ἀκιάς11ὠκεανοῠ,
390 860 606 952 αἶιῆνηήέρα,
627 865 660 932 id
681 883 805 948 quoque
828 865 946 947 dubito,
968 884 1043 930 num
1065 870 1196 948 propter

74 987 208 1049 pausam
230 967 348 1033 iactum
370 968 420 1050 sit,
443 988 516 1033 nam
538 968 632 1048 idem,
654 972 691 1034 ut
702 968 875 1033 Merkelius
898 969 990 1056 docet
1000 969 1083 1035 Prol.
1095 967 1193 1048 LVII,

74 1090 116 1152 ny
150 1070 395 1153 ephelcysticum
426 1071 645 1138 tantummodo
678 1078 751 1138 ante
773 1071 913 1138 vocalem
945 1072 1052 1138 hiatus
1074 1058 1195 1139 vitandi

75 1190 170 1238 causa
192 1173 340 1239 admittit

161 1275 302 1358 Cognitis
335 1281 442 1342 autem
468 1277 609 1344 codicum
630 1276 832 1359 praeiudiciis
865 1278 1001 1345 dissonis
1022 1297 1116 1361 porro
1139 1297 1193 1344 ex-

72 1377 248 1461 pendamus
271 1379 333 1446 duo
366 1380 422 1445 illa
443 1380 608 1461 vocabula,
642 1379 756 1461 quibus
790 1382 966 1448 sententiae
989 1387 1098 1448 auctor
1119 1400 1191 1464 pro-

72 1480 149 1546 bare
172 1480 295 1563 studet,
329 1482 503 1548 Homerum
537 1473 665 1566 operam
689 1482 823 1565 dedisse,
853 1491 891 1550 ut
912 1485 1056 1551 ultimam
1077 1485 1191 1566 thesin,

73 1584 100 1649 si
123 1584 208 1666 optio
231 1583 306 1652 data
328 1592 430 1666 esset,
446 1605 522 1651 sono
538 1585 917 1653 circumlineretiortiore.
962 1587 1083 1652 Horum
1094 1606 1191 1652 unum

73 1683 159 1754 aiat
191 1706 254 1753 non
287 1688 388 1754 solum
420 1689 480 1755 hoc
500 1691 533 1755 in
555 1691 623 1765 loco
646 1692 816 1773 invenitur,
840 1690 951 1756 sedin
974 1688 1045 1755 aliis
1068 1708 1191 1772 quoque

70 1791 225 1872 producta
246 1790 366 1872 ultima,
390 1792 455 1857 siue
479 1810 517 1856 ea
538 1792 571 1856 in
592 1793 697 1859 thesin
719 1794 838 1881 incidit
862 1794 928 1859 sive
950 1793 984 1858 in
1006 1793 1101 1873 arsin,
1125 1793 1191 1859 siue

12 1925 21 1966 1
71 1912 208 1959 consona
230 1894 382 1976 sequitur,
406 1895 471 1960 sive
494 1895 706 1978 diphthongus
729 1897 885 1963 uocalisve
907 1897 1013 1976 longa:
1038 1891 1106 1962 αἰεὶ
1128 1893 1189 1983 γάρ

71 2020 131 2073 τοι,
144 1989 212 2061 ἀλλ’
227 1991 291 2064 αἰεὶ
303 1994 451 2065 Adana·
474 1997 610 2063 alterum
621 2016 696 2064 uero
709 2005 783 2065 ante
794 1999 918 2066 vocales
931 1999 1058 2065 demum
1068 1998 1190 2078 breves,

70 2098 257 2180 quibuscum
291 2098 323 2164 in
347 2099 507 2183 dactylum
534 2099 675 2167 confluit:
710 2098 780 2169 αἰὲν
814 2099 944 2169 ἐπέστω
967 2101 1103 2185 Theogn.
1127 2101 1191 2167 354

62 2200 171 2285 ’(365),
194 2207 228 2267 et
248 2220 311 2267 non
333 2220 406 2267 raro
427 2208 597 2285 utrumque
619 2205 731 2271 eodem
752 2205 784 2270 in
807 2205 875 2271 loco
898 2203 1032 2271 diversis
1054 2202 1188 2286 pedibus

68 2304 278 2386 assignatum:
318 2301 384 2372 αἰεὶ
419 2304 481 2393 γὰρ
515 2302 699 2393 caddonac,
735 2304 805 2396 ὅπῃ
838 2307 874 2373 κέ
903 2333 953 2386 τις
981 2303 1051 2374 αἰὲν
1078 2303 1190 2394 dorida

68 2407 249 2489 Empedocl.
275 2405 345 2489 176,
369 2404 434 2474 αἰεὶ
458 2414 554 2474 codro
578 2409 663 2488 Διὸς
685 2407 822 2497 κούραις
842 2411 945 2494 μέλει,
969 2405 1039 2477 αἰὲν
1053 2404 1192 2504 ,ἀοιδοῖς

70 2510 199 2577 Theodr.
221 2510 298 2576 XVI
322 2508 357 2592 1¹3
390 2530 447 2592 pro
481 2506 547 2578 αἰεὶ
578 2509 612 2578 ἒν
635 2506 823 2592 ἀθανάτοις
855 2513 891 2578 Il.
915 2511 1190 2592 1520,IX322,

70 2613 109 2679 H.
132 2613 265 2680 inVen.
288 2613 352 2678 202
374 2613 549 2680 Hermanni
583 2615 746 2681 admonitu
769 2616 975 2682 substitutum
998 2621 1048 2682 est
1069 2616 1192 2696 exilius,

68 2735 127 2783 nec
149 2717 325 2800 suspicione
348 2717 615 2784 arctoum
640 2718 700 2785 146
723 2707 771 2801 ἷζε
793 2715 990 2803 μυχοίτατος
1013 2713 1089 2800 alsi,
1114 2715 1193 2785 ἄτα·

69 2818 213 2887 odolina
235 2822 273 2889 δέ
295 2817 324 2888 oi
338 2859 373 2868 -
393 2819 531 2910 ε’χθραί,
559 2840 596 2888 ac
617 2823 721 2887 minus
755 2822 852 2888 etiam
873 2821 940 2888 Nic.
963 2821 1012 2888 Al.
1039 2820 1099 2889 146
1123 2817 1192 2889 αἰὲν

69 2917 275 3014 scerpham,
310 2924 365 2990 ubi
397 2943 437 2990 ne
459 2925 669 3007 interpunctio
699 2927 826 3007 quidem
849 2926 1003 2992 subvenit.
1047 2921 1137 2991 Αἷέν
1158 2923 1192 2989 in

69 3027 156 3093 exitu
178 3027 328 3093 exhibent
355 3027 509 3093 editiones
532 3027 642 3107 Basil,
665 3027 751 3110 Em,
774 3029 874 3112 Heyn.
897 3028 933 3094 11.
956 3025 1098 3105 111827,
1132 3026 1189 3091 sed

69 3136 246 3197 correctum
268 3135 333 3210 est;
362 3131 395 3195 in
418 3129 515 3212 Orph.
537 3130 620 3196 Lith.
644 3130 708 3196 208
730 3130 931 3197 Hermannus
953 3130 1079 3210 invitus,
1102 3136 1191 3212 puto,

32 3267 34 3271 ·
69 3233 206 3316 reliquit,
229 3234 345 3316 quippe
368 3234 560 3299 contrarium
582 3233 696 3299 ceteris
717 3234 794 3300 locis
816 3232 888 3315 375,
910 3233 982 3315 405,
1005 3230 1082 3312 603;
1106 3232 1189 3297 idem

70 3335 186 3413 Quinto
208 3330 325 3403 eremit
342 3335 542 3421 Koechlylll
560 3334 622 3402 776
645 3342 678 3402 et
699 3337 762 3403 iam
784 3336 963 3402 Brunckius
984 3335 1190 3418 Apollonidac

71 3437 197 3505 Anthol.
230 3440 297 3506 Pal.
319 3440 366 3506 VI
392 3441 450 3506 105
483 3439 569 3506 nullo
592 3440 698 3506 codice
720 3440 861 3520 adiutus,
896 3440 953 3506 sed
976 3439 1190 3521 exemplorum

70 3542 160 3624 copia
181 3543 326 3609 maxima
370 3544 453 3610 Hinc
475 3543 663 3625 colligimus,
699 3540 765 3610 αιέί
787 3543 890 3625 scribi,
925 3543 1102 3624 ubicunque
1125 3559 1190 3606 me·

70 3650 156 3709 trum
177 3648 311 3729 patitur,
345 3643 411 3713 αἰέν
432 3665 521 3727 uero,
550 3646 605 3712 ubi
628 3647 776 3713 trochaeo
798 3664 876 3729 opus
898 3650 962 3727 est,
996 3664 1058 3727 quo
1080 3646 1191 3711 ultima

69 3748 148 3814 nihil
180 3750 302 3832 indiget
333 3751 448 3838 quippe
470 3768 603 3831 anceps3
637 3750 694 3815 sed
726 3755 888 3831 receptum
922 3754 972 3814 est
992 3747 1128 3814 fortasse
1150 3748 1190 3812 ab

71 3851 238 3935 aliquibus
270 3854 297 3919 si
318 3853 497 3919 immineret
517 3853 650 3933 uocalis,
685 3858 721 3918 ut
743 3851 875 3935 Oppian.
898 3852 969 3918 Hal.
992 3851 1125 3916 111517
1150 3849 1189 3915 ιὰ

71 3950 100 4021 d’
105 3951 177 4023 αἰὲν
187 3956 197 4026 11
208 3953 298 4036 ὀξέα,
322 3960 356 4021 et
377 3956 541 4023 coniuncte
558 3975 630 4022 cum
652 3957 754 4023 altera
767 3957 986 4022 terminatione
998 3954 1070 4019 Hal.
1082 3953 1114 4017 ΙΙ
1128 3952 1190 4017 658

67 4062 137 4135 τοῖς
170 4054 246 4137 νόος
278 4053 350 4124 αἰὲν
371 4054 382 4123 ΙΙ
402 4056 554 4147 ἕγρήσσιι
588 4059 791 4137 navatianos,
815 4055 889 4124 ἐπεὶ
924 4056 1099 4144 τρομέουσι
1131 4057 1191 4139 μὲν

73 4155 139 4226 niel
162 4179 172 4249 ΙΙ
194 4161 362 4247 φέρτερον.
652 4246 655 4252 Ι

157 4264 247 4328 ldem
269 4264 512 4332 existimandum
545 4270 595 4330 est
617 4265 657 4330 de
684 4262 845 4329 infinitivis
874 4254 978 4329 εἶναι
1001 4267 1034 4326 et
1056 4260 1187 4346 ἔμμεν.

70 4365 154 4432 Illud
175 4366 274 4432 multo
296 4364 596 4450 frequentissimum,
617 4366 677 4434 hoc
698 4385 760 4433 non
782 4366 828 4431 ita
849 4365 971 4448 pridem
996 4364 1028 4429 in
1051 4365 1188 4450 quinqua
1283 4417 1286 4421 -

122 4467 241 4519 Lobeok.
254 4468 339 4518 Patbol,
353 4469 392 4510 IL·
962 4451 998 4518 ῙῙ
