2736 4778
138 317 214 390 423
487 305 808 377 Dissusrnulo
836 305 903 375 111.
1008 338 1014 367 t

138 506 199 564 etc.
225 492 419 582 praebeant,
448 513 533 579 quse
557 491 630 560 sols
655 490 774 582 prohat
793 488 981 560 -Bredotins
995 487 1047 558 de
1067 488 1162 559 Dinl.
1183 493 1261 560 He-

135 597 208 663 rod
235 594 300 663 385
327 615 378 680 sq.
428 592 571 661 Induhin
602 614 680 660 vero
708 603 787 660 sunt
810 590 976 659 homerica
1005 589 1200 677 χρεάμινος
1225 603 1262 661 et

39 700 41 705 ’
135 696 317 784 μεμνέῳτο,
339 695 433 781 cujus
455 716 555 762 causa
574 693 699 782 duplex
718 692 881 761 redditur:
911 689 935 780 ἢ
955 687 993 760 ἐκ
1013 695 1074 758 τοῦ
1093 691 1259 776 nepveu-

135 822 176 864 σο
201 793 328 882 γίνεται
344 790 426 892 ἔστ’
450 792 586 863 ἔννοσιν
604 801 666 864 νοῦ
680 783 748 884 ὀἢ
770 789 841 863 ἀπὸ
862 797 923 862 νοῦ
944 795 1099 880 μεμνιῖντο
1119 789 1259 862 ἐπεντε-

137 896 260 978 θὲννος
278 898 337 963 τοῦ
358 920 375 965 ι
395 896 491 962 Euat.
514 895 612 975 1305,
632 897 686 964 46.
715 896 804 963 mud
819 894 877 981 qui
894 893 1037 981 amplexi
1057 903 1144 971 sunt,
1167 893 1258 961 huno

135 996 316 1085 optativum
336 995 520 1084 praesmtis
540 995 727 1081 μεμνέομαι
743 1018 817 1064 esse
835 1004 1045 1085 putaverunt,
1067 1015 1135 1080 quo
1155 995 1257 1062 etim

135 1098 332 1184 Sylburgius
355 1097 400 1163 ad
417 1095 570 1165 Olennrd.
594 1096 669 1163 548.
690 1097 792 1165 utitur
812 1097 873 1165 sed
894 1106 977 1163 teste
998 1093 1088 1161 nullo
1109 1094 1255 1182 adjutus.

132 1198 263 1265 Idcirco
290 1197 507 1284 pleonasmus
534 1198 729 1286 praefertur3
758 1200 815 1286 qui
844 1221 945 1285 quum
966 1194 1184 1283 scriptonhns
1206 1209 1255 1264 at-

134 1299 208 1365 tiois
232 1320 348 1388 parum
372 1299 559 1378 conveniat,
588 1301 736 1386 sequitur
754 1303 909 1388 μεμνῷνο
929 1319 997 1364 non
1018 1319 1061 1364 ox
1080 1299 1255 1388 μεμνέρννο

135 1405 336 1467 contractum
359 1401 419 1467 sed
440 1401 585 1490 optativo
604 1400 786 1489 praesentis
805 1402 915 1488 μνιῑισο
933 1398 1147 1465 eesimihhrm
1169 1420 1255 1477 esse,

135 1511 234 1586 atque
263 1500 360 1587 hujus
390 1503 526 1591 optativi
551 1507 704 1590 μιμνῲτο
731 1502 925 1589 scripturrm
949 1499 1091 1586 priscam
1111 1508 1146 1565 et
1164 1499 1254 1566 anti·

134 1624 232 1688 quam
252 1607 411 1685 μιμνοῖεο
436 1603 630 1689 suspicabar
650 1603 735 1669 forte
755 1623 903 1688 casuque
922 1601 1119 1667 remansisse
1134 1599 1170 1666 in
1182 1599 1253 1668 Co·

134 1703 210 1768 mici
230 1702 305 1769 loeo
328 1701 454 1768 Techn.
478 1704 550 1770 127.
578 1703 666 1770 Nam
687 1725 707 1769 a
728 1703 897 1791 μέμνημαι
919 1725 987 1769 non
1003 1703 1253 1769 utButtmsnno

132 1803 239 1869 visum
259 1801 404 1870 Gramrn
426 1803 454 1868 I.
475 1804 551 1870 429.
572 1829 725 1893 μεμνη-
738 1799 837 1889 οἰμην
864 1803 1028 1891 proticisci
1056 1803 1166 1890 potuit
1191 1804 1252 1870 sed

131 1928 293 1989 μεμνη-
306 1899 385 1992 ίμην
423 1903 491 1970 sive
523 1899 709 1992 μεμνῄμην,
747 1902 838 1989 quod
869 1904 904 1970 in
935 1903 976 1970 Il.
1007 1904 1143 1972 XXIV.
1177 1905 1252 1972 ltu

134 2003 292 2091 scriptum
313 2014 373 2081 est,
398 2014 432 2071 et
452 2010 617 2095 μεμνῇτο,
644 2005 736 2089 quod
755 2003 932 2089 Elmslejus
953 2004 997 2070 ad
1017 2004 1150 2071 Herael.
1173 2004 1252 2073 283»

132 2103 351 2190 Xenophonti
387 2106 571 2172 restitutum
601 2105 714 2171 voluit.
773 2103 858 2171 Cum
887 2106 1050 2193 κέκλημαι
1083 2101 1253 2195 κικλῄμην

133 2204 344 2271 Theodosius
371 2205 407 2270 in
436 2204 517 2273 Cen.
541 2207 635 2285 1033,
658 2205 709 2272 18.
732 2205 900 2293 componit
929 2205 1072 2293 δέδημαι
1093 2203 1252 2294 δεὸήμην,

133 2327 230 2391 quem
254 2305 435 2392 optativum
454 2307 548 2374 affert
567 2306 755 2392 Hesychius
775 2309 935 2394 Δεδῇσθε
957 2305 1125 2389 δεδεμένοι
1149 2301 1252 2394 εἴητε.

131 2406 190 2471 Ad
214 2428 372 2493 praesens
400 2405 552 2490 μνάομαι
572 2406 786 2473 redeuntibus
805 2406 898 2472 licuit
916 2405 1105 2492 μεμναίμην
1124 2404 1254 2493 lingere

131 2517 168 2570 ut
184 2504 322 2595 φαίμην,
342 2506 433 2594 quod
452 2529 553 2594 quum
564 2507 804 2575 Grammaticus
823 2503 1050 2594 δωρινώτερον
1065 2528 1139 2572 esse
1158 2507 1251 2586 dicit,

131 2605 195 2672 hoo
224 2606 366 2673 voluisse
402 2608 531 2673 videtur
556 2608 737 2675 Pindarum
769 2604 956 2693 μεμνοίμην
988 2607 1161 2694 scripsisse
1185 2631 1250 2694 pro

129 2706 303 2793 μεμνῄμην
329 2707 414 2771 siout
439 2708 563 2774 Aeoles
591 2708 743 2776 θναίσκω
771 2729 948 2793 usurpasse
979 2709 1153 2774 traduntur
1184 2732 1249 2796 pre

129 2802 268 2894 θνῄσκω
281 2805 345 2890 Π).
388 2809 513 2874 Verum
533 2807 596 2874 hoc
617 2809 753 2875 missum
773 2807 871 2874 isoio.
913 2807 1016 2891 Quod
1035 2809 1250 2877 Aristarchus

129 2904 164 2969 in
186 2905 225 2971 Il.
236 2905 335 2975 XIV.
348 2908 422 2974 235.
446 2909 577 2996 scripsit
600 2907 678 2976 ἰδέω
700 2934 737 2975 κε
757 2905 854 2992 χάριν
877 2918 910 2974 et
926 2901 1022 2996 ὄφρα
1046 2906 1126 2977 ἰδέω
1147 2906 1248 2978 ὅσσοι

129 3006 185 3074 καὶ
205 3007 326 3085 οἵτινες
347 3004 462 3095 ἀνέρες
483 3007 550 3077 εἶσί
573 3009 640 3078 Od.
663 3009 761 3076 XVI.
785 3007 858 3074 236.
881 3009 1075 3095 significatio
1104 3011 1252 3077 ostendit

129 3109 369 3194 conjunctivum
398 3133 471 3177 esse
500 3110 635 3197 perlecti
664 3107 744 3176 εἰδῶ
768 3109 811 3173 ad
833 3108 1073 3196 simplicitatem
1095 3111 1248 3185 thematis

127 3202 191 3274 ἴδω
213 3208 380 3276 redactum
401 3212 441 3278 cl.
463 3213 642 3279 Hoimenn.
667 3209 805 3294 Quaest.
827 3210 929 3276 Hom.
950 3211 998 3278 11.
1025 3212 1086 3278 108
1107 3236 1158 3298 sq.
1203 3214 1247 3280 In

127 3309 307 3395 pluralibus
340 3310 502 3391 κτέωμεν,
537 3315 698 3395 στέωμεν,
738 3312 913 3398 φθέωμεν,
947 3315 1083 3401 φθέωσι
1117 3324 1249 3382 constat

128 3410 256 3494 epsilon
288 3412 398 3477 locum
429 3411 578 3477 obtinere
613 3409 767 3497 primitivi
800 3410 909 3497 alpha.
967 3413 1037 3481 Sed
1069 3416 1248 3494 θανέωμεν

129 3506 242 3590 Quint
273 3511 320 3576 Χ.
344 3513 398 3577 Q,
428 3522 497 3578 tum
528 3511 571 3579 ob
599 3511 680 3577 elias
708 3533 824 3577 causas
853 3513 888 3578 in
909 3514 1132 3600 suspicionem
1157 3517 1250 3583 venit

125 3631 156 3674 v.
186 3608 349 3694 Spitzner.
383 3611 524 3680 Observ.
555 3612 628 3678 233.
659 3622 728 3678 tum
759 3611 838 3697 quia
875 3626 1038 3700 repugnat
1072 3614 1248 3683 homericis
1281 3621 1285 3631 “

125 3705 299 3793 θάνωμεν,
329 3706 498 3799 φύγωμεν,
528 3734 628 3798 quare
654 3722 812 3778 mummm
847 3725 907 3780 est.
959 3721 991 3780 Γ
987 3714 1126 3801 εμέωσι,
1155 3717 1248 3803 quod

125 3809 335 3876 Herodianus
355 3810 537 3898 pleonasmi
557 3835 658 3880 censs
676 3813 821 3881 enotavit
842 3816 886 3898 (v.
909 3815 1084 3884 adButtm.
1107 3839 1141 3904 p.
1153 3819 1246 3903 338.)

196 4063 241 4130 47)
256 4063 368 4118 Nollem
386 4056 684 4119 auctoritatem'affert
699 4062 819 4118 confusa
835 4065 981 4121 adnotatio
999 4064 1028 4121 in
1041 4066 1132 4122 Gran.
1144 4066 1179 4120 Τ.
1194 4066 1243 4121 IV.

124 4144 183 4240 235.
204 4149 232 4200 ol
249 4152 360 4209 Αἰολεῖς
382 4149 415 4203 ιὰ
436 4145 548 4204 edmund
572 4148 621 4201 rati
640 4142 751 4218 κρότου
771 4145 902 4219 deplores
921 4150 967 4205 διὰ
987 4155 1033 4221 τῆς
1048 4139 1082 4209 {a-
1094 4153 1246 4228 ἐκφέρουσι

123 4240 232 4299 muron,
251 4237 338 4289 ιιοειιι
349 4263 384 4274 -
395 4260 432 4274 -
442 4237 620 4304 nonenim,
639 4238 810 4304 μιμνιίμην,
828 4240 965 4308 τιθείμην.
