<?xml version="1.0" encoding="UTF-8"?>
<!DOCTYPE html PUBLIC "-//W3C//DTD XHTML 1.0 Transitional//EN"
    "http://www.w3.org/TR/xhtml1/DTD/xhtml1-transitional.dtd">
<html xmlns="http://www.w3.org/1999/xhtml" xml:lang="en" lang="en">
 <head>
  <title>
</title>
<meta http-equiv="Content-Type" content="text/html;charset=utf-8" />
  <meta name='ocr-system' content='tesseract 3.04.00' />
  <meta name='ocr-capabilities' content='ocr_page ocr_carea ocr_par ocr_line ocrx_word'/>
</head>
<body>
  <div class='ocr_page' id='page_1' title='image "./pathologiaegrae00lobegoog_0304.png"; bbox 0 0 2736 4778; ppageno 0'>
   <div class='ocr_carea' id='block_1_1' title="bbox 177 293 1000 426">
    <p class='ocr_par' dir='ltr' id='par_1_1' title="bbox 177 293 1000 426">
     <span class='ocr_line' id='line_1_1' title="bbox 177 293 1000 426; baseline -0.029 0"><span class='ocrx_word' id='word_1_1' title='bbox 177 350 254 426; x_wconf 74' lang='lat' dir='ltr'>aas</span> <span class='ocrx_word' id='word_1_2' title='bbox 469 337 791 410; x_wconf 71' lang='lat' dir='ltr'>nrasusrurro</span> <span class='ocrx_word' id='word_1_3' title='bbox 807 293 865 403; x_wconf 76' lang='lat'>11.</span> <span class='ocrx_word' id='word_1_4' title='bbox 888 294 1000 402; x_wconf 82' lang='lat' dir='ltr'><strong>·P.1.</strong></span> 
     </span>
    </p>
   </div>
   <div class='ocr_carea' id='block_1_2' title="bbox 96 514 1296 3926">
    <p class='ocr_par' dir='ltr' id='par_1_2' title="bbox 96 514 1296 3926">
     <span class='ocr_line' id='line_1_2' title="bbox 177 514 1294 612; baseline -0.008 -17"><span class='ocrx_word' id='word_1_5' title='bbox 177 523 350 612; x_wconf 76' lang='grc' dir='ltr'><strong><em>Λλοχόλος</em></strong></span> <span class='ocrx_word' id='word_1_6' title='bbox 376 526 458 590; x_wconf 84' lang='lat' dir='ltr'>Hcs.</span> <span class='ocrx_word' id='word_1_7' title='bbox 482 525 566 590; x_wconf 89' lang='lat' dir='ltr'>sicut</span> <span class='ocrx_word' id='word_1_8' title='bbox 586 524 770 611; x_wconf 86' lang='lat' dir='ltr'>Sophocles</span> <span class='ocrx_word' id='word_1_9' title='bbox 792 521 923 609; x_wconf 81' lang='grc' dir='ltr'><strong><em>δίγονος</em></strong></span> <span class='ocrx_word' id='word_1_10' title='bbox 949 514 1106 606; x_wconf 72' lang='grc' dir='ltr'><strong><em>μάσθλης</em></strong></span> <span class='ocrx_word' id='word_1_11' title='bbox 1127 518 1211 583; x_wconf 87' lang='lat' dir='ltr'>dixit</span> <span class='ocrx_word' id='word_1_12' title='bbox 1231 542 1294 607; x_wconf 93' lang='lat' dir='ltr'>pro</span> 
     </span>
     <span class='ocr_line' id='line_1_3' title="bbox 180 614 1296 716; baseline -0.009 -20"><span class='ocrx_word' id='word_1_13' title='bbox 180 630 284 716; x_wconf 67' lang='grc' dir='ltr'><strong><em>ὣννολῆ</em></strong></span> <span class='ocrx_word' id='word_1_14' title='bbox 304 621 439 711; x_wconf 78' lang='grc' dir='ltr'><em>μάστιξ.</em></span> <span class='ocrx_word' id='word_1_15' title='bbox 481 627 522 691; x_wconf 91' lang='lat' dir='ltr'>In</span> <span class='ocrx_word' id='word_1_16' title='bbox 543 625 617 691; x_wconf 88' lang='lat' dir='ltr'>Nic.</span> <span class='ocrx_word' id='word_1_17' title='bbox 640 625 740 691; x_wconf 83' lang='lat' dir='ltr'><strong>Ther.</strong></span> <span class='ocrx_word' id='word_1_18' title='bbox 762 625 815 689; x_wconf 89' lang='grc'>41.</span> <span class='ocrx_word' id='word_1_19' title='bbox 835 620 935 707; x_wconf 76' lang='grc' dir='ltr'><strong><em>μλσγο</em></strong></span> <span class='ocrx_word' id='word_1_20' title='bbox 956 614 987 687; x_wconf 78' lang='grc' dir='ltr'>δ’</span> <span class='ocrx_word' id='word_1_21' title='bbox 1012 617 1153 702; x_wconf 74' lang='grc' dir='ltr'><strong><em>λ’νοόμον</em></strong></span> <span class='ocrx_word' id='word_1_22' title='bbox 1175 620 1296 707; x_wconf 73' lang='grc' dir='ltr'><strong><em>ζορκὸς</em></strong></span> 
     </span>
     <span class='ocr_line' id='line_1_4' title="bbox 180 719 1295 815; baseline -0.007 -21"><span class='ocrx_word' id='word_1_23' title='bbox 180 729 280 815; x_wconf 74' lang='grc' dir='ltr'><strong><em>κέρας</em></strong></span> <span class='ocrx_word' id='word_1_24' title='bbox 303 726 464 811; x_wconf 91' lang='lat' dir='ltr'>quosdam</span> <span class='ocrx_word' id='word_1_25' title='bbox 491 727 612 791; x_wconf 83' lang='lat' dir='ltr'>omissa</span> <span class='ocrx_word' id='word_1_26' title='bbox 636 724 797 812; x_wconf 80' lang='lat' dir='ltr'>particula</span> <span class='ocrx_word' id='word_1_27' title='bbox 824 721 994 807; x_wconf 73' lang='lat' dir='ltr'>scripsisse</span> <span class='ocrx_word' id='word_1_28' title='bbox 1022 719 1160 803; x_wconf 78' lang='grc' dir='ltr'><strong><em>νέοτμον</em></strong></span> <span class='ocrx_word' id='word_1_29' title='bbox 1186 721 1222 785; x_wconf 92' lang='lat' dir='ltr'>id</span> <span class='ocrx_word' id='word_1_30' title='bbox 1244 732 1295 788; x_wconf 86' lang='lat' dir='ltr'>est</span> 
     </span>
     <span class='ocr_line' id='line_1_5' title="bbox 178 815 1292 912; baseline -0.006 -18"><span class='ocrx_word' id='word_1_31' title='bbox 178 823 337 910; x_wconf 66' lang='grc' dir='ltr'><strong><em>κότομον</em></strong></span> <span class='ocrx_word' id='word_1_32' title='bbox 354 825 537 910; x_wconf 76' lang='lat' dir='ltr'>colligimus</span> <span class='ocrx_word' id='word_1_33' title='bbox 554 848 573 891; x_wconf 88' lang='lat' dir='ltr'>e</span> <span class='ocrx_word' id='word_1_34' title='bbox 589 825 700 894; x_wconf 90' lang='lat' dir='ltr'>Schol.</span> <span class='ocrx_word' id='word_1_35' title='bbox 717 821 744 912; x_wconf 79' lang='grc' dir='ltr'>ἢ</span> <span class='ocrx_word' id='word_1_36' title='bbox 766 821 904 907; x_wconf 60' lang='lat' dir='ltr'>{totum</span> <span class='ocrx_word' id='word_1_37' title='bbox 924 819 1008 899; x_wconf 84' lang='grc' dir='ltr'><strong><em>νέον,</em></strong></span> <span class='ocrx_word' id='word_1_38' title='bbox 1030 815 1156 904; x_wconf 78' lang='grc' dir='ltr'><em>ἀρτίως</em></span> <span class='ocrx_word' id='word_1_39' title='bbox 1180 826 1292 890; x_wconf 69' lang='lat' dir='ltr'>acuta</span> 
     </span>
     <span class='ocr_line' id='line_1_6' title="bbox 178 920 1293 1011; baseline -0.004 -19"><span class='ocrx_word' id='word_1_40' title='bbox 178 921 337 1011; x_wconf 79' lang='grc' dir='ltr'><strong><em>Λόβρος,</em></strong></span> <span class='ocrx_word' id='word_1_41' title='bbox 367 927 598 992; x_wconf 88' lang='lat' dir='ltr'>si·Homcrum</span> <span class='ocrx_word' id='word_1_42' title='bbox 629 925 828 992; x_wconf 85' lang='lat' dir='ltr'>consulimus</span> <span class='ocrx_word' id='word_1_43' title='bbox 851 932 884 987; x_wconf 88' lang='lat' dir='ltr'>ot</span> <span class='ocrx_word' id='word_1_44' title='bbox 912 920 989 986; x_wconf 88' lang='lat' dir='ltr'>huic</span> <span class='ocrx_word' id='word_1_45' title='bbox 1011 921 1198 1008; x_wconf 87' lang='lat' dir='ltr'>proximos,</span> <span class='ocrx_word' id='word_1_46' title='bbox 1224 944 1293 988; x_wconf 90' lang='lat' dir='ltr'>non</span> 
     </span>
     <span class='ocr_line' id='line_1_7' title="bbox 178 1020 1293 1107; baseline -0.004 -15"><span class='ocrx_word' id='word_1_47' title='bbox 178 1026 365 1092; x_wconf 65' lang='lat' dir='ltr'>voracitatis</span> <span class='ocrx_word' id='word_1_48' title='bbox 394 1027 562 1092; x_wconf 89' lang='lat' dir='ltr'>notionem</span> <span class='ocrx_word' id='word_1_49' title='bbox 588 1027 687 1093; x_wconf 88' lang='lat' dir='ltr'>habet</span> <span class='ocrx_word' id='word_1_50' title='bbox 712 1025 772 1091; x_wconf 87' lang='lat' dir='ltr'>sed</span> <span class='ocrx_word' id='word_1_51' title='bbox 798 1022 972 1088; x_wconf 82' lang='lat' dir='ltr'>violentiae</span> <span class='ocrx_word' id='word_1_52' title='bbox 992 1020 1293 1107; x_wconf 87' lang='lat' dir='ltr'>vehementiaequc‚</span> 
     </span>
     <span class='ocr_line' id='line_1_8' title="bbox 180 1123 1294 1213; baseline -0.003 -22"><span class='ocrx_word' id='word_1_53' title='bbox 180 1126 305 1213; x_wconf 78' lang='lat' dir='ltr'>quippe</span> <span class='ocrx_word' id='word_1_54' title='bbox 334 1127 375 1191; x_wconf 89' lang='lat' dir='ltr'>de</span> <span class='ocrx_word' id='word_1_55' title='bbox 402 1127 554 1194; x_wconf 88' lang='lat' dir='ltr'>fluctibus</span> <span class='ocrx_word' id='word_1_56' title='bbox 583 1139 683 1213; x_wconf 87' lang='lat' dir='ltr'>atque</span> <span class='ocrx_word' id='word_1_57' title='bbox 710 1125 814 1193; x_wconf 89' lang='lat' dir='ltr'>ventis</span> <span class='ocrx_word' id='word_1_58' title='bbox 844 1123 978 1198; x_wconf 81' lang='lat' dir='ltr'>dieitur3</span> <span class='ocrx_word' id='word_1_59' title='bbox 1008 1133 1126 1208; x_wconf 87' lang='lat' dir='ltr'>postea</span> <span class='ocrx_word' id='word_1_60' title='bbox 1154 1124 1197 1187; x_wconf 84' lang='lat' dir='ltr'>ad</span> <span class='ocrx_word' id='word_1_61' title='bbox 1222 1124 1294 1188; x_wconf 83' lang='lat' dir='ltr'>ani-</span> 
     </span>
     <span class='ocr_line' id='line_1_9' title="bbox 178 1220 1295 1314; baseline -0.004 -23"><span class='ocrx_word' id='word_1_62' title='bbox 178 1227 300 1291; x_wconf 87' lang='lat' dir='ltr'>mantia</span> <span class='ocrx_word' id='word_1_63' title='bbox 321 1229 512 1293; x_wconf 86' lang='lat' dir='ltr'>translatum</span> <span class='ocrx_word' id='word_1_64' title='bbox 530 1239 590 1294; x_wconf 91' lang='lat' dir='ltr'>est.</span> <span class='ocrx_word' id='word_1_65' title='bbox 624 1230 743 1314; x_wconf 87' lang='lat' dir='ltr'>Itaque</span> <span class='ocrx_word' id='word_1_66' title='bbox 761 1225 901 1312; x_wconf 85' lang='lat' dir='ltr'>simplex</span> <span class='ocrx_word' id='word_1_67' title='bbox 917 1223 1046 1287; x_wconf 84' lang='lat' dir='ltr'>videtur</span> <span class='ocrx_word' id='word_1_68' title='bbox 1065 1233 1102 1286; x_wconf 92' lang='lat' dir='ltr'>ut</span> <span class='ocrx_word' id='word_1_69' title='bbox 1120 1232 1153 1287; x_wconf 91' lang='lat' dir='ltr'>et</span> <span class='ocrx_word' id='word_1_70' title='bbox 1171 1220 1295 1308; x_wconf 75' lang='grc' dir='ltr'><strong><em>ζοβρός</em></strong></span> 
     </span>
     <span class='ocr_line' id='line_1_10' title="bbox 179 1318 1293 1416; baseline -0.004 -25"><span class='ocrx_word' id='word_1_71' title='bbox 179 1321 392 1413; x_wconf 75' lang='grc' dir='ltr'><strong><em>πολυφάγος,</em></strong></span> <span class='ocrx_word' id='word_1_72' title='bbox 422 1330 510 1395; x_wconf 91' lang='lat' dir='ltr'>unde</span> <span class='ocrx_word' id='word_1_73' title='bbox 533 1350 602 1394; x_wconf 88' lang='lat' dir='ltr'>non</span> <span class='ocrx_word' id='word_1_74' title='bbox 622 1330 722 1416; x_wconf 84' lang='lat' dir='ltr'>longo</span> <span class='ocrx_word' id='word_1_75' title='bbox 746 1327 867 1392; x_wconf 81' lang='lat' dir='ltr'>abeunt</span> <span class='ocrx_word' id='word_1_76' title='bbox 887 1320 988 1410; x_wconf 82' lang='grc' dir='ltr'><strong><em>λάρος</em></strong></span> <span class='ocrx_word' id='word_1_77' title='bbox 1009 1333 1042 1387; x_wconf 91' lang='lat' dir='ltr'>et</span> <span class='ocrx_word' id='word_1_78' title='bbox 1062 1318 1164 1406; x_wconf 81' lang='grc' dir='ltr'><strong><em>ζόρος</em></strong></span> <span class='ocrx_word' id='word_1_79' title='bbox 1184 1323 1293 1387; x_wconf 86' lang='lat' dir='ltr'>avium</span> 
     </span>
     <span class='ocr_line' id='line_1_11' title="bbox 179 1424 1292 1514; baseline 0 -24"><span class='ocrx_word' id='word_1_80' title='bbox 179 1425 344 1492; x_wconf 81' lang='lat' dir='ltr'>voracium</span> <span class='ocrx_word' id='word_1_81' title='bbox 362 1430 504 1495; x_wconf 90' lang='lat' dir='ltr'>nomina.</span> <span class='ocrx_word' id='word_1_82' title='bbox 536 1430 604 1494; x_wconf 91' lang='lat' dir='ltr'>Pro</span> <span class='ocrx_word' id='word_1_83' title='bbox 627 1425 953 1514; x_wconf 68' lang='lat' dir='ltr'>disdpcc&#39;chycophr.</span> <span class='ocrx_word' id='word_1_84' title='bbox 971 1424 1046 1489; x_wconf 86' lang='grc'><strong>443.</strong></span> <span class='ocrx_word' id='word_1_85' title='bbox 1064 1445 1176 1488; x_wconf 90' lang='lat' dir='ltr'>omnes</span> <span class='ocrx_word' id='word_1_86' title='bbox 1194 1447 1292 1510; x_wconf 88' lang='lat' dir='ltr'>prae·</span> 
     </span>
     <span class='ocr_line' id='line_1_12' title="bbox 179 1525 1292 1617; baseline -0.001 -25"><span class='ocrx_word' id='word_1_87' title='bbox 179 1535 230 1593; x_wconf 86' lang='lat' dir='ltr'>ter</span> <span class='ocrx_word' id='word_1_88' title='bbox 248 1550 349 1592; x_wconf 88' lang='lat' dir='ltr'>unum</span> <span class='ocrx_word' id='word_1_89' title='bbox 370 1530 468 1595; x_wconf 90' lang='lat' dir='ltr'>codd.</span> <span class='ocrx_word' id='word_1_90' title='bbox 487 1530 645 1617; x_wconf 82' lang='lat' dir='ltr'>praebent</span> <span class='ocrx_word' id='word_1_91' title='bbox 660 1527 812 1615; x_wconf 79' lang='grc' dir='ltr'><strong><em>ἁλιβρός,</em></strong></span> <span class='ocrx_word' id='word_1_92' title='bbox 836 1527 926 1614; x_wconf 89' lang='lat' dir='ltr'>quod</span> <span class='ocrx_word' id='word_1_93' title='bbox 940 1528 1150 1590; x_wconf 84' lang='lat' dir='ltr'>Hermannus</span> <span class='ocrx_word' id='word_1_94' title='bbox 1163 1525 1292 1612; x_wconf 89' lang='lat' dir='ltr'>Opusc.</span> 
     </span>
     <span class='ocr_line' id='line_1_13' title="bbox 179 1623 1293 1718; baseline -0.002 -24"><span class='ocrx_word' id='word_1_95' title='bbox 179 1626 221 1694; x_wconf 81' lang='grc' dir='ltr'>Τ.</span> <span class='ocrx_word' id='word_1_96' title='bbox 253 1629 296 1697; x_wconf 82' lang='lat' dir='ltr'>V.</span> <span class='ocrx_word' id='word_1_97' title='bbox 322 1629 395 1694; x_wconf 80' lang='grc'><strong>241.</strong></span> <span class='ocrx_word' id='word_1_98' title='bbox 425 1630 467 1695; x_wconf 91' lang='lat' dir='ltr'>ab</span> <span class='ocrx_word' id='word_1_99' title='bbox 499 1632 680 1718; x_wconf 81' lang='lat' dir='ltr'>Epiccrum</span> <span class='ocrx_word' id='word_1_100' title='bbox 707 1629 818 1715; x_wconf 86' lang='lat' dir='ltr'>aliquo</span> <span class='ocrx_word' id='word_1_101' title='bbox 849 1651 889 1693; x_wconf 85' lang='lat' dir='ltr'>ex</span> <span class='ocrx_word' id='word_1_102' title='bbox 912 1623 1071 1710; x_wconf 76' lang='grc' dir='ltr'><strong><em>ἁλίβορος</em></strong></span> <span class='ocrx_word' id='word_1_103' title='bbox 1092 1637 1293 1692; x_wconf 86' lang='lat' dir='ltr'>contractum</span> 
     </span>
     <span class='ocr_line' id='line_1_14' title="bbox 179 1727 1293 1816; baseline 0.002 -24"><span class='ocrx_word' id='word_1_104' title='bbox 179 1738 276 1814; x_wconf 87' lang='lat' dir='ltr'>putat</span> <span class='ocrx_word' id='word_1_105' title='bbox 296 1728 355 1793; x_wconf 92' lang='lat' dir='ltr'>sed</span> <span class='ocrx_word' id='word_1_106' title='bbox 379 1740 568 1816; x_wconf 89' lang='lat' dir='ltr'>suspectum</span> <span class='ocrx_word' id='word_1_107' title='bbox 588 1732 696 1797; x_wconf 89' lang='lat' dir='ltr'>reddit</span> <span class='ocrx_word' id='word_1_108' title='bbox 719 1742 899 1796; x_wconf 86' lang='lat' dir='ltr'>ceterorum</span> <span class='ocrx_word' id='word_1_109' title='bbox 924 1727 958 1792; x_wconf 91' lang='lat' dir='ltr'>in</span> <span class='ocrx_word' id='word_1_110' title='bbox 980 1749 1045 1791; x_wconf 88' lang='lat' dir='ltr'>una</span> <span class='ocrx_word' id='word_1_111' title='bbox 1065 1727 1293 1794; x_wconf 79' lang='lat' dir='ltr'>terminatione</span> 
     </span>
     <span class='ocr_line' id='line_1_15' title="bbox 180 1822 1294 1916; baseline 0 -22"><span class='ocrx_word' id='word_1_112' title='bbox 180 1828 363 1894; x_wconf 87' lang='lat' dir='ltr'>constantia</span> <span class='ocrx_word' id='word_1_113' title='bbox 391 1827 614 1916; x_wconf 80' lang='grc' dir='ltr'><strong><em>σιδηροβρώς,</em></strong></span> <span class='ocrx_word' id='word_1_114' title='bbox 642 1829 797 1916; x_wconf 68' lang='lat' dir='ltr'>vectionis,</span> <span class='ocrx_word' id='word_1_115' title='bbox 826 1822 1002 1914; x_wconf 77' lang='grc' dir='ltr'><strong><em>βαρυβριός</em></strong></span> <span class='ocrx_word' id='word_1_116' title='bbox 1030 1838 1091 1892; x_wconf 83' lang='lat' dir='ltr'>etc.</span> <span class='ocrx_word' id='word_1_117' title='bbox 1126 1825 1294 1913; x_wconf 74' lang='grc' dir='ltr'><strong><em>μολοβρός</em></strong></span> 
     </span>
     <span class='ocr_line' id='line_1_16' title="bbox 178 1928 1292 2017; baseline -0.001 -23"><span class='ocrx_word' id='word_1_118' title='bbox 178 1950 256 1995; x_wconf 85' lang='lat' dir='ltr'>vero</span> <span class='ocrx_word' id='word_1_119' title='bbox 278 1930 368 2015; x_wconf 89' lang='lat' dir='ltr'>quod</span> <span class='ocrx_word' id='word_1_120' title='bbox 389 1940 514 1996; x_wconf 88' lang='lat' dir='ltr'>veteres</span> <span class='ocrx_word' id='word_1_121' title='bbox 537 1932 653 1997; x_wconf 88' lang='lat' dir='ltr'>ecdem</span> <span class='ocrx_word' id='word_1_122' title='bbox 674 1932 837 2017; x_wconf 69' lang='lat' dir='ltr'>redigrmt</span> <span class='ocrx_word' id='word_1_123' title='bbox 860 1929 1018 2015; x_wconf 81' lang='lat' dir='ltr'>originem</span> <span class='ocrx_word' id='word_1_124' title='bbox 1044 1929 1141 1993; x_wconf 89' lang='lat' dir='ltr'>altius</span> <span class='ocrx_word' id='word_1_125' title='bbox 1162 1928 1292 1993; x_wconf 84' lang='lat' dir='ltr'>abstru-</span> 
     </span>
     <span class='ocr_line' id='line_1_17' title="bbox 179 2027 1294 2117; baseline -0.002 -21"><span class='ocrx_word' id='word_1_126' title='bbox 179 2052 250 2096; x_wconf 81' lang='lat' dir='ltr'>sam</span> <span class='ocrx_word' id='word_1_127' title='bbox 276 2030 376 2098; x_wconf 89' lang='lat' dir='ltr'>habet</span> <span class='ocrx_word' id='word_1_128' title='bbox 402 2054 433 2095; x_wconf 84' lang='lat' dir='ltr'>v.</span> <span class='ocrx_word' id='word_1_129' title='bbox 462 2032 582 2097; x_wconf 88' lang='lat' dir='ltr'>Parall.</span> <span class='ocrx_word' id='word_1_130' title='bbox 611 2032 683 2098; x_wconf 81' lang='lat'><strong>259.</strong></span> <span class='ocrx_word' id='word_1_131' title='bbox 728 2031 813 2099; x_wconf 87' lang='lat' dir='ltr'>Cum</span> <span class='ocrx_word' id='word_1_132' title='bbox 838 2031 894 2095; x_wconf 93' lang='lat' dir='ltr'>illo</span> <span class='ocrx_word' id='word_1_133' title='bbox 917 2029 1007 2115; x_wconf 93' lang='lat' dir='ltr'>quod</span> <span class='ocrx_word' id='word_1_134' title='bbox 1030 2029 1071 2094; x_wconf 92' lang='lat' dir='ltr'>de</span> <span class='ocrx_word' id='word_1_135' title='bbox 1093 2027 1236 2117; x_wconf 77' lang='grc' dir='ltr'><strong><em>ὄλφορος</em></strong></span> <span class='ocrx_word' id='word_1_136' title='bbox 1259 2040 1294 2094; x_wconf 89' lang='lat' dir='ltr'>et</span> 
     </span>
     <span class='ocr_line' id='line_1_18' title="bbox 178 2126 1290 2220; baseline -0.002 -22"><span class='ocrx_word' id='word_1_137' title='bbox 178 2130 299 2220; x_wconf 71' lang='grc' dir='ltr'><strong><em>δίφρος</em></strong></span> <span class='ocrx_word' id='word_1_138' title='bbox 320 2133 454 2211; x_wconf 89' lang='lat' dir='ltr'>dicitur,</span> <span class='ocrx_word' id='word_1_139' title='bbox 478 2133 660 2219; x_wconf 88' lang='lat' dir='ltr'>comparari</span> <span class='ocrx_word' id='word_1_140' title='bbox 685 2143 799 2219; x_wconf 89' lang='lat' dir='ltr'>posset</span> <span class='ocrx_word' id='word_1_141' title='bbox 814 2132 1018 2197; x_wconf 88' lang='lat' dir='ltr'>decantatum</span> <span class='ocrx_word' id='word_1_142' title='bbox 1034 2130 1116 2194; x_wconf 92' lang='lat' dir='ltr'>illud</span> <span class='ocrx_word' id='word_1_143' title='bbox 1137 2126 1238 2214; x_wconf 72' lang='grc' dir='ltr'><strong><em>ἄγνος</em></strong></span> <span class='ocrx_word' id='word_1_144' title='bbox 1250 2131 1290 2196; x_wconf 75' lang='grc' dir='ltr'>τό</span> 
     </span>
     <span class='ocr_line' id='line_1_19' title="bbox 178 2226 1293 2317; baseline 0.001 -21"><span class='ocrx_word' id='word_1_145' title='bbox 178 2230 284 2316; x_wconf 82' lang='grc' dir='ltr'><strong><em>φυτὸν</em></strong></span> <span class='ocrx_word' id='word_1_146' title='bbox 311 2232 404 2317; x_wconf 81' lang='grc' dir='ltr'><strong><em>παρὰ</em></strong></span> <span class='ocrx_word' id='word_1_147' title='bbox 428 2231 468 2299; x_wconf 86' lang='grc' dir='ltr'>τό</span> <span class='ocrx_word' id='word_1_148' title='bbox 495 2233 572 2310; x_wconf 73' lang='grc' dir='ltr'><strong><em>τοὺς</em></strong></span> <span class='ocrx_word' id='word_1_149' title='bbox 599 2232 779 2310; x_wconf 75' lang='grc' dir='ltr'><strong><em>ἐσθίοντας</em></strong></span> <span class='ocrx_word' id='word_1_150' title='bbox 804 2226 944 2314; x_wconf 77' lang='grc' dir='ltr'><strong><em>ἀγόνους</em></strong></span> <span class='ocrx_word' id='word_1_151' title='bbox 966 2239 1093 2309; x_wconf 84' lang='grc' dir='ltr'><strong><em>ποιεῖν,</em></strong></span> <span class='ocrx_word' id='word_1_152' title='bbox 1122 2230 1187 2295; x_wconf 85' lang='lat' dir='ltr'>nisi</span> <span class='ocrx_word' id='word_1_153' title='bbox 1208 2230 1293 2297; x_wconf 93' lang='lat' dir='ltr'>haec</span> 
     </span>
     <span class='ocr_line' id='line_1_20' title="bbox 178 2330 1291 2416; baseline 0.001 -22"><span class='ocrx_word' id='word_1_154' title='bbox 178 2330 370 2396; x_wconf 71' lang='lat' dir='ltr'>substantivi</span> <span class='ocrx_word' id='word_1_155' title='bbox 393 2343 425 2398; x_wconf 89' lang='lat' dir='ltr'>et</span> <span class='ocrx_word' id='word_1_156' title='bbox 447 2332 597 2416; x_wconf 80' lang='lat' dir='ltr'>adjectivi</span> <span class='ocrx_word' id='word_1_157' title='bbox 618 2333 846 2398; x_wconf 74' lang='lat' dir='ltr'>&#39;convenientia</span> <span class='ocrx_word' id='word_1_158' title='bbox 866 2331 998 2397; x_wconf 74' lang='lat' dir='ltr'>fortuita</span> <span class='ocrx_word' id='word_1_159' title='bbox 1015 2330 1188 2396; x_wconf 89' lang='lat' dir='ltr'>videretur.</span> <span class='ocrx_word' id='word_1_160' title='bbox 1222 2331 1291 2398; x_wconf 87' lang='lat' dir='ltr'>Sed</span> 
     </span>
     <span class='ocr_line' id='line_1_21' title="bbox 178 2429 1292 2519; baseline -0.001 -22"><span class='ocrx_word' id='word_1_161' title='bbox 178 2433 268 2517; x_wconf 81' lang='lat' dir='ltr'>quod</span> <span class='ocrx_word' id='word_1_162' title='bbox 291 2433 325 2496; x_wconf 91' lang='lat' dir='ltr'>in</span> <span class='ocrx_word' id='word_1_163' title='bbox 345 2433 427 2498; x_wconf 86' lang='grc' dir='ltr'>ΕΜ.</span> <span class='ocrx_word' id='word_1_164' title='bbox 451 2432 524 2510; x_wconf 85' lang='grc'><strong><em>600,</em></strong></span> <span class='ocrx_word' id='word_1_165' title='bbox 545 2434 598 2497; x_wconf 88' lang='grc'>43.</span> <span class='ocrx_word' id='word_1_166' title='bbox 622 2433 740 2498; x_wconf 90' lang='lat' dir='ltr'>dicitur</span> <span class='ocrx_word' id='word_1_167' title='bbox 760 2429 912 2519; x_wconf 79' lang='grc' dir='ltr'><strong><em>νεόγονος</em></strong></span> <span class='ocrx_word' id='word_1_168' title='bbox 931 2431 989 2498; x_wconf 81' lang='grc' dir='ltr'>καλ</span> <span class='ocrx_word' id='word_1_169' title='bbox 1010 2430 1097 2497; x_wconf 80' lang='grc' dir='ltr'><strong><em>κατὰ</em></strong></span> <span class='ocrx_word' id='word_1_170' title='bbox 1121 2433 1292 2519; x_wconf 75' lang='grc' dir='ltr'><strong><em>σογκοπήν</em></strong></span> 
     </span>
     <span class='ocr_line' id='line_1_22' title="bbox 175 2528 1292 2620; baseline 0.002 -24"><span class='ocrx_word' id='word_1_171' title='bbox 175 2528 322 2616; x_wconf 77' lang='grc' dir='ltr'><strong><em>νοογνός,</em></strong></span> <span class='ocrx_word' id='word_1_172' title='bbox 352 2532 555 2599; x_wconf 91' lang='lat' dir='ltr'>incredulum</span> <span class='ocrx_word' id='word_1_173' title='bbox 585 2555 657 2598; x_wconf 87' lang='lat' dir='ltr'>esse</span> <span class='ocrx_word' id='word_1_174' title='bbox 685 2544 816 2620; x_wconf 82' lang='lat' dir='ltr'>oportet</span> <span class='ocrx_word' id='word_1_175' title='bbox 837 2534 889 2599; x_wconf 91' lang='lat' dir='ltr'>cui</span> <span class='ocrx_word' id='word_1_176' title='bbox 911 2533 1074 2598; x_wconf 88' lang='lat' dir='ltr'>nonsatis</span> <span class='ocrx_word' id='word_1_177' title='bbox 1096 2532 1195 2597; x_wconf 82' lang='lat' dir='ltr'>faciat</span> <span class='ocrx_word' id='word_1_178' title='bbox 1215 2533 1292 2598; x_wconf 86' lang='lat' dir='ltr'>licet</span> 
     </span>
     <span class='ocr_line' id='line_1_23' title="bbox 177 2631 1292 2723; baseline 0 -25"><span class='ocrx_word' id='word_1_179' title='bbox 177 2631 297 2698; x_wconf 80' lang='lat' dir='ltr'>Graeci</span> <span class='ocrx_word' id='word_1_180' title='bbox 321 2634 387 2719; x_wconf 90' lang='lat' dir='ltr'>ipsi</span> <span class='ocrx_word' id='word_1_181' title='bbox 417 2632 509 2699; x_wconf 90' lang='lat' dir='ltr'>obliti</span> <span class='ocrx_word' id='word_1_182' title='bbox 529 2634 646 2718; x_wconf 80' lang='lat' dir='ltr'>sint³).</span> <span class='ocrx_word' id='word_1_183' title='bbox 689 2636 776 2700; x_wconf 89' lang='lat' dir='ltr'>Nam</span> <span class='ocrx_word' id='word_1_184' title='bbox 797 2657 818 2699; x_wconf 91' lang='lat' dir='ltr'>a</span> <span class='ocrx_word' id='word_1_185' title='bbox 838 2631 985 2723; x_wconf 72' lang='grc' dir='ltr'><strong><em>νεογειής</em></strong></span> <span class='ocrx_word' id='word_1_186' title='bbox 1006 2634 1146 2721; x_wconf 90' lang='lat' dir='ltr'>primum</span> <span class='ocrx_word' id='word_1_187' title='bbox 1169 2634 1292 2699; x_wconf 84' lang='lat' dir='ltr'>iactum</span> 
     </span>
     <span class='ocr_line' id='line_1_24' title="bbox 96 2728 1294 2822; baseline 0.003 -27"><span class='ocrx_word' id='word_1_188' title='bbox 96 2743 101 2754; x_wconf 90' lang='lat'>&#39;</span> <span class='ocrx_word' id='word_1_189' title='bbox 177 2753 250 2795; x_wconf 88' lang='lat' dir='ltr'>esse</span> <span class='ocrx_word' id='word_1_190' title='bbox 276 2728 408 2818; x_wconf 80' lang='grc' dir='ltr'><strong><em>νεογνής</em></strong></span> <span class='ocrx_word' id='word_1_191' title='bbox 436 2744 473 2796; x_wconf 87' lang='lat' dir='ltr'>ut</span> <span class='ocrx_word' id='word_1_192' title='bbox 501 2730 591 2822; x_wconf 79' lang='grc' dir='ltr'><strong><em>ἴγνρς</em></strong></span> <span class='ocrx_word' id='word_1_193' title='bbox 623 2745 656 2799; x_wconf 91' lang='lat' dir='ltr'>et</span> <span class='ocrx_word' id='word_1_194' title='bbox 675 2740 777 2818; x_wconf 71' lang='lat' dir='ltr'>septais</span> <span class='ocrx_word' id='word_1_195' title='bbox 799 2734 834 2799; x_wconf 93' lang='lat' dir='ltr'>id</span> <span class='ocrx_word' id='word_1_196' title='bbox 856 2746 906 2800; x_wconf 87' lang='lat' dir='ltr'>est</span> <span class='ocrx_word' id='word_1_197' title='bbox 934 2729 1082 2822; x_wconf 71' lang='grc' dir='ltr'><strong><em>ἀγεννής,</em></strong></span> <span class='ocrx_word' id='word_1_198' title='bbox 1114 2744 1147 2799; x_wconf 91' lang='lat' dir='ltr'>et</span> <span class='ocrx_word' id='word_1_199' title='bbox 1167 2747 1294 2799; x_wconf 71' lang='lat' dir='ltr'>mumta</span> 
     </span>
     <span class='ocr_line' id='line_1_25' title="bbox 176 2828 1289 2920; baseline 0.004 -24"><span class='ocrx_word' id='word_1_200' title='bbox 176 2831 401 2896; x_wconf 81' lang='lat' dir='ltr'>declinationis</span> <span class='ocrx_word' id='word_1_201' title='bbox 443 2834 547 2898; x_wconf 81' lang='lat' dir='ltr'>forma</span> <span class='ocrx_word' id='word_1_202' title='bbox 585 2832 715 2918; x_wconf 83' lang='grc' dir='ltr'><strong><em>νεογνός</em></strong></span> <span class='ocrx_word' id='word_1_203' title='bbox 755 2836 850 2901; x_wconf 89' lang='lat' dir='ltr'>sicuti</span> <span class='ocrx_word' id='word_1_204' title='bbox 875 2828 1088 2920; x_wconf 71' lang='grc' dir='ltr'><strong><em>Ἄνδροκλος,</em></strong></span> <span class='ocrx_word' id='word_1_205' title='bbox 1133 2835 1289 2914; x_wconf 82' lang='grc' dir='ltr'><strong><em>Θέοκλος,</em></strong></span> 
     </span>
     <span class='ocr_line' id='line_1_26' title="bbox 174 2929 1290 3023; baseline 0.001 -24"><span class='ocrx_word' id='word_1_206' title='bbox 174 2929 384 3012; x_wconf 77' lang='grc' dir='ltr'><strong><em>Μάντικλος,</em></strong></span> <span class='ocrx_word' id='word_1_207' title='bbox 420 2933 586 3018; x_wconf 75' lang='grc' dir='ltr'><strong><em>Φέρεκλος</em></strong></span> <span class='ocrx_word' id='word_1_208' title='bbox 613 2958 654 2999; x_wconf 87' lang='lat' dir='ltr'>cx</span> <span class='ocrx_word' id='word_1_209' title='bbox 674 2930 888 3023; x_wconf 78' lang='grc' dir='ltr'><strong><em>Ἀνδροκλῆς,</em></strong></span> <span class='ocrx_word' id='word_1_210' title='bbox 924 2938 1071 3023; x_wconf 78' lang='grc' dir='ltr'><strong><em>Θεοκλῆς</em></strong></span> <span class='ocrx_word' id='word_1_211' title='bbox 1106 2948 1166 3000; x_wconf 88' lang='lat' dir='ltr'>etc.</span> <span class='ocrx_word' id='word_1_212' title='bbox 1200 2936 1290 3001; x_wconf 88' lang='lat' dir='ltr'>dictu</span> 
     </span>
     <span class='ocr_line' id='line_1_27' title="bbox 175 3036 1290 3120; baseline 0.002 -21"><span class='ocrx_word' id='word_1_213' title='bbox 175 3036 346 3120; x_wconf 83' lang='lat' dir='ltr'>operosius</span> <span class='ocrx_word' id='word_1_214' title='bbox 368 3037 509 3112; x_wconf 89' lang='lat' dir='ltr'>videtur,</span> <span class='ocrx_word' id='word_1_215' title='bbox 536 3058 598 3102; x_wconf 85' lang='lat' dir='ltr'>nec</span> <span class='ocrx_word' id='word_1_216' title='bbox 619 3036 844 3102; x_wconf 91' lang='lat' dir='ltr'>communibus</span> <span class='ocrx_word' id='word_1_217' title='bbox 867 3047 955 3100; x_wconf 87' lang='lat' dir='ltr'>tanta</span> <span class='ocrx_word' id='word_1_218' title='bbox 976 3037 1165 3101; x_wconf 89' lang='lat' dir='ltr'>conceditur</span> <span class='ocrx_word' id='word_1_219' title='bbox 1185 3049 1290 3101; x_wconf 89' lang='lat' dir='ltr'>meta-</span> 
     </span>
     <span class='ocr_line' id='line_1_28' title="bbox 174 3135 1288 3224; baseline 0 -24"><span class='ocrx_word' id='word_1_220' title='bbox 174 3135 393 3202; x_wconf 90' lang='lat' dir='ltr'>schematismi</span> <span class='ocrx_word' id='word_1_221' title='bbox 417 3136 549 3201; x_wconf 70' lang='lat' dir='ltr'>hliertas</span> <span class='ocrx_word' id='word_1_222' title='bbox 567 3150 688 3222; x_wconf 90' lang='lat' dir='ltr'>quanta</span> <span class='ocrx_word' id='word_1_223' title='bbox 705 3137 857 3224; x_wconf 91' lang='lat' dir='ltr'>propriis.</span> <span class='ocrx_word' id='word_1_224' title='bbox 892 3137 1075 3203; x_wconf 85' lang='lat' dir='ltr'>Germanae</span> <span class='ocrx_word' id='word_1_225' title='bbox 1092 3139 1193 3223; x_wconf 86' lang='lat' dir='ltr'>igitur</span> <span class='ocrx_word' id='word_1_226' title='bbox 1208 3160 1288 3222; x_wconf 89' lang='lat' dir='ltr'>syn-</span> 
     </span>
     <span class='ocr_line' id='line_1_29' title="bbox 173 3239 1288 3325; baseline 0.001 -23"><span class='ocrx_word' id='word_1_227' title='bbox 173 3257 291 3324; x_wconf 86' lang='lat' dir='ltr'>copae,</span> <span class='ocrx_word' id='word_1_228' title='bbox 314 3260 379 3321; x_wconf 91' lang='lat' dir='ltr'>qua</span> <span class='ocrx_word' id='word_1_229' title='bbox 399 3239 581 3302; x_wconf 87' lang='lat' dir='ltr'>intellectus</span> <span class='ocrx_word' id='word_1_230' title='bbox 603 3261 671 3303; x_wconf 92' lang='lat' dir='ltr'>non</span> <span class='ocrx_word' id='word_1_231' title='bbox 692 3251 850 3315; x_wconf 86' lang='lat' dir='ltr'>mutatur,</span> <span class='ocrx_word' id='word_1_232' title='bbox 875 3240 1060 3325; x_wconf 87' lang='lat' dir='ltr'>exemplum</span> <span class='ocrx_word' id='word_1_233' title='bbox 1084 3240 1216 3304; x_wconf 89' lang='lat' dir='ltr'>unicum</span> <span class='ocrx_word' id='word_1_234' title='bbox 1233 3260 1288 3303; x_wconf 89' lang='lat' dir='ltr'>rc-</span> 
     </span>
     <span class='ocr_line' id='line_1_30' title="bbox 173 3333 1289 3425; baseline 0.003 -23"><span class='ocrx_word' id='word_1_235' title='bbox 173 3337 311 3423; x_wconf 90' lang='lat' dir='ltr'>cipimus</span> <span class='ocrx_word' id='word_1_236' title='bbox 333 3333 464 3422; x_wconf 86' lang='grc' dir='ltr'><strong><em>νεογνός</em></strong></span> <span class='ocrx_word' id='word_1_237' title='bbox 481 3347 515 3401; x_wconf 91' lang='lat' dir='ltr'>et</span> <span class='ocrx_word' id='word_1_238' title='bbox 536 3337 611 3402; x_wconf 92' lang='lat' dir='ltr'>huic</span> <span class='ocrx_word' id='word_1_239' title='bbox 630 3339 726 3402; x_wconf 85' lang='lat' dir='ltr'>affine</span> <span class='ocrx_word' id='word_1_240' title='bbox 749 3335 916 3423; x_wconf 79' lang='grc' dir='ltr'><strong><em>ὁμόγνιος,</em></strong></span> <span class='ocrx_word' id='word_1_241' title='bbox 940 3340 1031 3424; x_wconf 91' lang='lat' dir='ltr'>quod</span> <span class='ocrx_word' id='word_1_242' title='bbox 1053 3342 1168 3425; x_wconf 91' lang='lat' dir='ltr'>procul</span> <span class='ocrx_word' id='word_1_243' title='bbox 1186 3339 1289 3405; x_wconf 92' lang='lat' dir='ltr'>dubio</span> 
     </span>
     <span class='ocr_line' id='line_1_31' title="bbox 173 3435 1288 3527; baseline 0.001 -24"><span class='ocrx_word' id='word_1_244' title='bbox 173 3460 215 3503; x_wconf 85' lang='lat' dir='ltr'>ex</span> <span class='ocrx_word' id='word_1_245' title='bbox 243 3435 404 3523; x_wconf 80' lang='grc' dir='ltr'><strong><em>ὁμόγονος</em></strong></span> <span class='ocrx_word' id='word_1_246' title='bbox 429 3439 593 3503; x_wconf 86' lang='lat' dir='ltr'>concrevit</span> <span class='ocrx_word' id='word_1_247' title='bbox 620 3461 694 3504; x_wconf 92' lang='lat' dir='ltr'>cum</span> <span class='ocrx_word' id='word_1_248' title='bbox 723 3439 820 3503; x_wconf 88' lang='lat' dir='ltr'>solita</span> <span class='ocrx_word' id='word_1_249' title='bbox 846 3440 1081 3505; x_wconf 88' lang='lat' dir='ltr'>terminationis</span> <span class='ocrx_word' id='word_1_250' title='bbox 1105 3462 1288 3527; x_wconf 87' lang='lat' dir='ltr'>paragoge.</span> 
     </span>
     <span class='ocr_line' id='line_1_32' title="bbox 171 3538 1287 3627; baseline 0.001 -23"><span class='ocrx_word' id='word_1_251' title='bbox 171 3538 302 3604; x_wconf 86' lang='lat' dir='ltr'>Nomen</span> <span class='ocrx_word' id='word_1_252' title='bbox 324 3561 398 3603; x_wconf 90' lang='lat' dir='ltr'>cum</span> <span class='ocrx_word' id='word_1_253' title='bbox 419 3539 620 3605; x_wconf 87' lang='lat' dir='ltr'>substantivo</span> <span class='ocrx_word' id='word_1_254' title='bbox 647 3540 865 3626; x_wconf 90' lang='lat' dir='ltr'>compositum</span> <span class='ocrx_word' id='word_1_255' title='bbox 886 3542 1009 3627; x_wconf 82' lang='lat' dir='ltr'>profert</span> <span class='ocrx_word' id='word_1_256' title='bbox 1029 3541 1139 3627; x_wconf 89' lang='lat' dir='ltr'>Epim.</span> <span class='ocrx_word' id='word_1_257' title='bbox 1162 3542 1190 3604; x_wconf 91' lang='grc' dir='ltr'>Ι.</span> <span class='ocrx_word' id='word_1_258' title='bbox 1216 3541 1287 3606; x_wconf 86' lang='grc'><strong>138.</strong></span> 
     </span>
     <span class='ocr_line' id='line_1_33' title="bbox 172 3635 1290 3728; baseline 0.001 -25"><span class='ocrx_word' id='word_1_259' title='bbox 172 3635 210 3703; x_wconf 74' lang='grc' dir='ltr'>ἐκ</span> <span class='ocrx_word' id='word_1_260' title='bbox 235 3643 294 3703; x_wconf 76' lang='grc' dir='ltr'><strong><em>τοῦ</em></strong></span> <span class='ocrx_word' id='word_1_261' title='bbox 321 3635 440 3704; x_wconf 75' lang='grc' dir='ltr'><strong><em>ἑκατόν</em></strong></span> <span class='ocrx_word' id='word_1_262' title='bbox 470 3643 527 3706; x_wconf 80' lang='grc' dir='ltr'>καὶ</span> <span class='ocrx_word' id='word_1_263' title='bbox 557 3644 615 3706; x_wconf 79' lang='grc' dir='ltr'><strong><em>τοῦ</em></strong></span> <span class='ocrx_word' id='word_1_264' title='bbox 643 3643 725 3725; x_wconf 76' lang='grc' dir='ltr'><strong><em>βοῦς</em></strong></span> <span class='ocrx_word' id='word_1_265' title='bbox 752 3636 958 3725; x_wconf 71' lang='grc' dir='ltr'><strong><em>ἓκοτόμγλοος</em></strong></span> <span class='ocrx_word' id='word_1_266' title='bbox 984 3641 1043 3707; x_wconf 81' lang='grc' dir='ltr'>καὶ</span> <span class='ocrx_word' id='word_1_267' title='bbox 1073 3640 1111 3705; x_wconf 79' lang='grc' dir='ltr'>τό</span> <span class='ocrx_word' id='word_1_268' title='bbox 1139 3640 1290 3728; x_wconf 72' lang='grc' dir='ltr'><strong><em>θηλυκόν</em></strong></span> 
     </span>
     <span class='ocr_line' id='line_1_34' title="bbox 172 3731 1288 3828; baseline 0.003 -26"><span class='ocrx_word' id='word_1_269' title='bbox 172 3731 361 3824; x_wconf 80' lang='grc' dir='ltr'><strong><em>ἓκαιομβοή</em></strong></span> <span class='ocrx_word' id='word_1_270' title='bbox 391 3738 449 3804; x_wconf 81' lang='grc' dir='ltr'>καὶ</span> <span class='ocrx_word' id='word_1_271' title='bbox 478 3739 512 3804; x_wconf 81' lang='grc' dir='ltr'>ἒν</span> <span class='ocrx_word' id='word_1_272' title='bbox 540 3745 689 3828; x_wconf 78' lang='grc' dir='ltr'><strong><em>σογκοπῇ</em></strong></span> <span class='ocrx_word' id='word_1_273' title='bbox 720 3737 901 3828; x_wconf 75' lang='grc' dir='ltr'>ἑκατόμβη.</span> <span class='ocrx_word' id='word_1_274' title='bbox 951 3743 1017 3807; x_wconf 84' lang='grc' dir='ltr'><strong><em>Ηίο</em></strong></span> <span class='ocrx_word' id='word_1_275' title='bbox 1044 3764 1107 3828; x_wconf 87' lang='lat' dir='ltr'>ego</span> <span class='ocrx_word' id='word_1_276' title='bbox 1126 3742 1288 3825; x_wconf 88' lang='lat' dir='ltr'>judicium</span> 
     </span>
     <span class='ocr_line' id='line_1_35' title="bbox 170 3837 1291 3926; baseline 0.004 -24"><span class='ocrx_word' id='word_1_277' title='bbox 170 3858 278 3902; x_wconf 90' lang='lat' dir='ltr'>meum</span> <span class='ocrx_word' id='word_1_278' title='bbox 306 3837 430 3901; x_wconf 91' lang='lat' dir='ltr'>nullum</span> <span class='ocrx_word' id='word_1_279' title='bbox 456 3837 638 3925; x_wconf 89' lang='lat' dir='ltr'>interpono.</span> <span class='ocrx_word' id='word_1_280' title='bbox 691 3841 760 3907; x_wconf 86' lang='lat' dir='ltr'>Sed</span> <span class='ocrx_word' id='word_1_281' title='bbox 786 3840 814 3905; x_wconf 91' lang='lat' dir='ltr'>si</span> <span class='ocrx_word' id='word_1_282' title='bbox 840 3839 990 3926; x_wconf 74' lang='grc' dir='ltr'><strong><em>μέσαβον</em></strong></span> <span class='ocrx_word' id='word_1_283' title='bbox 1015 3843 1103 3907; x_wconf 90' lang='lat' dir='ltr'>idem</span> <span class='ocrx_word' id='word_1_284' title='bbox 1126 3841 1291 3926; x_wconf 88' lang='lat' dir='ltr'>estquod</span> 
     </span>
    </p>
   </div>
   <div class='ocr_carea' id='block_1_3' title="bbox 169 4004 1291 4166">
    <p class='ocr_par' dir='ltr' id='par_1_3' title="bbox 169 4004 1291 4166">
     <span class='ocr_line' id='line_1_36' title="bbox 239 4004 1291 4080; baseline 0.002 -22"><span class='ocrx_word' id='word_1_285' title='bbox 239 4007 268 4075; x_wconf 83' lang='lat'>5)</span> <span class='ocrx_word' id='word_1_286' title='bbox 288 4008 332 4061; x_wconf 79' lang='lat' dir='ltr'>Ex</span> <span class='ocrx_word' id='word_1_287' title='bbox 351 4006 473 4080; x_wconf 86' lang='lat' dir='ltr'>Oppiani</span> <span class='ocrx_word' id='word_1_288' title='bbox 492 4007 586 4062; x_wconf 80' lang='lat' dir='ltr'>verbis</span> <span class='ocrx_word' id='word_1_289' title='bbox 611 4009 706 4077; x_wconf 72' lang='grc' dir='ltr'><strong><em>τρίγλη</em></strong></span> <span class='ocrx_word' id='word_1_290' title='bbox 725 4007 893 4078; x_wconf 78' lang='grc' dir='ltr'><strong><em>τριγόνοοσιν</em></strong></span> <span class='ocrx_word' id='word_1_291' title='bbox 917 4004 1063 4079; x_wconf 72' lang='grc' dir='ltr'><strong><em>ἐπώνυμός</em></strong></span> <span class='ocrx_word' id='word_1_292' title='bbox 1087 4010 1143 4062; x_wconf 70' lang='grc' dir='ltr'>ἐστι</span> <span class='ocrx_word' id='word_1_293' title='bbox 1165 4013 1291 4077; x_wconf 79' lang='grc' dir='ltr'><strong><em>γυναῖον,</em></strong></span> 
     </span>
     <span class='ocr_line' id='line_1_37' title="bbox 169 4092 1289 4166; baseline 0.001 -21"><span class='ocrx_word' id='word_1_294' title='bbox 169 4108 226 4145; x_wconf 90' lang='lat' dir='ltr'>non</span> <span class='ocrx_word' id='word_1_295' title='bbox 243 4092 370 4164; x_wconf 89' lang='lat' dir='ltr'>sequitur</span> <span class='ocrx_word' id='word_1_296' title='bbox 386 4097 462 4164; x_wconf 88' lang='lat' dir='ltr'>quod</span> <span class='ocrx_word' id='word_1_297' title='bbox 476 4093 636 4148; x_wconf 84' lang='lat' dir='ltr'>Eustathius</span> <span class='ocrx_word' id='word_1_298' title='bbox 655 4093 763 4163; x_wconf 87' lang='lat' dir='ltr'>colligit</span> <span class='ocrx_word' id='word_1_299' title='bbox 781 4096 855 4159; x_wconf 71' lang='lat' dir='ltr'>toas,</span> <span class='ocrx_word' id='word_1_300' title='bbox 870 4097 911 4148; x_wconf 70' lang='lat' dir='ltr'>td.</span> <span class='ocrx_word' id='word_1_301' title='bbox 928 4105 1044 4166; x_wconf 86' lang='lat' dir='ltr'>poetam</span> <span class='ocrx_word' id='word_1_302' title='bbox 1058 4096 1114 4148; x_wconf 92' lang='lat' dir='ltr'>hcc</span> <span class='ocrx_word' id='word_1_303' title='bbox 1131 4111 1233 4147; x_wconf 87' lang='lat' dir='ltr'>nomeu</span> <span class='ocrx_word' id='word_1_304' title='bbox 1251 4110 1289 4146; x_wconf 84' lang='lat' dir='ltr'>ax</span> 
     </span>
    </p>
   </div>
   <div class='ocr_carea' id='block_1_4' title="bbox 169 4175 1293 4332">
    <p class='ocr_par' dir='ltr' id='par_1_4' title="bbox 169 4175 1293 4332">
     <span class='ocr_line' id='line_1_38' title="bbox 169 4175 1293 4252; baseline 0 -21"><span class='ocrx_word' id='word_1_305' title='bbox 169 4175 281 4246; x_wconf 77' lang='grc' dir='ltr'><strong><em>τριγόνρ</em></strong></span> <span class='ocrx_word' id='word_1_306' title='bbox 298 4188 472 4235; x_wconf 86' lang='lat' dir='ltr'>contractum</span> <span class='ocrx_word' id='word_1_307' title='bbox 490 4187 603 4252; x_wconf 82' lang='lat' dir='ltr'>putasse</span> <span class='ocrx_word' id='word_1_308' title='bbox 621 4185 652 4232; x_wconf 88' lang='lat' dir='ltr'>ut</span> <span class='ocrx_word' id='word_1_309' title='bbox 670 4178 766 4234; x_wconf 82' lang='lat' dir='ltr'>Schol.</span> <span class='ocrx_word' id='word_1_310' title='bbox 785 4180 825 4234; x_wconf 84' lang='lat' dir='ltr'>ait</span> <span class='ocrx_word' id='word_1_311' title='bbox 840 4182 877 4234; x_wconf 89' lang='lat' dir='ltr'>ad</span> <span class='ocrx_word' id='word_1_312' title='bbox 897 4181 963 4235; x_wconf 84' lang='lat' dir='ltr'>Hal.</span> <span class='ocrx_word' id='word_1_313' title='bbox 977 4180 1000 4234; x_wconf 92' lang='lat'>1.</span> <span class='ocrx_word' id='word_1_314' title='bbox 1017 4182 1075 4235; x_wconf 76' lang='grc'><strong>590.</strong></span> <span class='ocrx_word' id='word_1_315' title='bbox 1095 4178 1164 4234; x_wconf 73' lang='grc' dir='ltr'>κατὰ</span> <span class='ocrx_word' id='word_1_316' title='bbox 1184 4176 1293 4249; x_wconf 76' lang='grc' dir='ltr'><strong><em>τροπὴν</em></strong></span> 
     </span>
     <span class='ocr_line' id='line_1_39' title="bbox 169 4258 385 4332; baseline 0.023 -18"><span class='ocrx_word' id='word_1_317' title='bbox 169 4265 216 4315; x_wconf 79' lang='grc' dir='ltr'>καλ</span> <span class='ocrx_word' id='word_1_318' title='bbox 234 4258 385 4332; x_wconf 72' lang='grc' dir='ltr'><strong><em>συγκονιὴν.</em></strong></span> 
     </span>
    </p>
   </div>
   <div class='ocr_carea' id='block_1_5' title="bbox 0 0 1372 4778">
    <p class='ocr_par' dir='ltr' id='par_1_5' title="bbox 0 0 1372 4778">
     <span class='ocr_line' id='line_1_40' title="bbox 0 0 1372 4778; baseline 0 1"><span class='ocrx_word' id='word_1_319' title='bbox 0 0 1372 4778; x_wconf 95' lang='lat' dir='ltr'> </span> 
     </span>
    </p>
   </div>
  </div>
 </body>
</html>
