<?xml version="1.0" encoding="UTF-8"?>
<!DOCTYPE html PUBLIC "-//W3C//DTD XHTML 1.0 Transitional//EN"
    "http://www.w3.org/TR/xhtml1/DTD/xhtml1-transitional.dtd">
<html xmlns="http://www.w3.org/1999/xhtml" xml:lang="en" lang="en">
 <head>
  <title>
</title>
<meta http-equiv="Content-Type" content="text/html;charset=utf-8" />
  <meta name='ocr-system' content='tesseract 3.04.00' />
  <meta name='ocr-capabilities' content='ocr_page ocr_carea ocr_par ocr_line ocrx_word'/>
</head>
<body>
  <div class='ocr_page' id='page_1' title='image "./pathologiaegrae00lobegoog_0088.png"; bbox 0 0 2736 4778; ppageno 0'>
   <div class='ocr_carea' id='block_1_1' title="bbox 179 337 1212 433">
    <p class='ocr_par' dir='ltr' id='par_1_1' title="bbox 179 337 1212 433">
     <span class='ocr_line' id='line_1_1' title="bbox 179 337 1212 433; baseline -0.009 -13"><span class='ocrx_word' id='word_1_1' title='bbox 179 353 243 420; x_wconf 84' lang='lat' dir='ltr'>DE</span> <span class='ocrx_word' id='word_1_2' title='bbox 264 337 532 419; x_wconf 82' lang='lat' dir='ltr'>PROSTHESI</span> <span class='ocrx_word' id='word_1_3' title='bbox 554 348 615 415; x_wconf 85' lang='lat' dir='ltr'>ET</span> <span class='ocrx_word' id='word_1_4' title='bbox 638 347 901 416; x_wconf 82' lang='lat' dir='ltr'><strong>APHAERESI.</strong></span> <span class='ocrx_word' id='word_1_5' title='bbox 925 345 963 415; x_wconf 85' lang='lat' dir='ltr'>C.</span> <span class='ocrx_word' id='word_1_6' title='bbox 976 347 1037 415; x_wconf 91' lang='lat' dir='ltr'>IV.</span> <span class='ocrx_word' id='word_1_7' title='bbox 1056 349 1081 433; x_wconf 65' lang='grc' dir='ltr'>ξ.</span> <span class='ocrx_word' id='word_1_8' title='bbox 1094 345 1123 412; x_wconf 88' lang='grc'>3.</span> <span class='ocrx_word' id='word_1_9' title='bbox 1163 346 1212 422; x_wconf 78' lang='grc'>75</span> 
     </span>
    </p>
   </div>
   <div class='ocr_carea' id='block_1_2' title="bbox 28 532 1220 4070">
    <p class='ocr_par' dir='ltr' id='par_1_2' title="bbox 28 532 1220 4070">
     <span class='ocr_line' id='line_1_2' title="bbox 105 532 1214 624; baseline -0.007 -20"><span class='ocrx_word' id='word_1_10' title='bbox 105 539 257 605; x_wconf 89' lang='lat' dir='ltr'>terminos</span> <span class='ocrx_word' id='word_1_11' title='bbox 281 536 472 624; x_wconf 86' lang='lat' dir='ltr'>significarit</span> <span class='ocrx_word' id='word_1_12' title='bbox 493 544 529 598; x_wconf 90' lang='lat' dir='ltr'>ut</span> <span class='ocrx_word' id='word_1_13' title='bbox 541 534 637 599; x_wconf 88' lang='lat' dir='ltr'>Plato</span> <span class='ocrx_word' id='word_1_14' title='bbox 658 535 739 600; x_wconf 81' lang='lat' dir='ltr'>dixit</span> <span class='ocrx_word' id='word_1_15' title='bbox 755 537 789 600; x_wconf 92' lang='lat' dir='ltr'>in</span> <span class='ocrx_word' id='word_1_16' title='bbox 807 536 901 600; x_wconf 88' lang='lat' dir='ltr'>simili</span> <span class='ocrx_word' id='word_1_17' title='bbox 920 559 1017 601; x_wconf 87' lang='lat' dir='ltr'>causa</span> <span class='ocrx_word' id='word_1_18' title='bbox 1037 532 1131 613; x_wconf 81' lang='grc' dir='ltr'><strong><em>ἐκιδς</em></strong></span> <span class='ocrx_word' id='word_1_19' title='bbox 1149 537 1214 599; x_wconf 67' lang='grc' dir='ltr'>πᾶν</span> 
     </span>
     <span class='ocr_line' id='line_1_3' title="bbox 104 630 1213 727; baseline -0.005 -21"><span class='ocrx_word' id='word_1_20' title='bbox 104 639 191 727; x_wconf 79' lang='grc' dir='ltr'><strong><em>ὅρων</em></strong></span> <span class='ocrx_word' id='word_1_21' title='bbox 212 645 271 724; x_wconf 75' lang='grc' dir='ltr'>τῆς</span> <span class='ocrx_word' id='word_1_22' title='bbox 290 637 401 720; x_wconf 81' lang='grc' dir='ltr'><strong><em>χώρας</em></strong></span> <span class='ocrx_word' id='word_1_23' title='bbox 422 637 529 721; x_wconf 85' lang='lat' dir='ltr'>Legg.</span> <span class='ocrx_word' id='word_1_24' title='bbox 553 636 617 700; x_wconf 87' lang='lat' dir='ltr'>IX.</span> <span class='ocrx_word' id='word_1_25' title='bbox 642 636 714 702; x_wconf 85' lang='lat'><strong>854.</strong></span> <span class='ocrx_word' id='word_1_26' title='bbox 740 639 785 702; x_wconf 88' lang='lat' dir='ltr'>D.</span> <span class='ocrx_word' id='word_1_27' title='bbox 808 661 849 702; x_wconf 91' lang='lat' dir='ltr'>an</span> <span class='ocrx_word' id='word_1_28' title='bbox 866 638 1016 701; x_wconf 79' lang='lat' dir='ltr'>custodes</span> <span class='ocrx_word' id='word_1_29' title='bbox 1039 630 1213 722; x_wconf 59' lang='grc' dir='ltr'><strong><em>οδροιιςθ),</em></strong></span> 
     </span>
     <span class='ocr_line' id='line_1_4' title="bbox 104 736 1213 824; baseline -0.003 -18"><span class='ocrx_word' id='word_1_30' title='bbox 104 741 152 807; x_wconf 86' lang='lat' dir='ltr'>sic</span> <span class='ocrx_word' id='word_1_31' title='bbox 178 741 264 806; x_wconf 89' lang='lat' dir='ltr'>enim</span> <span class='ocrx_word' id='word_1_32' title='bbox 293 737 440 824; x_wconf 85' lang='lat' dir='ltr'>plerique</span> <span class='ocrx_word' id='word_1_33' title='bbox 467 759 580 802; x_wconf 86' lang='lat' dir='ltr'>vocem</span> <span class='ocrx_word' id='word_1_34' title='bbox 604 736 801 804; x_wconf 80' lang='lat' dir='ltr'>homericam</span> <span class='ocrx_word' id='word_1_35' title='bbox 823 739 1073 824; x_wconf 69' lang='lat' dir='ltr'>interpretantur</span> <span class='ocrx_word' id='word_1_36' title='bbox 1095 761 1213 803; x_wconf 86' lang='lat' dir='ltr'>conve·</span> 
     </span>
     <span class='ocr_line' id='line_1_5' title="bbox 103 836 1213 926; baseline -0.005 -17"><span class='ocrx_word' id='word_1_37' title='bbox 103 844 230 910; x_wconf 88' lang='lat' dir='ltr'>nienter</span> <span class='ocrx_word' id='word_1_38' title='bbox 256 840 446 926; x_wconf 86' lang='lat' dir='ltr'>compositis</span> <span class='ocrx_word' id='word_1_39' title='bbox 479 836 648 925; x_wconf 72' lang='grc' dir='ltr'><strong><em>κηπουρός</em></strong></span> <span class='ocrx_word' id='word_1_40' title='bbox 677 840 745 905; x_wconf 83' lang='lat' dir='ltr'>sive</span> <span class='ocrx_word' id='word_1_41' title='bbox 771 837 943 926; x_wconf 80' lang='grc' dir='ltr'><strong><em>κηπιορός,</em></strong></span> <span class='ocrx_word' id='word_1_42' title='bbox 971 836 1128 923; x_wconf 76' lang='grc' dir='ltr'><strong><em>θυρωρός</em></strong></span> <span class='ocrx_word' id='word_1_43' title='bbox 1154 849 1213 904; x_wconf 87' lang='lat' dir='ltr'>etc.</span> 
     </span>
     <span class='ocr_line' id='line_1_6' title="bbox 105 938 1216 1029; baseline -0.005 -18"><span class='ocrx_word' id='word_1_44' title='bbox 105 946 135 1011; x_wconf 88' lang='lat' dir='ltr'>si</span> <span class='ocrx_word' id='word_1_45' title='bbox 163 942 319 1029; x_wconf 74' lang='lat' dir='ltr'>singulari</span> <span class='ocrx_word' id='word_1_46' title='bbox 347 965 423 1006; x_wconf 86' lang='lat' dir='ltr'>usus</span> <span class='ocrx_word' id='word_1_47' title='bbox 445 941 554 1017; x_wconf 86' lang='lat' dir='ltr'>luerit,</span> <span class='ocrx_word' id='word_1_48' title='bbox 583 938 665 1005; x_wconf 90' lang='lat' dir='ltr'>nihil</span> <span class='ocrx_word' id='word_1_49' title='bbox 686 941 774 1006; x_wconf 92' lang='lat' dir='ltr'>aliud</span> <span class='ocrx_word' id='word_1_50' title='bbox 798 940 974 1026; x_wconf 88' lang='lat' dir='ltr'>significari</span> <span class='ocrx_word' id='word_1_51' title='bbox 998 961 1097 1026; x_wconf 88' lang='lat' dir='ltr'>posse</span> <span class='ocrx_word' id='word_1_52' title='bbox 1119 961 1216 1023; x_wconf 82' lang='lat' dir='ltr'>quam</span> 
     </span>
     <span class='ocr_line' id='line_1_7' title="bbox 106 1040 1216 1130; baseline -0.005 -18"><span class='ocrx_word' id='word_1_53' title='bbox 106 1045 186 1130; x_wconf 82' lang='grc' dir='ltr'><strong><em>δροι</em></strong></span> <span class='ocrx_word' id='word_1_54' title='bbox 207 1044 344 1122; x_wconf 85' lang='lat' dir='ltr'>termini,</span> <span class='ocrx_word' id='word_1_55' title='bbox 366 1043 456 1128; x_wconf 92' lang='lat' dir='ltr'>quod</span> <span class='ocrx_word' id='word_1_56' title='bbox 475 1064 595 1109; x_wconf 85' lang='lat' dir='ltr'>nomen</span> <span class='ocrx_word' id='word_1_57' title='bbox 617 1040 767 1129; x_wconf 88' lang='lat' dir='ltr'>Cratylus</span> <span class='ocrx_word' id='word_1_58' title='bbox 787 1044 976 1110; x_wconf 86' lang='lat' dir='ltr'>Platonicus</span> <span class='ocrx_word' id='word_1_59' title='bbox 1000 1041 1089 1107; x_wconf 88' lang='lat' dir='ltr'>haud</span> <span class='ocrx_word' id='word_1_60' title='bbox 1105 1042 1216 1128; x_wconf 86' lang='lat' dir='ltr'>inepte</span> 
     </span>
     <span class='ocr_line' id='line_1_8' title="bbox 109 1136 1215 1233; baseline -0.004 -22"><span class='ocrx_word' id='word_1_61' title='bbox 109 1168 182 1211; x_wconf 89' lang='lat' dir='ltr'>cum</span> <span class='ocrx_word' id='word_1_62' title='bbox 210 1143 392 1212; x_wconf 89' lang='lat' dir='ltr'>nominibus</span> <span class='ocrx_word' id='word_1_63' title='bbox 415 1144 570 1231; x_wconf 84' lang='lat' dir='ltr'>temporis</span> <span class='ocrx_word' id='word_1_64' title='bbox 593 1143 795 1210; x_wconf 86' lang='lat' dir='ltr'>determinati</span> <span class='ocrx_word' id='word_1_65' title='bbox 820 1136 908 1233; x_wconf 83' lang='grc' dir='ltr'><strong><em>ὧρος</em></strong></span> <span class='ocrx_word' id='word_1_66' title='bbox 930 1155 963 1209; x_wconf 92' lang='lat' dir='ltr'>et</span> <span class='ocrx_word' id='word_1_67' title='bbox 984 1143 1057 1231; x_wconf 78' lang='grc' dir='ltr'>ὥρα</span> <span class='ocrx_word' id='word_1_68' title='bbox 1080 1165 1215 1229; x_wconf 85' lang='lat' dir='ltr'>compo-</span> 
     </span>
     <span class='ocr_line' id='line_1_9' title="bbox 38 1244 1216 1335; baseline -0.003 -21"><span class='ocrx_word' id='word_1_69' title='bbox 38 1310 45 1335; x_wconf 72' lang='lat'><em>,</em></span> <span class='ocrx_word' id='word_1_70' title='bbox 106 1270 184 1314; x_wconf 88' lang='lat' dir='ltr'>nere</span> <span class='ocrx_word' id='word_1_71' title='bbox 208 1248 344 1315; x_wconf 87' lang='lat' dir='ltr'>videtur.</span> <span class='ocrx_word' id='word_1_72' title='bbox 393 1244 559 1330; x_wconf 81' lang='lat' dir='ltr'>Equidem</span> <span class='ocrx_word' id='word_1_73' title='bbox 585 1245 676 1332; x_wconf 84' lang='lat' dir='ltr'>prius</span> <span class='ocrx_word' id='word_1_74' title='bbox 704 1248 868 1333; x_wconf 81' lang='lat' dir='ltr'>praeler03</span> <span class='ocrx_word' id='word_1_75' title='bbox 898 1247 958 1312; x_wconf 87' lang='lat' dir='ltr'>sed</span> <span class='ocrx_word' id='word_1_76' title='bbox 979 1258 1216 1330; x_wconf 86' lang='lat' dir='ltr'>utmmcunque</span> 
     </span>
     <span class='ocr_line' id='line_1_10' title="bbox 28 1346 1214 1433; baseline -0.004 -15"><span class='ocrx_word' id='word_1_77' title='bbox 28 1414 31 1418; x_wconf 78' lang='grc'><strong><em>,</em></strong></span> <span class='ocrx_word' id='word_1_78' title='bbox 103 1349 231 1427; x_wconf 87' lang='lat' dir='ltr'>vicerit,</span> <span class='ocrx_word' id='word_1_79' title='bbox 264 1360 350 1415; x_wconf 87' lang='lat' dir='ltr'>certe</span> <span class='ocrx_word' id='word_1_80' title='bbox 376 1347 444 1412; x_wconf 88' lang='lat' dir='ltr'>iota</span> <span class='ocrx_word' id='word_1_81' title='bbox 469 1346 644 1424; x_wconf 89' lang='lat' dir='ltr'>redundat;</span> <span class='ocrx_word' id='word_1_82' title='bbox 670 1349 814 1433; x_wconf 89' lang='lat' dir='ltr'>quodsi</span> <span class='ocrx_word' id='word_1_83' title='bbox 842 1370 916 1415; x_wconf 93' lang='lat' dir='ltr'>cum</span> <span class='ocrx_word' id='word_1_84' title='bbox 944 1347 1024 1430; x_wconf 81' lang='grc' dir='ltr'><strong><em>ὅρος</em></strong></span> <span class='ocrx_word' id='word_1_85' title='bbox 1051 1348 1214 1425; x_wconf 82' lang='lat' dir='ltr'>cohaeret,</span> 
     </span>
     <span class='ocr_line' id='line_1_11' title="bbox 104 1442 1215 1539; baseline -0.001 -22"><span class='ocrx_word' id='word_1_86' title='bbox 104 1452 221 1539; x_wconf 88' lang='lat' dir='ltr'>spiritu</span> <span class='ocrx_word' id='word_1_87' title='bbox 262 1472 379 1539; x_wconf 84' lang='lat' dir='ltr'>aspero</span> <span class='ocrx_word' id='word_1_88' title='bbox 394 1448 599 1515; x_wconf 74' lang='lat' dir='ltr'>‘notandum</span> <span class='ocrx_word' id='word_1_89' title='bbox 630 1460 680 1517; x_wconf 89' lang='lat' dir='ltr'>est</span> <span class='ocrx_word' id='word_1_90' title='bbox 714 1459 752 1514; x_wconf 90' lang='lat' dir='ltr'>ut</span> <span class='ocrx_word' id='word_1_91' title='bbox 784 1450 910 1528; x_wconf 69' lang='grc' dir='ltr'><strong><em>ἕεδνον,</em></strong></span> <span class='ocrx_word' id='word_1_92' title='bbox 952 1448 980 1515; x_wconf 88' lang='lat' dir='ltr'>si</span> <span class='ocrx_word' id='word_1_93' title='bbox 1018 1471 1092 1516; x_wconf 89' lang='lat' dir='ltr'>cum</span> <span class='ocrx_word' id='word_1_94' title='bbox 1129 1442 1215 1537; x_wconf 78' lang='grc' dir='ltr'><strong><em>ὧρος</em></strong></span> 
     </span>
     <span class='ocr_line' id='line_1_12' title="bbox 105 1546 319 1638; baseline -0.009 -18"><span class='ocrx_word' id='word_1_95' title='bbox 105 1546 221 1638; x_wconf 78' lang='grc' dir='ltr'><strong><em>οὖρος,</em></strong></span> <span class='ocrx_word' id='word_1_96' title='bbox 243 1552 319 1618; x_wconf 89' lang='lat' dir='ltr'>leni.</span> 
     </span>
     <span class='ocr_line' id='line_1_13' title="bbox 30 1646 1214 1739; baseline -0.001 -20"><span class='ocrx_word' id='word_1_97' title='bbox 30 1646 33 1651; x_wconf 38' lang='lat'>⁵</span> <span class='ocrx_word' id='word_1_98' title='bbox 188 1657 214 1737; x_wconf 65' lang='grc' dir='ltr'>ξ.</span> <span class='ocrx_word' id='word_1_99' title='bbox 236 1654 267 1719; x_wconf 85' lang='grc'>3.</span> <span class='ocrx_word' id='word_1_100' title='bbox 310 1650 388 1717; x_wconf 87' lang='lat' dir='ltr'>Alia</span> <span class='ocrx_word' id='word_1_101' title='bbox 417 1652 564 1737; x_wconf 81' lang='lat' dir='ltr'>quaestio</span> <span class='ocrx_word' id='word_1_102' title='bbox 591 1664 641 1717; x_wconf 88' lang='lat' dir='ltr'>est</span> <span class='ocrx_word' id='word_1_103' title='bbox 666 1653 707 1718; x_wconf 90' lang='lat' dir='ltr'>de</span> <span class='ocrx_word' id='word_1_104' title='bbox 743 1654 811 1719; x_wconf 88' lang='lat' dir='ltr'>iota</span> <span class='ocrx_word' id='word_1_105' title='bbox 840 1652 994 1719; x_wconf 79' lang='lat' dir='ltr'>consonis</span> <span class='ocrx_word' id='word_1_106' title='bbox 1020 1652 1214 1739; x_wconf 81' lang='lat' dir='ltr'>anteposito.</span> 
     </span>
     <span class='ocr_line' id='line_1_14' title="bbox 105 1750 1216 1844; baseline -0.002 -21"><span class='ocrx_word' id='word_1_107' title='bbox 105 1754 224 1823; x_wconf 86' lang='lat' dir='ltr'>Strabo</span> <span class='ocrx_word' id='word_1_108' title='bbox 251 1754 316 1820; x_wconf 66' lang='lat' dir='ltr'>IX„</span> <span class='ocrx_word' id='word_1_109' title='bbox 343 1753 417 1818; x_wconf 77' lang='lat'><strong>437.</strong></span> <span class='ocrx_word' id='word_1_110' title='bbox 449 1753 490 1819; x_wconf 89' lang='lat' dir='ltr'>de</span> <span class='ocrx_word' id='word_1_111' title='bbox 519 1753 647 1821; x_wconf 87' lang='lat' dir='ltr'>Ithome</span> <span class='ocrx_word' id='word_1_112' title='bbox 668 1753 859 1822; x_wconf 85' lang='lat' dir='ltr'>Thessalica</span> <span class='ocrx_word' id='word_1_113' title='bbox 886 1757 1024 1841; x_wconf 86' lang='lat' dir='ltr'>loquens</span> <span class='ocrx_word' id='word_1_114' title='bbox 1044 1754 1103 1844; x_wconf 66' lang='grc' dir='ltr'>τὴν</span> <span class='ocrx_word' id='word_1_115' title='bbox 1121 1750 1216 1823; x_wconf 68' lang='lat' dir='ltr'>’roat-</span> 
     </span>
     <span class='ocr_line' id='line_1_15' title="bbox 103 1847 1217 1945; baseline 0 -25"><span class='ocrx_word' id='word_1_116' title='bbox 103 1883 178 1943; x_wconf 73' lang='grc' dir='ltr'>μην,</span> <span class='ocrx_word' id='word_1_117' title='bbox 198 1856 313 1941; x_wconf 90' lang='lat' dir='ltr'>inquit,</span> <span class='ocrx_word' id='word_1_118' title='bbox 336 1847 379 1921; x_wconf 81' lang='lat' dir='ltr'>aii</span> <span class='ocrx_word' id='word_1_119' title='bbox 402 1877 487 1942; x_wconf 87' lang='grc' dir='ltr'><strong><em>φασι</em></strong></span> <span class='ocrx_word' id='word_1_120' title='bbox 511 1857 580 1922; x_wconf 83' lang='grc' dir='ltr'><strong><em>δεῖν</em></strong></span> <span class='ocrx_word' id='word_1_121' title='bbox 605 1853 710 1934; x_wconf 74' lang='grc' dir='ltr'><strong><em>οὕτως</em></strong></span> <span class='ocrx_word' id='word_1_122' title='bbox 732 1857 885 1943; x_wconf 78' lang='grc' dir='ltr'>ἐκφέρειν</span> <span class='ocrx_word' id='word_1_123' title='bbox 901 1853 988 1924; x_wconf 76' lang='grc' dir='ltr'>ἀλλὰ</span> <span class='ocrx_word' id='word_1_124' title='bbox 1005 1856 1063 1945; x_wconf 67' lang='grc' dir='ltr'>τὴν</span> <span class='ocrx_word' id='word_1_125' title='bbox 1081 1852 1217 1942; x_wconf 73' lang='grc' dir='ltr'><strong><em>πρώτην</em></strong></span> 
     </span>
     <span class='ocr_line' id='line_1_16' title="bbox 106 1950 1217 2046; baseline -0.005 -23"><span class='ocrx_word' id='word_1_126' title='bbox 106 1956 274 2046; x_wconf 63' lang='grc' dir='ltr'>συλλαβὴν</span> <span class='ocrx_word' id='word_1_127' title='bbox 296 1950 471 2043; x_wconf 73' lang='grc' dir='ltr'>ἀφαιρεῖν·</span> <span class='ocrx_word' id='word_1_128' title='bbox 495 1953 582 2021; x_wconf 76' lang='grc' dir='ltr'>οὕτω</span> <span class='ocrx_word' id='word_1_129' title='bbox 600 1955 664 2040; x_wconf 82' lang='grc' dir='ltr'>γὰρ</span> <span class='ocrx_word' id='word_1_130' title='bbox 686 1959 864 2022; x_wconf 77' lang='grc' dir='ltr'><strong><em>καλεῖσθαι</em></strong></span> <span class='ocrx_word' id='word_1_131' title='bbox 888 1955 1062 2040; x_wconf 74' lang='grc' dir='ltr'><strong><em>πρότερον,</em></strong></span> <span class='ocrx_word' id='word_1_132' title='bbox 1083 1956 1145 2022; x_wconf 93' lang='lat' dir='ltr'>hoc</span> <span class='ocrx_word' id='word_1_133' title='bbox 1168 1969 1217 2020; x_wconf 90' lang='lat' dir='ltr'>est</span> 
     </span>
     <span class='ocr_line' id='line_1_17' title="bbox 105 2053 1217 2141; baseline 0 -19"><span class='ocrx_word' id='word_1_134' title='bbox 105 2058 156 2123; x_wconf 83' lang='lat' dir='ltr'>vel</span> <span class='ocrx_word' id='word_1_135' title='bbox 183 2056 307 2141; x_wconf 81' lang='grc' dir='ltr'><strong><em>Θιόμην</em></strong></span> <span class='ocrx_word' id='word_1_136' title='bbox 331 2065 480 2121; x_wconf 82' lang='lat' dir='ltr'>vocatam</span> <span class='ocrx_word' id='word_1_137' title='bbox 508 2078 581 2120; x_wconf 88' lang='lat' dir='ltr'>esse</span> <span class='ocrx_word' id='word_1_138' title='bbox 603 2066 640 2119; x_wconf 87' lang='lat' dir='ltr'>ut</span> <span class='ocrx_word' id='word_1_139' title='bbox 658 2056 738 2120; x_wconf 88' lang='lat' dir='ltr'>EM.</span> <span class='ocrx_word' id='word_1_140' title='bbox 759 2056 833 2131; x_wconf 81' lang='lat'><strong>470,</strong></span> <span class='ocrx_word' id='word_1_141' title='bbox 855 2055 885 2118; x_wconf 84' lang='lat'>9.</span> <span class='ocrx_word' id='word_1_142' title='bbox 913 2053 1016 2140; x_wconf 79' lang='grc' dir='ltr'><em>Θώμη</em></span> <span class='ocrx_word' id='word_1_143' title='bbox 1041 2053 1140 2132; x_wconf 82' lang='grc' dir='ltr'>πόλις</span> <span class='ocrx_word' id='word_1_144' title='bbox 1162 2058 1217 2122; x_wconf 83' lang='grc' dir='ltr'>καὶ</span> 
     </span>
     <span class='ocr_line' id='line_1_18' title="bbox 106 2150 1220 2245; baseline -0.004 -20"><span class='ocrx_word' id='word_1_145' title='bbox 106 2162 309 2245; x_wconf 73' lang='grc' dir='ltr'><strong><em>πλεονασμῷ</em></strong></span> <span class='ocrx_word' id='word_1_146' title='bbox 324 2155 459 2243; x_wconf 46' lang='lat' dir='ltr'>’lauru</span> <span class='ocrx_word' id='word_1_147' title='bbox 480 2155 532 2220; x_wconf 87' lang='lat' dir='ltr'>vel</span> <span class='ocrx_word' id='word_1_148' title='bbox 551 2155 731 2238; x_wconf 82' lang='grc' dir='ltr'><strong><em>Θούμαιον,</em></strong></span> <span class='ocrx_word' id='word_1_149' title='bbox 754 2157 919 2241; x_wconf 89' lang='lat' dir='ltr'>quomodo</span> <span class='ocrx_word' id='word_1_150' title='bbox 932 2153 1118 2241; x_wconf 76' lang='lat' dir='ltr'>Stephanus</span> <span class='ocrx_word' id='word_1_151' title='bbox 1134 2150 1220 2221; x_wconf 83' lang='lat' dir='ltr'>hanc¹</span> 
     </span>
     <span class='ocr_line' id='line_1_19' title="bbox 105 2245 1218 2346; baseline 0.002 -22"><span class='ocrx_word' id='word_1_152' title='bbox 105 2260 219 2325; x_wconf 88' lang='lat' dir='ltr'>urbem</span> <span class='ocrx_word' id='word_1_153' title='bbox 246 2257 404 2344; x_wconf 83' lang='lat' dir='ltr'>appellari</span> <span class='ocrx_word' id='word_1_154' title='bbox 432 2256 531 2322; x_wconf 82' lang='lat' dir='ltr'>tradit</span> <span class='ocrx_word' id='word_1_155' title='bbox 557 2252 713 2345; x_wconf 75' lang='grc' dir='ltr'><strong><em>ἀποβολῇ</em></strong></span> <span class='ocrx_word' id='word_1_156' title='bbox 746 2261 806 2324; x_wconf 76' lang='grc' dir='ltr'>τοῦ</span> <span class='ocrx_word' id='word_1_157' title='bbox 829 2245 854 2325; x_wconf 55' lang='lat' dir='ltr'>r</span> <span class='ocrx_word' id='word_1_158' title='bbox 882 2257 939 2325; x_wconf 78' lang='grc' dir='ltr'>καὶ</span> <span class='ocrx_word' id='word_1_159' title='bbox 967 2263 1078 2346; x_wconf 79' lang='grc' dir='ltr'><strong><em>τροπῇ</em></strong></span> <span class='ocrx_word' id='word_1_160' title='bbox 1109 2263 1169 2326; x_wconf 76' lang='grc' dir='ltr'>τοῦ</span> <span class='ocrx_word' id='word_1_161' title='bbox 1184 2248 1218 2326; x_wconf 55' lang='grc' dir='ltr'><strong><em>ὦ</em></strong></span> 
     </span>
     <span class='ocr_line' id='line_1_20' title="bbox 107 2347 1214 2446; baseline -0.001 -18"><span class='ocrx_word' id='word_1_162' title='bbox 107 2359 156 2440; x_wconf 80' lang='grc' dir='ltr'>εἰς</span> <span class='ocrx_word' id='word_1_163' title='bbox 182 2360 241 2446; x_wconf 64' lang='grc' dir='ltr'>τὴν</span> <span class='ocrx_word' id='word_1_164' title='bbox 264 2347 315 2426; x_wconf 66' lang='grc' dir='ltr'>οὗ</span> <span class='ocrx_word' id='word_1_165' title='bbox 342 2360 537 2443; x_wconf 72' lang='grc' dir='ltr'><strong><em>δίφθογγον.</em></strong></span> <span class='ocrx_word' id='word_1_166' title='bbox 589 2358 655 2422; x_wconf 89' lang='lat' dir='ltr'>Hic</span> <span class='ocrx_word' id='word_1_167' title='bbox 691 2357 791 2444; x_wconf 85' lang='lat' dir='ltr'>igitur</span> <span class='ocrx_word' id='word_1_168' title='bbox 823 2358 1024 2444; x_wconf 84' lang='lat' dir='ltr'>trisyllabum</span> <span class='ocrx_word' id='word_1_169' title='bbox 1050 2360 1214 2445; x_wconf 89' lang='lat' dir='ltr'>antiquius</span> 
     </span>
     <span class='ocr_line' id='line_1_21' title="bbox 107 2459 1216 2546; baseline -0.001 -18"><span class='ocrx_word' id='word_1_170' title='bbox 107 2485 180 2528; x_wconf 87' lang='lat' dir='ltr'>esse</span> <span class='ocrx_word' id='word_1_171' title='bbox 209 2461 336 2538; x_wconf 81' lang='lat' dir='ltr'>statuit3</span> <span class='ocrx_word' id='word_1_172' title='bbox 368 2459 486 2528; x_wconf 86' lang='lat' dir='ltr'>Strabo</span> <span class='ocrx_word' id='word_1_173' title='bbox 516 2484 534 2525; x_wconf 93' lang='lat' dir='ltr'>e</span> <span class='ocrx_word' id='word_1_174' title='bbox 564 2461 723 2524; x_wconf 84' lang='lat' dir='ltr'>contrario</span> <span class='ocrx_word' id='word_1_175' title='bbox 750 2459 945 2544; x_wconf 84' lang='lat' dir='ltr'>bisyllabum</span> <span class='ocrx_word' id='word_1_176' title='bbox 972 2462 1141 2546; x_wconf 87' lang='lat' dir='ltr'>anteponit</span> <span class='ocrx_word' id='word_1_177' title='bbox 1165 2462 1216 2527; x_wconf 86' lang='lat' dir='ltr'>in·</span> 
     </span>
     <span class='ocr_line' id='line_1_22' title="bbox 107 2562 1216 2648; baseline -0.004 -18"><span class='ocrx_word' id='word_1_178' title='bbox 107 2575 230 2630; x_wconf 88' lang='lat' dir='ltr'>certum</span> <span class='ocrx_word' id='word_1_179' title='bbox 252 2584 316 2648; x_wconf 89' lang='lat' dir='ltr'>qua</span> <span class='ocrx_word' id='word_1_180' title='bbox 335 2562 475 2639; x_wconf 86' lang='lat' dir='ltr'>ratione;</span> <span class='ocrx_word' id='word_1_181' title='bbox 503 2585 579 2626; x_wconf 87' lang='lat' dir='ltr'>nam</span> <span class='ocrx_word' id='word_1_182' title='bbox 604 2584 793 2646; x_wconf 87' lang='lat' dir='ltr'>graecorum</span> <span class='ocrx_word' id='word_1_183' title='bbox 817 2562 1010 2647; x_wconf 85' lang='lat' dir='ltr'>scriptorum</span> <span class='ocrx_word' id='word_1_184' title='bbox 1029 2562 1216 2646; x_wconf 83' lang='lat' dir='ltr'>antiquissi-</span> 
     </span>
     <span class='ocr_line' id='line_1_23' title="bbox 105 2660 1215 2748; baseline -0.001 -18"><span class='ocrx_word' id='word_1_185' title='bbox 105 2688 178 2730; x_wconf 89' lang='lat' dir='ltr'>mus</span> <span class='ocrx_word' id='word_1_186' title='bbox 194 2660 339 2748; x_wconf 69' lang='grc' dir='ltr'><strong><em>Ἰθώμην</em></strong></span> <span class='ocrx_word' id='word_1_187' title='bbox 356 2674 460 2729; x_wconf 88' lang='lat' dir='ltr'>vocat.</span> <span class='ocrx_word' id='word_1_188' title='bbox 504 2663 573 2730; x_wconf 87' lang='lat' dir='ltr'>Sed</span> <span class='ocrx_word' id='word_1_189' title='bbox 593 2663 731 2729; x_wconf 84' lang='lat' dir='ltr'>fortasse</span> <span class='ocrx_word' id='word_1_190' title='bbox 753 2663 798 2728; x_wconf 89' lang='lat' dir='ltr'>illi</span> <span class='ocrx_word' id='word_1_191' title='bbox 818 2663 1002 2728; x_wconf 84' lang='lat' dir='ltr'>innotuerat</span> <span class='ocrx_word' id='word_1_192' title='bbox 1022 2663 1135 2729; x_wconf 90' lang='lat' dir='ltr'>urbem</span> <span class='ocrx_word' id='word_1_193' title='bbox 1157 2664 1215 2729; x_wconf 84' lang='lat' dir='ltr'>ali·</span> 
     </span>
     <span class='ocr_line' id='line_1_24' title="bbox 107 2764 1215 2852; baseline 0 -21"><span class='ocrx_word' id='word_1_194' title='bbox 107 2780 156 2831; x_wconf 93' lang='lat' dir='ltr'>ter</span> <span class='ocrx_word' id='word_1_195' title='bbox 178 2765 359 2850; x_wconf 86' lang='lat' dir='ltr'>nuncupari</span> <span class='ocrx_word' id='word_1_196' title='bbox 383 2764 423 2829; x_wconf 89' lang='lat' dir='ltr'>ab</span> <span class='ocrx_word' id='word_1_197' title='bbox 451 2765 614 2850; x_wconf 86' lang='lat' dir='ltr'>indigenis</span> <span class='ocrx_word' id='word_1_198' title='bbox 640 2764 741 2850; x_wconf 92' lang='lat' dir='ltr'>idque</span> <span class='ocrx_word' id='word_1_199' title='bbox 767 2765 808 2829; x_wconf 87' lang='lat' dir='ltr'>ad</span> <span class='ocrx_word' id='word_1_200' title='bbox 831 2766 928 2830; x_wconf 89' lang='lat' dir='ltr'>fidem</span> <span class='ocrx_word' id='word_1_201' title='bbox 949 2765 1131 2830; x_wconf 85' lang='lat' dir='ltr'>faciendam</span> <span class='ocrx_word' id='word_1_202' title='bbox 1153 2791 1215 2852; x_wconf 88' lang='lat' dir='ltr'>pu-</span> 
     </span>
     <span class='ocr_line' id='line_1_25' title="bbox 107 2865 1216 2953; baseline 0 -21"><span class='ocrx_word' id='word_1_203' title='bbox 107 2869 186 2933; x_wconf 87' lang='lat' dir='ltr'>tavit</span> <span class='ocrx_word' id='word_1_204' title='bbox 207 2868 280 2953; x_wconf 91' lang='lat' dir='ltr'>plus</span> <span class='ocrx_word' id='word_1_205' title='bbox 303 2865 426 2952; x_wconf 87' lang='lat' dir='ltr'>pollere</span> <span class='ocrx_word' id='word_1_206' title='bbox 450 2889 548 2950; x_wconf 89' lang='lat' dir='ltr'>quam</span> <span class='ocrx_word' id='word_1_207' title='bbox 568 2866 786 2931; x_wconf 88' lang='lat' dir='ltr'>testimonium</span> <span class='ocrx_word' id='word_1_208' title='bbox 808 2877 940 2952; x_wconf 88' lang='lat' dir='ltr'>poetae,</span> <span class='ocrx_word' id='word_1_209' title='bbox 961 2867 1114 2952; x_wconf 91' lang='lat' dir='ltr'>idemque</span> <span class='ocrx_word' id='word_1_210' title='bbox 1137 2891 1216 2932; x_wconf 87' lang='lat' dir='ltr'>ana·</span> 
     </span>
     <span class='ocr_line' id='line_1_26' title="bbox 106 2960 1215 3055; baseline -0.002 -20"><span class='ocrx_word' id='word_1_211' title='bbox 106 2970 215 3055; x_wconf 86' lang='lat' dir='ltr'>logiae</span> <span class='ocrx_word' id='word_1_212' title='bbox 234 2968 479 3033; x_wconf 83' lang='lat' dir='ltr'>convenientius</span> <span class='ocrx_word' id='word_1_213' title='bbox 491 2968 659 3051; x_wconf 80' lang='lat' dir='ltr'>judicavit.</span> <span class='ocrx_word' id='word_1_214' title='bbox 695 2967 782 3033; x_wconf 87' lang='lat' dir='ltr'>Nam</span> <span class='ocrx_word' id='word_1_215' title='bbox 796 2963 923 3055; x_wconf 71' lang='grc' dir='ltr'><em>Ἰθώμη</em></span> <span class='ocrx_word' id='word_1_216' title='bbox 938 2960 1103 3034; x_wconf 87' lang='lat' dir='ltr'>intellectu</span> <span class='ocrx_word' id='word_1_217' title='bbox 1119 2980 1215 3046; x_wconf 87' lang='lat' dir='ltr'>caret,</span> 
     </span>
     <span class='ocr_line' id='line_1_27' title="bbox 112 3065 1217 3156; baseline -0.002 -21"><span class='ocrx_word' id='word_1_218' title='bbox 112 3072 213 3156; x_wconf 72' lang='grc' dir='ltr'><strong><em>Θιίιιιρ</em></strong></span> <span class='ocrx_word' id='word_1_219' title='bbox 245 3092 321 3134; x_wconf 90' lang='lat' dir='ltr'>vero</span> <span class='ocrx_word' id='word_1_220' title='bbox 356 3069 498 3134; x_wconf 90' lang='lat' dir='ltr'>concinit</span> <span class='ocrx_word' id='word_1_221' title='bbox 529 3067 695 3132; x_wconf 85' lang='lat' dir='ltr'>vocabulis</span> <span class='ocrx_word' id='word_1_222' title='bbox 730 3067 855 3130; x_wconf 85' lang='lat' dir='ltr'>usitatis</span> <span class='ocrx_word' id='word_1_223' title='bbox 882 3065 1002 3149; x_wconf 76' lang='grc' dir='ltr'><strong><em>θιομδς</em></strong></span> <span class='ocrx_word' id='word_1_224' title='bbox 1028 3079 1061 3131; x_wconf 89' lang='lat' dir='ltr'>et</span> <span class='ocrx_word' id='word_1_225' title='bbox 1088 3071 1217 3153; x_wconf 73' lang='grc' dir='ltr'><strong><em>θημιδν,</em></strong></span> 
     </span>
     <span class='ocr_line' id='line_1_28' title="bbox 107 3166 1216 3257; baseline -0.001 -22"><span class='ocrx_word' id='word_1_226' title='bbox 107 3194 194 3257; x_wconf 88' lang='lat' dir='ltr'>qnae</span> <span class='ocrx_word' id='word_1_227' title='bbox 217 3182 389 3256; x_wconf 83' lang='lat' dir='ltr'>aggestum</span> <span class='ocrx_word' id='word_1_228' title='bbox 409 3182 441 3234; x_wconf 95' lang='lat' dir='ltr'>et</span> <span class='ocrx_word' id='word_1_229' title='bbox 465 3178 696 3253; x_wconf 84' lang='lat' dir='ltr'>exaggeratum</span> <span class='ocrx_word' id='word_1_230' title='bbox 717 3167 879 3246; x_wconf 88' lang='lat' dir='ltr'>indicant,</span> <span class='ocrx_word' id='word_1_231' title='bbox 911 3166 975 3232; x_wconf 90' lang='lat' dir='ltr'>hoc</span> <span class='ocrx_word' id='word_1_232' title='bbox 1001 3178 1107 3233; x_wconf 88' lang='lat' dir='ltr'>autern</span> <span class='ocrx_word' id='word_1_233' title='bbox 1138 3192 1216 3236; x_wconf 90' lang='lat' dir='ltr'>con-</span> 
     </span>
     <span class='ocr_line' id='line_1_29' title="bbox 106 3266 1218 3356; baseline -0.001 -18"><span class='ocrx_word' id='word_1_234' title='bbox 106 3273 195 3338; x_wconf 91' lang='lat' dir='ltr'>venit</span> <span class='ocrx_word' id='word_1_235' title='bbox 212 3272 301 3336; x_wconf 87' lang='lat' dir='ltr'>urbis</span> <span class='ocrx_word' id='word_1_236' title='bbox 322 3271 409 3336; x_wconf 90' lang='lat' dir='ltr'>illius</span> <span class='ocrx_word' id='word_1_237' title='bbox 433 3270 576 3356; x_wconf 90' lang='lat' dir='ltr'>epitheto</span> <span class='ocrx_word' id='word_1_238' title='bbox 593 3266 758 3333; x_wconf 89' lang='lat' dir='ltr'>homerico</span> <span class='ocrx_word' id='word_1_239' title='bbox 779 3268 1019 3352; x_wconf 80' lang='grc' dir='ltr'><strong><em>κλιομιικόεοοα</em></strong></span> <span class='ocrx_word' id='word_1_240' title='bbox 1041 3270 1108 3336; x_wconf 88' lang='lat' dir='ltr'>sive</span> <span class='ocrx_word' id='word_1_241' title='bbox 1133 3297 1218 3356; x_wconf 81' lang='lat' dir='ltr'>upra-</span> 
     </span>
     <span class='ocr_line' id='line_1_30' title="bbox 107 3371 1217 3457; baseline -0.002 -17"><span class='ocrx_word' id='word_1_242' title='bbox 107 3375 282 3457; x_wconf 84' lang='grc' dir='ltr'><strong><em>μακδεσοα</em></strong></span> <span class='ocrx_word' id='word_1_243' title='bbox 304 3374 339 3438; x_wconf 95' lang='lat' dir='ltr'>id</span> <span class='ocrx_word' id='word_1_244' title='bbox 362 3383 410 3437; x_wconf 87' lang='lat' dir='ltr'>est</span> <span class='ocrx_word' id='word_1_245' title='bbox 428 3373 548 3438; x_wconf 84' lang='lat' dir='ltr'>clivosa</span> <span class='ocrx_word' id='word_1_246' title='bbox 566 3381 598 3436; x_wconf 92' lang='lat' dir='ltr'>et</span> <span class='ocrx_word' id='word_1_247' title='bbox 616 3371 811 3456; x_wconf 83' lang='lat' dir='ltr'>confragosa</span> <span class='ocrx_word' id='word_1_248' title='bbox 829 3371 890 3447; x_wconf 89' lang='lat' dir='ltr'>vel,</span> <span class='ocrx_word' id='word_1_249' title='bbox 915 3371 1092 3457; x_wconf 84' lang='lat' dir='ltr'>utPolybii</span> <span class='ocrx_word' id='word_1_250' title='bbox 1112 3372 1217 3438; x_wconf 88' lang='lat' dir='ltr'>verbis</span> 
     </span>
     <span class='ocr_line' id='line_1_31' title="bbox 108 3471 1219 3560; baseline 0.001 -20"><span class='ocrx_word' id='word_1_251' title='bbox 108 3487 189 3551; x_wconf 85' lang='lat' dir='ltr'>utar,</span> <span class='ocrx_word' id='word_1_252' title='bbox 213 3473 313 3552; x_wconf 83' lang='grc' dir='ltr'><strong><em>πόλις</em></strong></span> <span class='ocrx_word' id='word_1_253' title='bbox 335 3474 617 3560; x_wconf 71' lang='grc' dir='ltr'><strong><em>περινικλαομὲνρ</em></strong></span> <span class='ocrx_word' id='word_1_254' title='bbox 641 3472 696 3538; x_wconf 80' lang='grc' dir='ltr'>καὶ</span> <span class='ocrx_word' id='word_1_255' title='bbox 716 3471 886 3558; x_wconf 73' lang='grc' dir='ltr'><strong><em>βουνιάδος</em></strong></span> <span class='ocrx_word' id='word_1_256' title='bbox 906 3474 971 3538; x_wconf 83' lang='grc' dir='ltr'>ΙΧ.</span> <span class='ocrx_word' id='word_1_257' title='bbox 993 3474 1045 3550; x_wconf 80' lang='lat'>21,</span> <span class='ocrx_word' id='word_1_258' title='bbox 1063 3476 1092 3540; x_wconf 82' lang='lat'>7.</span> <span class='ocrx_word' id='word_1_259' title='bbox 1117 3475 1152 3541; x_wconf 92' lang='lat' dir='ltr'>id</span> <span class='ocrx_word' id='word_1_260' title='bbox 1170 3489 1219 3543; x_wconf 89' lang='lat' dir='ltr'>est</span> 
     </span>
     <span class='ocr_line' id='line_1_32' title="bbox 108 3572 1217 3645; baseline 0.002 -4"><span class='ocrx_word' id='word_1_261' title='bbox 108 3576 266 3642; x_wconf 90' lang='lat' dir='ltr'>montium</span> <span class='ocrx_word' id='word_1_262' title='bbox 294 3572 491 3638; x_wconf 84' lang='lat' dir='ltr'>anfractibus</span> <span class='ocrx_word' id='word_1_263' title='bbox 518 3573 630 3638; x_wconf 86' lang='lat' dir='ltr'>incisa.</span> <span class='ocrx_word' id='word_1_264' title='bbox 673 3575 848 3639; x_wconf 88' lang='lat' dir='ltr'>Praetereo</span> <span class='ocrx_word' id='word_1_265' title='bbox 871 3575 934 3639; x_wconf 87' lang='lat' dir='ltr'>alia</span> <span class='ocrx_word' id='word_1_266' title='bbox 953 3576 1099 3643; x_wconf 89' lang='lat' dir='ltr'>locorum</span> <span class='ocrx_word' id='word_1_267' title='bbox 1120 3601 1217 3645; x_wconf 88' lang='lat' dir='ltr'>voca-</span> 
     </span>
     <span class='ocr_line' id='line_1_33' title="bbox 108 3671 1219 3761; baseline 0.004 -19"><span class='ocrx_word' id='word_1_268' title='bbox 108 3678 194 3754; x_wconf 86' lang='lat' dir='ltr'>bula,</span> <span class='ocrx_word' id='word_1_269' title='bbox 219 3699 357 3761; x_wconf 87' lang='lat' dir='ltr'>quorum</span> <span class='ocrx_word' id='word_1_270' title='bbox 372 3685 503 3759; x_wconf 88' lang='lat' dir='ltr'>etymon</span> <span class='ocrx_word' id='word_1_271' title='bbox 520 3674 665 3739; x_wconf 89' lang='lat' dir='ltr'>funditus</span> <span class='ocrx_word' id='word_1_272' title='bbox 681 3675 858 3759; x_wconf 87' lang='lat' dir='ltr'>ignoratur,</span> <span class='ocrx_word' id='word_1_273' title='bbox 871 3671 996 3743; x_wconf 79' lang='grc' dir='ltr'><strong><em>’Ίσινδοι</em></strong></span> <span class='ocrx_word' id='word_1_274' title='bbox 1018 3678 1095 3744; x_wconf 91' lang='lat' dir='ltr'>urbs</span> <span class='ocrx_word' id='word_1_275' title='bbox 1111 3680 1219 3746; x_wconf 89' lang='lat' dir='ltr'>ionica</span> 
     </span>
     <span class='ocr_line' id='line_1_34' title="bbox 110 3775 1216 3868; baseline 0.001 -24"><span class='ocrx_word' id='word_1_276' title='bbox 110 3791 143 3844; x_wconf 89' lang='lat' dir='ltr'>et</span> <span class='ocrx_word' id='word_1_277' title='bbox 165 3780 274 3853; x_wconf 78' lang='grc' dir='ltr'><strong><em>Σίνδοι,</em></strong></span> <span class='ocrx_word' id='word_1_278' title='bbox 293 3775 443 3843; x_wconf 71' lang='lat' dir='ltr'>‘lonasio</span> <span class='ocrx_word' id='word_1_279' title='bbox 466 3787 498 3841; x_wconf 86' lang='lat' dir='ltr'>et</span> <span class='ocrx_word' id='word_1_280' title='bbox 518 3776 649 3841; x_wconf 81' lang='grc' dir='ltr'><strong><em>Σπανιόι</em></strong></span> <span class='ocrx_word' id='word_1_281' title='bbox 670 3796 699 3840; x_wconf 87' lang='lat' dir='ltr'>v.</span> <span class='ocrx_word' id='word_1_282' title='bbox 714 3776 893 3842; x_wconf 87' lang='lat' dir='ltr'>Bernhard.</span> <span class='ocrx_word' id='word_1_283' title='bbox 918 3779 959 3843; x_wconf 84' lang='lat' dir='ltr'>ad</span> <span class='ocrx_word' id='word_1_284' title='bbox 968 3779 1070 3846; x_wconf 88' lang='lat' dir='ltr'>Dion.</span> <span class='ocrx_word' id='word_1_285' title='bbox 1094 3804 1126 3868; x_wconf 87' lang='lat' dir='ltr'>p.</span> <span class='ocrx_word' id='word_1_286' title='bbox 1144 3781 1216 3847; x_wconf 86' lang='lat'>885.</span> 
     </span>
     <span class='ocr_line' id='line_1_35' title="bbox 108 3877 1216 3972; baseline 0 -26"><span class='ocrx_word' id='word_1_287' title='bbox 108 3880 228 3946; x_wconf 90' lang='lat' dir='ltr'>Miller.</span> <span class='ocrx_word' id='word_1_288' title='bbox 250 3877 358 3943; x_wconf 84' lang='lat' dir='ltr'>Praei.</span> <span class='ocrx_word' id='word_1_289' title='bbox 382 3877 425 3942; x_wconf 89' lang='lat' dir='ltr'>ad</span> <span class='ocrx_word' id='word_1_290' title='bbox 444 3877 602 3943; x_wconf 89' lang='lat' dir='ltr'>Marcian.</span> <span class='ocrx_word' id='word_1_291' title='bbox 617 3964 623 3972; x_wconf 27' lang='grc' dir='ltr'>Ι</span> <span class='ocrx_word' id='word_1_292' title='bbox 629 3902 663 3964; x_wconf 91' lang='lat' dir='ltr'>p.</span> <span class='ocrx_word' id='word_1_293' title='bbox 687 3878 746 3946; x_wconf 88' lang='lat' dir='ltr'>VI.</span> <span class='ocrx_word' id='word_1_294' title='bbox 775 3878 955 3964; x_wconf 87' lang='lat' dir='ltr'>eademque</span> <span class='ocrx_word' id='word_1_295' title='bbox 975 3882 1082 3946; x_wconf 86' lang='lat' dir='ltr'>Pania</span> <span class='ocrx_word' id='word_1_296' title='bbox 1108 3906 1127 3946; x_wconf 90' lang='lat' dir='ltr'>a</span> <span class='ocrx_word' id='word_1_297' title='bbox 1150 3884 1216 3947; x_wconf 89' lang='lat' dir='ltr'>Pa-</span> 
     </span>
     <span class='ocr_line' id='line_1_36' title="bbox 111 3977 1219 4070; baseline 0.003 -24"><span class='ocrx_word' id='word_1_298' title='bbox 111 3981 206 4046; x_wconf 87' lang='lat' dir='ltr'>nibus</span> <span class='ocrx_word' id='word_1_299' title='bbox 236 3980 359 4045; x_wconf 86' lang='lat' dir='ltr'>scilicet</span> <span class='ocrx_word' id='word_1_300' title='bbox 388 3977 501 4044; x_wconf 88' lang='lat' dir='ltr'>Liberi</span> <span class='ocrx_word' id='word_1_301' title='bbox 531 3980 631 4065; x_wconf 87' lang='lat' dir='ltr'>patris</span> <span class='ocrx_word' id='word_1_302' title='bbox 661 3980 932 4046; x_wconf 84' lang='lat' dir='ltr'>commilitonibus</span> <span class='ocrx_word' id='word_1_303' title='bbox 955 3982 989 4046; x_wconf 93' lang='lat' dir='ltr'>in</span> <span class='ocrx_word' id='word_1_304' title='bbox 1010 3981 1119 4047; x_wconf 90' lang='lat' dir='ltr'>Iberia</span> <span class='ocrx_word' id='word_1_305' title='bbox 1142 3995 1219 4070; x_wconf 86' lang='lat' dir='ltr'>post</span> 
     </span>
    </p>
   </div>
   <div class='ocr_carea' id='block_1_3' title="bbox 109 4215 1220 4378">
    <p class='ocr_par' dir='ltr' id='par_1_3' title="bbox 109 4215 1220 4378">
     <span class='ocr_line' id='line_1_37' title="bbox 179 4215 1220 4294; baseline -0.001 -23"><span class='ocrx_word' id='word_1_306' title='bbox 179 4219 210 4287; x_wconf 80' lang='lat' dir='ltr'>a)</span> <span class='ocrx_word' id='word_1_307' title='bbox 221 4217 338 4272; x_wconf 87' lang='lat' dir='ltr'>Rossius</span> <span class='ocrx_word' id='word_1_308' title='bbox 351 4215 379 4271; x_wconf 90' lang='lat' dir='ltr'>in</span> <span class='ocrx_word' id='word_1_309' title='bbox 392 4216 464 4272; x_wconf 88' lang='lat' dir='ltr'>libro</span> <span class='ocrx_word' id='word_1_310' title='bbox 479 4220 514 4272; x_wconf 86' lang='lat' dir='ltr'>da</span> <span class='ocrx_word' id='word_1_311' title='bbox 528 4216 615 4271; x_wconf 90' lang='lat' dir='ltr'>demis</span> <span class='ocrx_word' id='word_1_312' title='bbox 628 4216 714 4272; x_wconf 82' lang='lat' dir='ltr'>Attio.</span> <span class='ocrx_word' id='word_1_313' title='bbox 727 4235 756 4288; x_wconf 87' lang='lat' dir='ltr'>p.</span> <span class='ocrx_word' id='word_1_314' title='bbox 769 4216 809 4269; x_wconf 79' lang='lat'>35.</span> <span class='ocrx_word' id='word_1_315' title='bbox 823 4217 938 4271; x_wconf 83' lang='lat' dir='ltr'>eosdem</span> <span class='ocrx_word' id='word_1_316' title='bbox 958 4232 1019 4271; x_wconf 80' lang='lat' dir='ltr'>csse</span> <span class='ocrx_word' id='word_1_317' title='bbox 1036 4225 1117 4290; x_wconf 81' lang='lat' dir='ltr'>putat</span> <span class='ocrx_word' id='word_1_318' title='bbox 1134 4219 1220 4294; x_wconf 75' lang='grc' dir='ltr'><strong><em>διιρο,</em></strong></span> 
     </span>
     <span class='ocr_line' id='line_1_38' title="bbox 109 4299 1070 4378; baseline 0.004 -20"><span class='ocrx_word' id='word_1_319' title='bbox 109 4301 234 4378; x_wconf 62' lang='lat' dir='ltr'>quana</span> <span class='ocrx_word' id='word_1_320' title='bbox 245 4303 274 4359; x_wconf 89' lang='lat' dir='ltr'>in</span> <span class='ocrx_word' id='word_1_321' title='bbox 287 4303 375 4360; x_wconf 83' lang='lat' dir='ltr'>lusor.</span> <span class='ocrx_word' id='word_1_322' title='bbox 388 4303 425 4360; x_wconf 86' lang='lat' dir='ltr'>X.</span> <span class='ocrx_word' id='word_1_323' title='bbox 437 4302 594 4361; x_wconf 82' lang='lat' dir='ltr'>nominatos</span> <span class='ocrx_word' id='word_1_324' title='bbox 609 4305 637 4358; x_wconf 86' lang='lat' dir='ltr'>b.</span> <span class='ocrx_word' id='word_1_325' title='bbox 655 4321 681 4358; x_wconf 91' lang='lat' dir='ltr'>e.</span> <span class='ocrx_word' id='word_1_326' title='bbox 695 4299 822 4377; x_wconf 69' lang='grc' dir='ltr'>φύλακας</span> <span class='ocrx_word' id='word_1_327' title='bbox 834 4306 877 4371; x_wconf 77' lang='grc' dir='ltr'>τῆς</span> <span class='ocrx_word' id='word_1_328' title='bbox 888 4299 1070 4378; x_wconf 71' lang='grc' dir='ltr'><strong><em>δνροπδιῑιως.</em></strong></span> 
     </span>
    </p>
   </div>
   <div class='ocr_carea' id='block_1_4' title="bbox 0 0 1378 4778">
    <p class='ocr_par' dir='ltr' id='par_1_4' title="bbox 0 0 1378 4778">
     <span class='ocr_line' id='line_1_39' title="bbox 0 0 1378 4778; baseline 0 0"><span class='ocrx_word' id='word_1_329' title='bbox 0 0 1378 4778; x_wconf 95' lang='lat' dir='ltr'> </span> 
     </span>
    </p>
   </div>
  </div>
 </body>
</html>
