2736 4778
164 355 242 429 aso
374 382 377 389 ·
458 347 779 416 nusnucmo
807 347 855 414 11.
896 347 990 415 us
1169 376 1173 387 -

84 601 88 609 ,
165 538 285 624 loquor
306 534 349 602 de
370 533 538 619 adjectivis
560 535 595 600 ia
616 525 687 614 ὦᾷ
726 537 857 602 Horum
881 534 948 601 ulia
967 556 1044 603 mm
1062 533 1289 603 συνοίσουσι-

166 639 276 727 posita
294 646 380 714 sunt,
401 633 590 718 σιολοχόος,
607 633 803 725 φυλλοχόος,
819 635 884 702 dia
904 649 1041 704 accentu
1060 636 1191 704 divam
1208 659 1289 704 cum

164 737 352 807 nominibus
379 733 560 819 πολύχους,
593 734 788 822 λιγύπνοος,
824 732 983 825 ὅξύγυος,
1021 735 1192 820 ποχύνοος
1221 750 1288 806 etc.

164 842 255 909 Inter
275 840 356 906 haec
376 859 454 904 vero
476 837 597 903 eminet
616 834 820 926 χειμάρῤοος
840 839 932 925 quod
949 839 984 904 in
1001 860 1100 928 prose
1118 837 1184 905 diei
1199 839 1290 908 solet

164 938 365 1032 χειμάῤῥοος
379 939 544 1004 intellectu
562 938 754 1025 plerumque
766 938 967 1008 substantivo
977 941 1151 1008 Demosth.
1161 940 1288 1028 Polyb.

163 1042 261 1111 xlv.
282 1042 337 1119 41,
359 1039 390 1105 9.
415 1040 484 1107 Dio
503 1038 597 1106 Cass.
607 1040 720 1108 XLV.
737 1039 790 1106 38.
812 1050 847 1106 et
865 1040 906 1107 ai.
928 1064 958 1108 ν.
979 1041 1216 1128 Wytteubach.
1241 1043 1288 1110 ed

163 1144 252 1211 Plut.
271 1142 322 1207 -de
336 1139 443 1208 Educ.
469 1163 504 1227 p.
527 1141 600 1208 101.
621 1151 655 1208 et
674 1139 752 1207 hnic
771 1141 972 1209 nominativo
992 1143 1188 1230 subjiciendi
1208 1155 1289 1212 eunt

165 1243 291 1329 obliqui
312 1264 409 1309 cesus
431 1242 488 1329 qui
509 1244 599 1330 apud
614 1243 746 1310 Atticos
768 1243 975 1331 reperiuntur
992 1241 1181 1331 χιιμᾶῤῥων
1196 1246 1287 1314 Pisa

163 1344 275 1432 lagg.
295 1345 337 1412 V.
361 1343 433 1410 736.
455 1345 500 1410 A.
518 1341 716 1432 χειμᾶῤῥοις
733 1345 838 1433 Soph.
855 1357 917 1412 etc.
962 1346 1032 1414 Sec
1055 1346 1144 1413 idem
1164 1346 1289 1415 dicim

163 1443 344 1534 χοίμοῤῥος
375 1446 460 1512 κατὰ
494 1442 665 1533 συγιοσὴν
694 1444 754 1511 καὶ
781 1441 944 1515 ἀνάδοσιν
970 1453 1032 1514 τοῦ
1060 1445 1161 1515 τόνου
1187 1449 1286 1517 Ense

165 1547 245 1626 858,
270 1547 389 1628 38.³¹)
420 1569 486 1632 quo
513 1544 696 1612 Pausanias
721 1547 823 1612 utitur
849 1547 877 1614 Ι.
904 1548 957 1626 35,
987 1548 1018 1613 6.
1047 1548 1094 1614 II.
1115 1549 1168 1628 36,
1192 1551 1223 1616 ’1.
1253 1560 1288 1618 et

166 1672 327 1737 suppares
348 1673 379 1715 v.
399 1646 543 1716 Ellendt.
566 1646 610 1711 ed
634 1647 766 1714 Arriam
790 1649 850 1717 Iv.
871 1650 903 1727 3,
923 1650 956 1715 4.
985 1649 1045 1715 sed
1064 1650 1286 1738 improbeturc

160 1744 371 1834 Ἡρωδιονός
393 1771 496 1835 φησιν
519 1741 574 1812 ὅτι
593 1743 794 1835 χειμάρρσυς
812 1751 929 1838 ῥητέον
950 1744 1027 1818 ἀλλ’
1054 1747 1114 1833 οὐχ
1135 1748 1182 1830 ὥς
1197 1778 1287 1833 τινες

163 1848 355 1935 χοίμοῤῥος,
383 1846 441 1914 καὶ
461 1840 659 1933 χειμάῤῥοοι
680 1840 757 1913 ἀλλ’
780 1842 818 1914 οὐ
841 1849 1017 1939 χείμαρῤοι
1039 1846 1086 1929 ὡς
1106 1849 1138 1920 oi
1160 1850 1288 1923 πολλοὶ

164 1974 271 2041 φασιν
291 1951 386 2018 Euat
406 1947 481 2026 496,
502 1947 556 2013 44.
581 1945 722 2012 Pluralis
744 1946 797 2014 hic
814 1948 987 2037 ambiguus
1005 1962 1072 2031 est,
1095 1976 1172 2019 nam
1189 1964 1223 2020 et
1238 1954 1285 2022 ab

165 2052 264 2117 attico
286 2047 485 2138 χειμάρῥοος
505 2048 610 2136 repeti
629 2059 740 2136 potest
755 2059 788 2115 et
804 2072 824 2116 e
841 2050 968 2139 vulgari
984 2053 1172 2140 χείμαῤῥος,
1193 2055 1286 2123 unde

164 2153 288 2240 pendet
307 2152 364 2217 ille
385 2151 427 2216 de
449 2160 585 2216 accentu
608 2149 787 2237 disputatio
809 2151 843 2216 in
866 2152 979 2220 Schol.
1001 2152 1044 2220 ab
1066 2154 1106 2219 11.
1125 2154 1186 2222 IV.
1206 2157 1285 2225 452.

163 2252 295 2318 Etenim
326 2251 537 2318 Ptolemaeus
567 2250 622 2315 hic
652 2247 828 2338 χειμάῤῥοι
867 2253 1019 2338 ποταμοί
1060 2255 1158 2321 scribi
1183 2259 1288 2342 jussit

87 2385 89 2388 ·
164 2362 260 2419 acuta
291 2351 470 2440 penultima
499 2362 656 2436 tanquam
687 2373 709 2416 ιι
732 2362 821 2418 recto
853 2350 1054 2444 χειμάῤῥους
1087 2357 1286 2428 declinatum

164 2464 315 2520 manente
336 2463 474 2520 accentu
492 2462 530 2517 ut
545 2450 684 2518 ἔσιίελοι
695 2499 703 2530 ,
725 2448 920 2537 nuptiales,
942 2449 1107 2542 ὃλιγόχοι,
1129 2455 1284 2543 πολύχοι,

165 2579 249 2642 quae
277 2554 507 2640 Theophrasto
536 2573 643 2637 nuper
671 2573 689 2616 e
719 2553 818 2620 codd.
844 2555 994 2621 restituta
1023 2568 1100 2622 sunt
1124 2582 1185 2646 pro
1216 2583 1285 2628 non

164 2655 338 2723 contructis
363 2649 533 2739 ὀλιγόχοοι
557 2663 590 2717 et
613 2649 783 2734 πολύχοοι.
819 2657 1030 2723 Herodianus
1049 2682 1125 2725 vero
1142 2657 1285 2746 χείμαῤ·

165 2761 218 2844 ῥοι
240 2764 533 2842 properoxytonon
558 2752 636 2819 iecit
662 2749 717 2821 ἵνα
743 2752 780 2821 ἐκ
805 2761 864 2824 τοῦ
884 2753 1084 2847 χειμάρῥοος
1105 2753 1125 2848 ᾖ
1147 2762 1285 2848 γεγονὸς

165 2852 233 2942 ei‘yc
264 2856 392 2940 μᾶλλον
425 2855 650 2942 ἕνεελέστερον
681 2846 755 2922 oica
785 2854 824 2924 τὸ
855 2854 965 2925 ἑνικὸν
993 2859 1028 2927 ἒν
1055 2863 1095 2948 τῇ
1125 2860 1284 2930 συνθέσει

166 2952 386 3044 (βαθὺῥροος,
408 2949 594 3044 ἆψόρῥοος)
617 2945 690 3044 iio&
707 2957 963 3044 συνηλιμμένον,
986 2983 1027 3024 ex
1047 2982 1112 3047 quo
1129 2960 1183 3027 ille
1201 2984 1283 3028 con-

164 3058 267 3127 cludit
294 3056 453 3145 plurelem
479 3057 570 3123 illum
598 3080 665 3124 non
690 3065 896 3126 aconuaoto
917 3056 1117 3152 χειμάῤῥους
1138 3061 1284 3129 declina-

164 3172 233 3227 tum
254 3159 314 3225 sed
334 3182 375 3226 ex
402 3160 529 3245 integro
550 3157 745 3248 χειμάρῥοοι
767 3171 968 3228 contractum
995 3184 1067 3228 esse
1090 3173 1226 3228 accentu
1246 3165 1282 3231 in

165 3261 453 3348 antepenultimam
484 3260 654 3337 translat03
684 3261 775 3346 quod
807 3262 945 3329 fortasse
975 3263 1052 3329 ideo
1075 3264 1196 3330 iactum
1217 3289 1282 3353 pu·

165 3363 245 3428 tevit
271 3360 349 3447 quie
377 3370 607 3447 paroxytonon
636 3383 697 3448 pro
728 3362 957 3429 inclinamentc
984 3365 1174 3431 nominativi
1201 3388 1281 3433 cou-

164 3463 256 3529 tracti
281 3458 481 3547 χειμάῤῥοος
503 3459 616 3525 haberi
638 3461 760 3547 possit3
784 3462 848 3529 hoc
872 3476 980 3530 sutem
993 3468 1175 3533 Homerum
1198 3490 1282 3555 quo·

166 3563 209 3627 sd
241 3572 356 3648 posset
387 3561 584 3627 abstinuisse
614 3562 767 3648 dicitu).
823 3564 935 3630 Licuit
971 3567 1070 3632 etiem
1100 3567 1282 3654 χειμάροος

235 3812 282 3881 31)
301 3811 397 3868 Minus
413 3819 491 3868 recte
510 3832 539 3886 p.
553 3815 612 3879 125,
626 3816 667 3870 13.
682 3832 828 3888 apocopen
846 3817 982 3889 appellet.

235 3925 283 3993 et)
304 3922 349 3978 Ab
367 3921 546 3978 haereticae
566 3923 721 3980 desciscere
740 3925 852 3981 videtur
871 3945 955 3999 quum
976 3928 1130 3999 genitivum
1148 3930 1281 4003 adjectivi

167 4005 261 4074 εὔξοος
273 4008 307 4065 11.
323 4008 362 4064 X.
377 4009 436 4063 373.
453 4026 509 4064 nou
524 4016 555 4063 ut
569 4007 745 4065 Ptolemaeus
765 4009 844 4073 ιῦξοῦ
861 4011 999 4069 scriberet
1016 4015 1094 4086 qussi
1114 4017 1185 4071 crasi
1205 4034 1280 4071 eom-

166 4105 279 4166 pectum
293 4100 343 4151 sed
357 4092 437 4160 ιῦξου
451 4091 489 4158 oie
503 4090 585 4152 εὔνου
599 4101 732 4166 tanquam
745 4097 921 4167 holcpethes.
949 4099 1021 4154 Num
1036 4104 1112 4172 apud
1126 4102 1280 4157 Homerum

167 4180 329 4250 saepissime
344 4181 449 4252 legitur
463 4177 557 4244 ιῦξοος
571 4189 601 4236 et
616 4178 747 4251 ἀγχίνοος
762 4182 939 4255 simplexque
959 4180 1019 4246 νόος
1038 4187 1183 4257 permultis
1202 4186 1281 4250 iocis,

167 4266 232 4326 νοῦς
249 4266 345 4322 semel.
379 4270 422 4324 Dc
442 4266 562 4340 synizesi
581 4284 663 4322 nemo
682 4268 826 4338 cogitavit.
856 4267 967 4339 Ἐϋέὀου
985 4272 1082 4327 ἔνδοθι
1100 4270 1163 4342 νηός
1180 4272 1280 4338 Quint.
