2736 4778
189 383 231 450 al
569 376 848 447 DISSERTATIO
880 379 934 445 VI

189 545 367 627 cumalpha
382 542 470 609 brevi
492 543 524 609 in
536 541 765 626 diphthongum
787 541 996 609 contrahitur:
1020 544 1111 634 σέλᾳ,
1133 539 1234 635 γήρᾳ,
1261 547 1322 614 sed

190 649 263 729 quia
285 647 385 729 ypsilo
407 645 562 711 subscribi
589 646 711 726 nequit,
745 645 917 711 contramio
947 649 1145 727 cognoscitur
1177 666 1218 714 ex
1248 649 1322 715 sola

189 751 287 816 ectasi
310 749 427 815 vocalis
449 749 562 814 comite
585 766 642 813 suo
664 746 851 824 destitutae;
873 748 957 828 quod
978 748 1139 816 imitantes
1150 752 1320 833 parciores

188 852 317 935 quidam
333 852 402 916 iota
424 851 602 916 dativorum
622 867 746 932 quoque
768 842 846 936 ini
866 850 1046 921 exeuntium
1064 851 1319 933 compendifece·

189 960 277 1021 nint:
301 953 376 1020 σέλα
400 950 507 1040 πυρὸς
530 946 737 1033 αἰθομένοιο,
762 956 799 1014 ut
819 955 870 1015 est
890 951 923 1016 in
945 951 1012 1017 cod.
1024 951 1095 1017 Vnt
1111 953 1229 1035 Theog.
1241 954 1320 1040 868,

190 1062 224 1122 et
249 1056 309 1122 hoc
336 1054 429 1120 modo
456 1053 553 1118 etiam
582 1051 657 1137 γένυ
689 1050 732 1134 [v.
754 1051 838 1117 Diss.
860 1051 939 1116 VIII
965 1071 1032 1134 cap.
1055 1055 1084 1118 V
1112 1055 1139 1140 ξ.
1165 1056 1207 1140 1.]
1256 1056 1319 1136 Qui

190 1157 280 1244 γένυΐ
298 1155 492 1234 maluerunt
509 1153 710 1234 aequalitatis
732 1154 888 1219 rationem
909 1156 1035 1236 sequuti
1052 1163 1128 1223 sunt
1148 1157 1208 1224 bos
1220 1176 1318 1227 casus

189 1259 274 1342 apud
305 1262 417 1340 poetas
448 1274 511 1321 non
543 1255 636 1321 aliter
658 1254 840 1322 scribendos
866 1274 938 1323 esse
964 1264 1114 1339 putantes
1145 1279 1244 1342 quam
1281 1269 1319 1329 ut

189 1362 283 1443 vulgo
304 1359 342 1425 fit
362 1360 395 1425 ln
417 1376 560 1424 sermone
583 1356 694 1422 soluto.
738 1355 887 1425 Ceterum
908 1360 996 1427 nulla
1017 1380 1092 1444 pars
1106 1363 1262 1429 orationis
1284 1365 1318 1457 in

185 1467 216 1537 ἦ
239 1464 305 1529 exit
325 1467 453 1544 praeter
474 1458 626 1525 adverbia
647 1459 776 1526 Aeolica
798 1458 900 1548 πήλινα
922 1465 994 1547 iq.
1017 1464 1113 1552 ιηλοῑ
1133 1469 1194 1530 etc

275 1564 370 1630 Haud
392 1564 539 1646 aequiore
572 1562 677 1629 animo
708 1560 816 1628 ferrmt
841 1563 1069 1649 diphthongum
1096 1584 1255 1633 consonae
1284 1570 1317 1635 in

189 1670 301 1736 eadem
323 1667 458 1733 dIctione
480 1669 701 1747 praeeuntem,
735 1665 800 1731 sive
823 1684 862 1731 ea
884 1666 1037 1748 syllabam
1058 1666 1142 1748 finit,
1170 1669 1237 1734 sire
1262 1689 1315 1736 or-

190 1770 283 1838 ditur.
327 1769 411 1835 Illud
432 1772 520 1834 octat
541 1764 777 1833 Choeroboscus
799 1768 839 1834 de
855 1768 1014 1836 nonnos.
1029 1769 1077 1851 15,
1100 1769 1171 1836 EM.
1185 1771 1259 1836 775.
1272 1771 1315 1839 2³

189 1878 249 1941 τοῦ
271 1864 352 1952 υἷος,
377 1862 423 1939 υἷι
445 1864 466 1956 ἡ
489 1864 608 1937 εὐθεῖα
630 1863 671 1935 οὔ
688 1877 905 1960 συναιροῖται·
940 1868 1099 1940 οὐδέποτε
1132 1873 1194 1960 γὰρ
1227 1874 1316 1956 μετὰ

189 1976 249 2064 τὴν
280 1978 310 2048 ἶ.
338 1970 500 2061 ἐπάγεται
533 1966 725 2058 σύμφωνον,
758 1990 817 2039 nec
837 1972 939 2040 refelli
966 1978 1085 2056 potest3
1117 1993 1192 2040 nam
1228 1978 1316 2058 quod

189 2099 247 2164 pro
268 2077 390 2164 μοΐνδα
414 2077 579 2160 aliquoties
601 2075 730 2157 irrepsit
750 2074 948 2159 bisyllabnm,
971 2078 1064 2143 nauci
1084 2096 1146 2143 non
1169 2084 1229 2143 est
1267 2080 1315 2145 Ac

190 2184 366 2250 Romanum
387 2198 511 2262 quoque
538 2178 696 2243 hominem
719 2176 866 2255 θυιοοονυ
889 2178 1004 2245 Graeci
1031 2180 1124 2246 aliter
1150 2181 1313 2262 appellare

190 2303 252 2352 non
273 2289 408 2367 possunt
427 2300 523 2365 quam
546 2277 694 2371 Κόϊντονν
708 2280 810 2346 literis
822 2281 958 2347 diductis
975 2282 1025 2347 vel
1038 2279 1173 2361 Κύννον,
1196 2302 1225 2348 ν.
1236 2284 1313 2350 Wa-

190 2387 309 2456 nowski
330 2386 457 2467 Antiqq.
481 2383 569 2449 Rom.
582 2381 633 2447 21.
648 2420 683 2430 —-
705 2382 788 2449 Ante
811 2401 980 2449 consonam
1000 2385 1161 2467 proximae
1183 2390 1219 2452 et
1238 2404 1313 2452 con·

190 2490 319 2556 tinentis
342 2486 482 2571 syllabae
503 2501 561 2566 pro
584 2486 612 2555 I.
634 2485 837 2551 substituitur
857 2486 980 2568 ypsilon
1001 2487 1134 2569 simplex
1155 2488 1188 2553 in
1212 2488 1312 2554 demi·

189 2592 315 2671 nutius,
337 2608 419 2672 quae
430 2588 648 2668 Theognostus
670 2586 762 2652 affert
772 2586 847 2653 Can.
861 2588 984 2657 lanan
1006 2593 1070 2674 μῦς
1084 2586 1315 2675 panispernae

191 2692 245 2759 καὶ
268 2689 303 2758 ἐν
326 2693 474 2778 συγκοπῇ
496 2690 556 2754 τοῦ
578 2691 591 2757 ἶ
610 2685 744 2772 μύδιον·
766 2693 826 2755 τοῦ
844 2689 906 2778 γὰρ
928 2696 950 2762 ὗ
969 2692 1057 2763 ani]
1074 2697 1314 2780 συνοιροθῆνοι

190 2795 236 2881 pr)
259 2791 446 2876 δυναμένων
468 2789 525 2858 διὰ
549 2790 586 2857 τὸ
609 2790 778 2877 μηδέποτε
801 2790 858 2880 τὴν
881 2798 906 2865 ὁ.
933 2795 1006 2876 (sic)
1034 2794 1091 2863 inl
1118 2794 1234 2873 τέλους
1261 2796 1313 2864 λέ·

191 2897 274 2975 ξενος
295 2895 378 2979 μετὰ
403 2888 581 2982 συμφώνου
603 2888 830 2977 εὑρίσκεσθαι,
854 2893 1014 2974 ἐξέπεσεν.
1060 2896 1222 2979 Syncopae
1243 2900 1313 2979 qui-

191 3000 264 3066 dem
285 2999 337 3065 bic
358 2998 464 3064 nullus
485 2997 573 3061 locus
596 2995 703 3060 datur:
726 2997 908 3077 synaeresin
931 3000 1036 3081 arguit
1046 3000 1206 3080 quantitas
1222 3007 1313 3067 ante·

191 3103 392 3186 penultimae,
414 3118 495 3182 quae
517 3099 550 3164 in
571 3098 630 3164 hoc
651 3099 812 3164 nominum
833 3117 948 3182 genere
971 3102 1142 3184 longeest
1165 3096 1313 3188 cipridem

192 3204 351 3285 Aristopln
374 3203 478 3284 Frgm.
503 3200 537 3266 T.
559 3200 592 3265 II
616 3198 708 3281 1152,
730 3198 909 3287 βοτρύδοον
930 3202 1018 3268 Alea
1041 3202 1092 3268 Fr.
1116 3202 1150 3267 T.
1166 3203 1216 3270 ῙΠ
1237 3202 1312 3286 462,

192 3303 347 3390 ἰχθύδιον
382 3306 414 3369 in
448 3303 555 3368 multis
588 3303 776 3369 comicorum
810 3304 947 3385 locis²)3
985 3303 1022 3369 cI
1050 3305 1181 3370 Elcmm.
1204 3306 1222 3371 I
1248 3307 1313 3374 282

193 3409 300 3494 [Proll.
313 3406 399 3492 358}
434 3406 513 3473 Cum
531 3405 581 3471 hIs
594 3406 806 3472 Buttmannus
818 3407 846 3490 ξ.
857 3405 900 3471 28
911 3406 1015 3472 adn3
1032 3426 1061 3489 p.
1077 3405 1137 3472 106
1153 3412 1315 3489 componit

192 3513 362 3592 optativos,
399 3528 477 3593 quos
510 3509 706 3592 grammatici
742 3509 852 3574 eodem
884 3514 1034 3576 revocant
1065 3510 1208 3592 quamvis
1230 3510 1313 3578 Ialso

74 3694 77 3698 .
191 3614 315 3679 nomine
328 3631 482 3696 syncopae
504 3613 562 3692 usi,
588 3606 776 3697 ζουγνὺμην,
801 3613 932 3678 donativo
945 3617 1003 3677 etc.
1026 3611 1313 3680 calamantum

192 3718 275 3782 Ante
287 3717 365 3781 alias
376 3715 613 3781 terminationes
636 3713 723 3779 nulla
743 3711 781 3778 fit
794 3714 978 3780 contractio:
998 3711 1119 3798 δυῖκός,
1143 3712 1313 3798 ἒμπυϊκός,

193 3815 412 3902 αἳμοπνυΐκός,
432 3812 589 3895 naccinae,
603 3811 755 3898 vicenos,
772 3810 865 3898 ὖΐζω,
884 3815 1016 3896 maban,
1031 3815 1202 3903 Ipnoi‘cxro
1213 3820 1313 3902 etc.³).

268 3941 448 3949 ....--—-—-

278 4005 307 4069 θ)
326 4007 471 4073 Corripitur
488 4005 539 4058 hoc
556 4021 573 4057 a
590 4005 674 4071 poetis
691 4005 797 4058 novitiis
806 4006 887 4062 Antlr.
897 4006 935 4059 XI
952 4004 1004 4061 lot
1022 4008 1113 4060 eadem
1133 4009 1240 4061 lieentia
1259 4025 1314 4076 qua

193 4095 315 4164 γέφυρα,
333 4087 454 4159 λάγυνος
471 4098 530 4156 ate,
547 4108 573 4144 v.
591 4092 691 4144 Jacobs
709 4089 770 4143 adn.
787 4086 830 4143 ab.
858 4093 1014 4158 synaeresis
1031 4092 1080 4144 illa
1099 4108 1154 4145 non
1171 4094 1315 4148 adhibetur

193 4178 341 4242 vocabulis,
360 4194 430 4245 qnae
446 4179 549 4230 literam
567 4177 736 4244 Pythagorae
754 4179 781 4229 in
798 4178 902 4246 syllaba
918 4179 1057 4246 principali
1073 4180 1186 4246 positam
1196 4179 1314 4234 habent:

120 4270 123 4281 '
193 4259 329 4324 πτοΐδιον,
348 4257 447 4329 ὖΐδιον,
465 4260 581 4318 acidior.

217 4349 231 4383 ⁴·
279 4344 1313 4423 tlmwpiaaopmsponsoresqteappvtonopaaruncinarumrodam.
