2736 4778
284 356 341 424 DE
363 356 760 425 Pnoscunuutusno
796 357 900 426 nm
924 357 957 426 Ο.
970 359 1011 426 11.
1035 361 1062 446 §-
1075 361 1104 427 4.
1192 361 1255 427 247

134 522 273 588 vicissim
295 541 388 588 nemo
411 522 490 588 dixit
523 517 625 610 ἀρχῆς
657 519 806 610 ἐμισήθη
839 543 896 606 pro
925 519 1072 612 ἀρχῆθεν
1104 525 1154 591 vel
1177 551 1256 593 παι-

133 618 237 690 δόθεν
259 622 450 711 συνηθίσθη
475 623 565 713 αἰνῷ
587 621 702 708 proin
726 625 868 694 παίδων.
913 627 1058 710 Denique
1079 628 1163 693 inter
1184 647 1256 710 pro·

133 729 268 807 nomina,
291 728 375 792 unde
397 727 476 794 haec
497 729 670 812 disputatio
693 728 835 812 prolecta
858 736 916 811 est
939 737 973 796 et
994 730 1144 797 adverbia
1159 731 1256 798 etiam

132 830 191 896 boc
213 829 401 895 discriminis
423 830 599 911 intercedit,
622 833 707 914 quod
728 832 791 897 illis
815 849 952 899 consona
973 831 1076 898 linalis
1093 852 1255 915 nunquam

133 931 266 1012 decedit
288 932 337 997 bis
360 933 553 1015 saepissime.
603 933 654 999 llli
689 934 756 1000 veri
788 935 918 1016 genitivi
947 942 1021 1001 sunt
1048 937 1159 1002 eadem
1192 955 1255 1018 quo

132 1034 293 1116 primitiva
315 1034 556 1117 significatione,
579 1054 678 1119 quare
699 1038 973 1119 proschematistis
995 1037 1252 1108 adnumerantur.

131 1137 360 1203 Adverbiorum
383 1139 445 1204 duo
468 1142 590 1206 tantum
623 1140 682 1205 hoo
703 1141 828 1206 nomine
852 1139 1030 1221 dignamur,
1064 1135 1186 1212 ῶνενθε
1221 1152 1254 1214 et

132 1232 266 1324 direpta,
290 1258 372 1322 quae
395 1261 414 1307 a
435 1242 599 1326 bispllabis
621 1243 699 1308 nihil
714 1241 871 1323 differunt,
895 1243 956 1308 nisi
978 1245 1063 1325 quod
1084 1246 1252 1316 haecnun·

131 1360 226 1424 quam
248 1361 311 1408 non
333 1358 442 1411 casum
463 1346 496 1410 in
518 1345 670 1411 comitatu
691 1345 826 1426 habent,
848 1347 1115 1428 praepositionem
1138 1358 1253 1432 autem,

130 1463 225 1527 quarn
248 1441 416 1515 ἀπάνευθε
439 1453 472 1514 et
493 1444 669 1533 ἀπάτερθε
692 1453 899 1529 attraxerunt
923 1469 943 1515 a
965 1469 1000 1516 se
1021 1453 1175 1519 reiiciunt.
1220 1454 1254 1521 Si

130 1566 205 1614 vero
229 1544 378 1636 ἐγγύθεν,
402 1546 555 1617 κάτωθεν
589 1556 622 1618 et
643 1552 706 1617 alia
738 1570 796 1633 pro
817 1555 993 1635 prototppis
1014 1560 1188 1637 ponuntur,
1221 1559 1254 1623 id

130 1651 257 1717 minime
279 1658 467 1735 perpetuum
491 1660 555 1735 est,
589 1654 647 1720 sed
667 1653 876 1737 proficiscitur
908 1656 959 1722 vel
992 1658 1174 1741 aprolepsi
1202 1661 1252 1727 vel

130 1754 170 1820 ab
181 1755 325 1837 enallage
343 1757 531 1822 relationum
553 1758 715 1838 localium;
738 1763 854 1824 natura
865 1762 972 1823 autem
984 1759 1145 1842 syllabam,
1169 1781 1251 1845 quae

128 1877 186 1939 pro
208 1858 349 1923 additiva
369 1858 513 1939 habetur,
537 1859 777 1943 significabilem
799 1860 926 1927 habent.

215 1961 263 2027 Ab
285 1960 438 2041 omnibus,
462 1980 543 2044 quae
565 1963 719 2029 hactenus
741 1964 903 2046 disputata
925 1969 1008 2045 suut
1032 1965 1167 2033 discedit
1185 1968 1248 2034 Ho-

127 2064 245 2130 merica
278 2064 371 2132 dictio
400 2063 585 2131 11.V1197
620 2063 711 2156 λδβη
744 2063 824 2134 τόδε
857 2061 884 2151 γ’
918 2066 1050 2134 ἔσσεται
1084 2064 1252 2136 αἰνόθεν

128 2163 263 2245 αἰνῶς,
287 2187 424 2251 nemque
447 2169 633 2236 adverbium
655 2170 734 2236 illud
756 2169 832 2235 alibi
854 2189 917 2235 non
937 2170 1068 2252 legitur,
1091 2190 1252 2254 quumque

127 2271 286 2352 permulta
325 2272 390 2338 sint
426 2273 583 2340 adiectiva
615 2274 803 2357 qualitatem
838 2271 1063 2356 significantia,
1106 2270 1251 2364 αἰσχρός,

128 2365 262 2456 ἶν’θίνος,
288 2367 417 2462 ἰόγριος,
441 2372 560 2457 δειλός,
585 2379 693 2465 δῆλος,
718 2378 850 2466 φαῦλος
872 2383 946 2457 ete,
968 2381 1076 2442 tamen
1097 2378 1176 2443 nulli
1196 2398 1250 2446 eo·

124 2495 196 2542 rum
218 2475 359 2543 affictum
381 2484 431 2543 est
454 2479 638 2546 adverbium
659 2479 706 2546 illi
728 2479 840 2546 simile.
884 2480 951 2546 Nec
979 2480 1083 2546 minus
1110 2481 1248 2549 insolen-

125 2580 190 2645 tiae
222 2580 320 2647 habet
351 2582 485 2648 duorum
516 2583 657 2650 eiusdem
687 2583 795 2665 stirpis
818 2583 1038 2649 adverbiorum
1063 2585 1248 2654 coniunctio.

126 2681 321 2750 scholiastae
354 2685 452 2769 priori
480 2685 740 2769 significationem
766 2686 913 2753 tribuunt
943 2687 1016 2753 huic
1040 2691 1149 2769 generi
1176 2709 1248 2772 pro-

125 2787 242 2867 priam:
266 2781 336 2854 δπό
359 2793 416 2855 τοῦ
430 2793 541 2858 δεινοῦ
553 2792 676 2868 δεινῶς,
699 2787 811 2856 δόσει
833 2792 948 2858 δεινῶν
966 2792 1160 2878 δεινοτέρας
1183 2794 1248 2859 sive

126 2887 161 2954 ἐκ
184 2892 248 2954 τῶν
271 2884 514 2976 (ὑπαρχόντων)
538 2895 652 2959 δεινῶν
675 2892 765 2976 δεινὴ
787 2890 882 2959 ε”οεαι
905 2888 924 2979 ἦ
948 2891 1037 2980 λώβη
1060 2887 1157 2980 ἤγουν
1180 2899 1247 2963 δει-

125 2989 253 3079 νοτάτη.
300 2991 360 3059 Hic
381 2993 478 3075 igitur
499 2993 699 3076 periphrasin
710 2993 895 3074 superlativi
906 2997 1028 3078 accipit
1053 3015 1116 3077 qua
1125 3000 1248 3064 ratione

126 3096 356 3161 terminationis
378 3097 501 3180 topicae
523 3101 669 3162 servatur
689 3100 833 3178 potestas
854 3098 990 3179 propria
1022 3100 1096 3167 Veri
1114 3102 1247 3167 similius

124 3197 250 3264 videtur
271 3193 409 3267 αἰνόθεν
431 3200 541 3266 eodem
562 3199 727 3266 intellectu
759 3216 821 3281 quo
855 3196 952 3280 αἰνῶς
979 3205 1118 3284 positum
1151 3210 1246 3287 atque

124 3300 186 3366 duo
214 3301 365 3368 adverbia
398 3303 561 3385 qualitatis
594 3303 682 3368 iuxta
709 3304 813 3384 posita
839 3323 910 3370 esse
944 3324 1001 3389 por
1035 3307 1245 3389 dissologlam

125 3422 220 3486 qnam
258 3406 374 3471 clarius
414 3405 572 3486 expressit
604 3407 779 3490 Aeschylus
812 3409 900 3475 Pers.
934 3408 997 3477 909
1032 3408 1123 3493 (925)
1152 3404 1245 3476 ’Λεία

122 3508 214 3589 χθων
237 3504 336 3587 αἰνῶς
359 3503 457 3586 αἰνῶς
485 3506 542 3575 lul
571 3505 649 3594 γόνυ
672 3509 825 3580 κέκλεται.
868 3511 911 3576 Et
932 3511 1008 3577 alibi
1030 3512 1192 3579 adiectivis
1214 3513 1246 3578 in

124 3611 301 3678 accusativo
335 3612 495 3679 collocatis
530 3613 677 3680 continno
709 3614 888 3681 subduntur
921 3616 1071 3692 adverbia
1105 3615 1246 3682 eiusdem

123 3714 231 3797 stirpis
253 3720 291 3780 ut
313 3713 406 3797 Soph.
428 3715 477 3782 El.
503 3715 564 3782 198
587 3712 682 3795 δόλος
703 3717 759 3784 καί
783 3716 867 3804 ἔρως
889 3718 1000 3786 δεινὰν
1023 3723 1139 3797 δεινῶς
1167 3714 1244 3806 ἐφό-

123 3841 241 3884 νευσαν
261 3812 410 3905 μορφάν,
434 3823 468 3884 et
488 3817 684 3902 frequentius
707 3820 861 3903 epitheto,
895 3822 980 3904 quod
1007 3824 1047 3889 ad
1070 3822 1246 3888 subiectum

124 3922 280 3988 enuntiati
290 3921 438 4002 pertinet,
449 3921 581 3989 Philota
595 3921 656 3989 165
680 3925 864 4012 θηροβαλεῖ
883 3926 1045 4012 ομογερδς
1067 3928 1244 4011 σμυγερῶς,

123 4024 218 4090 Arist.
242 4023 318 4090 Aah.
340 4024 404 4091 253
437 4017 457 4111 ἡ
491 4022 643 4115 θυγάτηρ
676 4027 714 4092 τό
747 4030 867 4092 κανοῦν
896 4027 980 4112 καλὴ
1008 4028 1118 4103 καλῶς
1147 4023 1244 4103 οἰάεν,

122 4147 184 4210 quo
208 4128 248 4194 de
270 4146 387 4210 genere
408 4129 647 4209 paronomasiae
669 4130 806 4211 plurima
827 4128 939 4210 collegi
961 4129 993 4192 in
1016 4129 1131 4194 Parall.
1143 4128 1186 4194 58
1197 4148 1242 4212 sq.

124 4230 214 4308 Quod
248 4251 322 4297 vero
344 4230 511 4297 Homerico
544 4231 590 4295 illi
623 4231 821 4315 aequiparari
855 4232 936 4296 solet
958 4228 1104 4296 V11226
1138 4231 1178 4296 σὺ
1213 4228 1241 4298 d'

121 4330 227 4402 εἰοεαι
251 4328 368 4402 οἰόθεν
391 4326 458 4414 οἰας
480 4333 581 4400 simile
604 4335 664 4402 dici
686 4340 803 4417 posset
840 4334 867 4402 si
891 4333 970 4414 αἰανς
991 4334 1165 4416 legeretur3
1187 4335 1244 4401 sed
