2736 4778
169 324 233 393 DE
258 322 478 393 SYNCOPE
497 320 642 388 UNIUS
663 319 884 388 vocffls.
906 319 946 387 0.
958 321 1018 389 V1.
1035 324 1061 408 ξ.
1078 322 1109 388 2.
1132 328 1207 406 333

135 553 137 557 -
180 514 206 597 ξ.
227 512 259 576 2.
303 508 480 579 Vocalium
495 506 635 583 ultima,
662 505 739 591 quis
764 507 797 571 in
823 506 940 573 iisdem
967 510 1132 578 vocabulis
1154 536 1207 581 se·

98 614 173 678 dem
204 609 391 676 instabilem
421 606 535 686 habet,
565 606 768 673 exemtilibus
799 608 1003 674 adnumerari
1039 614 1138 680 solet:
1171 615 1208 682 ἐν

95 719 157 782 τοῦ
183 709 329 779 Παιάων
357 713 418 777 τοῦ
448 737 485 776 ω
501 708 723 792 σιιγκοπένιος
751 707 874 794 γίνεται
905 707 1020 776 Παιάν
1057 708 1103 791 ὡς
1131 713 1208 783 Ἅλ-

97 812 195 900 κμοὶν,
210 808 365 894 Ἀιισ9όν
390 813 483 878 Eust.
509 809 608 889 1275,
639 811 692 875 40.
717 834 814 896 quam
841 810 1046 878 affectionem
1069 814 1209 903 Stepha-

97 940 160 983 nus
184 937 318 1039 quoque
337 914 519 1000 significare
539 892 668 978 videtur
691 907 788 978 Ἰάων
815 914 874 979 καὶ
892 907 1000 1000 Ίόων·
1029 939 1066 980 εκ
1093 917 1131 984 δι’
1150 923 1210 986 τοῦ

95 1011 191 1083 'Iolcos
213 1017 250 1081 ιό
271 1010 345 1082 Ἰόν.
391 1015 459 1083 Sed
480 1011 625 1080 Παιάων
645 1015 794 1100 ignotum
821 1024 872 1079 est
900 1026 933 1079 et
961 1015 1083 1103 pariter
1105 1011 1210 1107 Ἰήων,

101 1119 190 1183 unde
215 1112 379 1238 ΗΙρονιρθε
406 1115 509 1183 Anth.
537 1115 632 1181 Plan.
659 1116 732 1181 295.
776 1117 817 1181 ln
844 1115 918 1182 loco
948 1116 1107 1183 lacunoso
1135 1117 1211 1185 Ste-

100 1219 204 1308 phani
230 1215 422 1284 Λυκάων
400 1217 506 1254 ””
533 1243 591 1284 και
583 1211 734 1284 Λοκόν
765 1211 810 1294 ὡς
838 1214 997 1301 μεγιστάν
1022 1219 1211 1286 Meinekius

101 1321 186 1388 κατὰ
208 1314 376 1408 συγκοπήν
397 1320 559 1387 excidisse
572 1331 680 1408 putat3
704 1318 855 1403 equidem
873 1331 1008 1406 propter
1023 1323 1212 1408 appositum

101 1416 259 1508 μεγιστόν
283 1421 474 1507 suspicabar
494 1420 585 1486 illum
603 1417 721 1496 Λύκος
741 1429 895 1505 tanquam
915 1421 1111 1508 primitivum
1126 1436 1211 1490 attu-

100 1524 177 1588 lisse
202 1522 286 1589 siout
304 1523 505 1610 Apollonius
527 1545 601 1588 cum
625 1521 828 1587 substantivo
852 1522 907 1588 illo
930 1536 1096 1612 comparat
1119 1522 1214 1605 ξινός

101 1620 214 1705 ξυνόν,
241 1648 307 1711 quo
329 1625 479 1692 usitatius
502 1638 552 1690 est
573 1619 713 1712 ξονήων,
740 1646 801 1689 nec
832 1624 981 1710 ignotum
1009 1624 1152 1712 ξιινώνθ)
1177 1639 1214 1693 ut

101 1722 210 1804 κοινός
229 1723 350 1794 κοινών
374 1723 497 1794 κοινάν.
530 1725 644 1792 Rebus
662 1725 811 1790 omnibus
829 1726 1041 1792 consideratis
1056 1726 1114 1792 hos
1131 1750 1213 1815 gen·

101 1828 274 1893 tiliciorum
308 1839 341 1893 et
373 1830 581 1916 propriorum
608 1827 802 1892 variationes
830 1850 941 1913 neque
973 1829 1016 1894 ad
1045 1851 1214 1918 syncopen

102 1952 207 2013 neque
230 1929 274 1994 ad
300 1929 397 1994 aliam
418 1930 623 1996 affectionem
644 1928 705 1993 sed
733 1929 776 1992 ad
798 1927 930 1993 arbitria
950 1931 1142 2016 fingentium
1161 1954 1213 1997 re·

102 2031 180 2096 iero.
224 2031 361 2117 Aegon,
389 2032 480 2116 quod
501 2031 679 2100 Salmasius
705 2030 838 2097 Valerio
860 2030 981 2096 Flacco
1003 2030 1115 2095 tribuit
1136 2054 1214 2117 pro·

103 2131 202 2197 bante
222 2131 420 2199 Vallrenario
452 2133 495 2196 ad
516 2131 667 2197 Phoenn.
688 2152 718 2195 v.
744 2130 814 2196 196.
844 2132 933 2196 nullo
959 2132 1032 2196 cod.
1055 2133 1215 2200 firmatum

106 2245 171 2309 est;
191 2231 289 2319 vulgo
311 2256 398 2298 mare
420 2237 573 2318 Αιριιοιιοι
593 2233 725 2310 dicitnr,
748 2255 864 2318 graece
884 2229 1005 2320 Αἴγων
1022 2256 1104 2300 sono
1125 2236 1215 2323 gravi

107 2334 141 2399 in
161 2334 262 2401 Anth.
285 2348 318 2401 et
339 2336 472 2423 saepius
495 2332 653 2416 Αἰγαίων
674 2357 703 2399 v.
725 2335 873 2421 Interpp.
897 2335 938 2400 ad
956 2336 1035 2403 Eur.
1055 2338 1128 2403 Alc.
1141 2339 1214 2406 606.

108 2435 210 2522 (595).
252 2437 317 2503 His
338 2450 445 2504 rectae
467 2435 640 2525 positionis
668 2436 825 2523 exemplis
848 2437 1045 2522 adjiciuntur
1068 2439 1134 2504 duo
1156 2462 1215 2526 ge·

107 2559 184 2603 nera
203 2538 430 2605 derivatorum.
468 2539 614 2604 Primum
628 2537 845 2624 gentidcium:
862 2535 1031 2626 Ζεφύριον
1044 2538 1216 2629 Ζιφνριώ·

104 2666 163 2728 της
184 2641 242 2707 καὶ
264 2645 417 2731 οσγιιοπῇ
439 2643 627 2729 Ζιφορίιης
647 2634 693 2716 ὡς
719 2639 880 2726 Θρονίτος
907 2640 1024 2727 Steph.
1048 2663 1133 2728 quae
1154 2666 1216 2709 no·

105 2741 156 2806 bis
178 2741 288 2828 potius
309 2741 489 2828 interrupto
515 2741 722 2808 derivationis
745 2753 858 2808 tenore
881 2741 921 2807 ab
950 2742 1072 2809 ultimis
1093 2746 1215 2833 prinoi-

105 2842 170 2930 piis
203 2843 345 2932 ζέφυρος
375 2855 408 2909 et
440 2839 564 2930 θρόνος
594 2843 733 2930 repetita
757 2844 917 2909 videntur.
962 2844 1049 2912 Tum
1072 2849 1218 2915 vocalem

105 2948 246 3033 longam,
270 2968 368 3030 quam
390 2944 542 3012 adverbia
563 2945 753 3030 quaedam
744 2969 780 3008 ιιι
802 2951 863 3010 θον
885 2948 1036 3011 exeuntia
1056 2960 1130 3014 ante
1151 2951 1218 3034 syl·

106 3049 215 3115 labam
235 3047 381 3112 ultimam
402 3046 620 3124 habent,t
571 3047 735 3112 interdum
763 3045 967 3112 exterminari
990 3047 1218 3115 Grammaticis

108 3152 315 3216 decantatum
336 3160 401 3225 est;
432 3149 468 3214 ἐκ
494 3153 555 3214 τοῦ
583 3144 698 3234 πρόσω
727 3142 907 3232 πρόσωθεν
931 3146 988 3212 καὶ
1010 3147 1045 3214 ἐν
1067 3154 1219 3241 σογκοπῆ

107 3252 260 3337 πρόσ9εν
280 3251 390 3337 Epim.
403 3249 449 3314 11.
467 3248 541 3325 402,
563 3247 615 3313 25.
638 3248 695 3334 qui
716 3270 784 3315 non
806 3248 1032 3317 animadvertit
1052 3251 1132 3317 haec
1153 3274 1220 3319 non

108 3352 219 3440 specie
242 3350 347 3417 solum
369 3350 517 3428 differre,
544 3349 726 3415 sedetiam
754 3349 930 3417 intellectu.
943 3351 975 3437 θ)
1018 3353 1096 3418 Ηοο
1123 3354 1218 3421 nobi·

176 3599 205 3667 8)
218 3598 328 3653 Nomen
342 3595 460 3669 Trojani
480 3596 623 3669 cujusdam
639 3604 683 3650 est
693 3589 799 3651 Λυκόν
817 3598 893 3670 apud
906 3596 1040 3664 Quintum
1058 3618 1111 3658 nec
1129 3609 1219 3658 muta·

110 3684 150 3738 vit
168 3684 306 3755 Koechly,
323 3685 375 3738 sed
393 3683 556 3739 Diodorfius
573 3682 602 3737 in
618 3683 702 3737 Thes.
722 3680 893 3738 homericum
911 3684 1016 3741 Λύκων
1033 3688 1132 3762 reponi
1149 3688 1217 3744 vult.

109 3772 153 3826 Ab
168 3791 224 3826 uno
242 3770 400 3842 eodemque
413 3769 552 3842 principio
573 3786 630 3825 non
648 3770 738 3823 solum
751 3770 867 3843 propria
884 3774 1017 3846 Δίδυμος,
1038 3772 1173 3845 Διδύμων
1191 3782 1220 3829 et

109 3857 284 3928 Didymeon
302 3857 417 3929 (Virgil.
419 3859 431 3925 )
444 3864 600 3929 propagata
610 3864 676 3910 sunt
686 3858 737 3911 sed
749 3856 833 3912 etiam
846 3857 1013 3928 adjectivum
1026 3855 1179 3930 διδνμόων.

177 3942 345 4011 9)οοιιίιιοο
360 3943 455 3999 Schol.
468 3943 502 3997 Il.
516 3941 624 4008 XXIII,
637 3943 696 3996 533.
710 3941 739 3998 sd
754 3941 915 4016 πρόσσοθεν
929 3951 1112 4016 συγκέκοπται
1125 3947 1156 3999 lx
1171 3946 1221 4001 soti

110 4020 300 4098 πρόσωθεν-
309 4039 338 4085 et
349 4048 414 4085 mox
426 4026 618 4099 cursoratque
635 4050 657 4083 ω
632 4016 734 4091 μεὶς
732 4050 761 4096 ο,
778 4033 833 4086 hoc
847 4037 891 4084 est
903 4048 938 4085 ex
957 4026 1105 4099 πρόσωθεν
1116 4029 1221 4085 lactum

111 4130 171 4168 esse
190 4135 241 4184 ορ
237 4106 340 4184 σοθιν,
359 4117 540 4171 exhocvero
560 4109 896 4189 πρόσθιν.11ριίοοο9ιν
915 4133 976 4169 cum
995 4114 1093 4176 ἔξοθιν
1111 4117 1222 4171 content

112 4199 206 4254 Schol.
219 4199 303 4257 Dion.
316 4221 345 4274 p.
359 4205 418 4256 sto.
432 4218 591 4275 quanquam
604 4199 632 4254 in
646 4199 695 4254 illo
713 4198 830 4256 Homeri
842 4200 907 4253 loco
921 4195 1044 4255 ἐλαύνων
1061 4195 1221 4276 πρόσσοθεν

110 4287 214 4349 ἵππους
225 4304 282 4341 non
296 4283 444 4362 πρόσωθεν
456 4287 630 4358 significatur
642 4287 694 4341 sed
706 4286 752 4340 ἕο)
765 4283 794 4340 τό
811 4281 944 4361 πρόσθεν.
