2736 4778
128 299 208 375 392
416 293 736 361 DISSERTATIO
760 294 806 360 ΙΙ.
850 294 891 360 P.
913 295 960 361 11.
1062 356 1069 367 ,

128 481 211 547 ΕΜ.
240 477 297 556 52,
329 477 380 543 18.
410 477 589 565 opponitsu
620 478 729 566 gravis
758 489 891 546 auctor:
925 474 944 547 ὁ
979 479 1018 548 δὲ
1037 473 1250 567 Ἡρωδιανός

132 603 217 670 φησι
233 577 279 667 pt)
299 580 454 666 γίνεσθαι
477 576 537 647 δύο
559 582 732 666 συλλαβῶν
753 574 932 670 συγκοπήν.
966 579 1165 666 Quanquam
1186 581 1249 647 du·

127 681 225 749 bituri
249 692 360 768 potest
388 705 467 747 num
494 681 522 747 is
553 676 639 747 de'
618 678 805 770 ακραιφνὴς
828 681 983 769 loquutus
1014 682 1071 761 sit,
1098 683 1247 768 quod
1221 707 1250 749 ιι

127 783 179 849 sic
200 793 237 847 ιιι
256 782 311 847 ille
333 782 413 848 dicit
435 782 673 849 conformatum
693 794 760 861 est,
781 806 848 849 non
871 785 955 850 duae
977 784 1156 870 syllabae
1145 797 1249 853 mter·

127 893 287 951 aruerunt
322 884 382 949 sed
416 884 542 970 syllaba
567 911 586 955 ο
613 896 646 951 et
676 885 761 951 duae
788 885 918 951 vocales
947 897 1019 954 set
1040 913 1073 953 α.
1123 891 1178 955 Ac
1206 912 1250 956 ne

127 985 194 1053 hoe
216 985 350 1071 quidem
374 986 495 1053 Orioni
513 986 740 1063 concedimus3
768 1009 846 1052 nam
867 999 901 1053 et
920 1010 981 1075 per
999 1010 1036 1055 se
1057 989 1251 1059 incredibile

130 1099 183 1155 est
210 1099 244 1154 et
272 1087 321 1152 vis
347 1087 438 1153 verbi
466 1085 593 1175 φαίνω,
624 1111 709 1174 quae
736 1088 772 1154 in
792 1086 1022 1178 pernoctantis,
1049 1091 1252 1181 θηλυφανής

129 1201 193 1257 etc
217 1201 373 1312 apparet,
402 1189 437 1254 in
456 1188 512 1253 illo
538 1212 606 1255 non
633 1189 832 1277 agnoscitur.
875 1183 987 1254 Alii’
966 1187 1154 1280 ακραιφνής
1175 1188 1250 1261 ἀπὸ

130 1297 190 1362 τοῦ
221 1285 415 1379 deponaris
447 1293 506 1357 τοῦ
534 1316 552 1356 o
581 1289 765 1378 τραπέντος
798 1286 847 1370 εἷς
876 1317 914 1356 αι
946 1284 993 1368 ὡς
1023 1287 1251 1412 pcpctndlroc

128 1393 212 1461 ΕΜ.
239 1393 261 1456 l.
290 1412 317 1463 c
351 1386 539 1476 quidam’
517 1386 705 1480 ακραιφιής
737 1386 840 1459 οἱονεί
871 1384 1089 1480 α’κηροφανής
1118 1393 1249 1460 Anecd

126 1494 236 1563 Bekk.
268 1492 343 1560 366.
400 1491 494 1560 Suid.
529 1491 703 1578 Quidquid
738 1491 893 1577 elegeris,
928 1492 1044 1558 durum
1076 1504 1136 1559 est.
1180 1494 1251 1563 Sed

133 1607 310 1664 transeant.
353 1588 529 1682 Σφιόανόν
559 1589 715 1678 σημαίνει
744 1590 933 1659 insensatis
960 1591 1019 1657 καί
1047 1614 1249 1680 neocorense-

126 1697 231 1783 μένοι
247 1688 320 1763 οἷοι
339 1688 564 1782 σῳειδονηδόι
576 1685 646 1760 ἀπὸ
660 1695 718 1779 τῆς
732 1693 929 1781 σφενδονῆς·
954 1688 1059 1770 οὕτως
1071 1687 1248 1783 Ἀρίσταρ-

127 1821 189 1881 χος
210 1795 323 1864 Schol.
335 1794 374 1859 11.
391 1794 456 1859 XI.
469 1793 541 1859 165.
585 1793 652 1858 Hie
673 1801 780 1858 tamen
802 1815 969 1881 syncopae
989 1794 1080 1859 nulla
1100 1795 1139 1861 fit
1154 1818 1248 1862 men·

132 1897 179 1963 tio
202 1897 262 1964 sed
284 1895 422 1963 affinitas
442 1895 541 1961 modo
563 1895 733 1979 utriusque
752 1895 842 1960 vocis
858 1894 1040 1961 declaratur
1061 1918 1160 1981 quam
1176 1897 1248 1963 aliis

129 1998 292 2087 exemplis
316 1996 473 2062 illustravi
497 1997 532 2063 in
555 1995 680 2063 Techn.
708 1995 802 2080 761)
846 1996 1009 2080 Majorem
1040 2018 1140 2080 quam
1166 1997 1249 2065 baec

131 2101 242 2168 omnia
273 2121 348 2165 oum
380 2119 526 2185 syncope
561 2096 805 2163 similitudinem
836 2096 935 2162 babet
966 2096 1088 2163 herbae
1119 2120 1249 2179 nomen,

132 2223 231 2289 quam
240 2199 456 2266 Dioscorides
468 2194 706 2284 κραταιόγονον
717 2208 823 2276 vocat,
846 2197 1094 2284 Theophrastus
1110 2195 1249 2286 κράται-

127 2326 190 2390 γον
216 2300 374 2385 additque
402 2300 542 2365 fructum
564 2301 633 2384 ejus
662 2299 770 2366 facere
794 2299 837 2364 ad
866 2298 1122 2365 foecunditatem
1145 2299 1251 2388 (πρὸς

102 2399 169 2471 ,τὸ
190 2396 327 2488 γόνιμοι
348 2392 461 2484 εἶναι).
506 2400 558 2466 Ita
580 2410 688 2464 autem
712 2399 868 2465 credibile
891 2400 927 2463 iit
957 2400 1115 2466 sermonis
1138 2402 1249 2487 quoti·

125 2502 221 2569 diani
242 2501 445 2587 negligentia
465 2511 498 2566 et
524 2501 652 2566 tertiam
672 2501 847 2586 syllabam,
879 2522 965 2586 quae
992 2525 1033 2567 cx
1054 2524 1120 2567 una
1142 2502 1249 2569 vocali

127 2612 274 2680 constat,
305 2603 483 2688 emigrasse
510 2614 543 2668 et
571 2613 704 2687 quartae
737 2603 976 2688 quintaequeo
1011 2614 1044 2667 et
1072 2629 1097 2668 ν.
1164 2602 1249 2670 Cum

131 2707 188 2772 illo
209 2703 394 2769 Herodiani
423 2703 611 2780 interdict,o
644 2725 709 2788 quo
737 2704 875 2768 duarum
901 2704 1099 2789 syllabarum
1127 2704 1249 2772 demtio

130 2805 422 2883 circumscribitur,
449 2827 516 2869 non
545 2815 674 2928 pugnat
699 2804 780 2870 ΕΜ.
804 2805 859 2883 91,
889 2801 987 2870 41.’
966 2804 1149 2926 α-ιγοιέρω
1175 2798 1249 2873 εἶτα

132 2901 236 2998 ἄμφω
259 2903 344 2972 κατὰ
367 2903 535 2992 σιγκοιιὴι
554 2905 613 2970 καί
635 2903 768 2973 ἔκτασιν
789 2908 847 2972 τοῦ
870 2932 888 2972 o
911 2902 959 2984 είς
981 2927 1022 2971 ιιι
1040 2900 1252 2991 Ἡρωδιανὸς

129 3007 213 3126 scapi
233 3010 371 3075 παθῶν
404 3007 457 3072 bic
481 3007 567 3072 enim
590 3006 706 3072 ectasis
727 3028 847 3071 nomen
878 3007 1002 3072 indicat
1030 3006 1070 3071 de
1097 3028 1250 3094 apocope

130 3110 197 3196 agi.
241 3108 312 3176 Sed
339 3107 420 3172 alios
444 3108 551 3173 minus
578 3108 765 3173 fastidiosos
791 3107 892 3173 fuisse
923 3117 1061 3194 apparet
1093 3129 1134 3171 ex
1155 3109 1250 3173 Euat

133 3212 233 3288 1710,
255 3209 308 3274 46.
333 3203 565 3295 Ὑιιεριιιιίιίηι
585 3207 707 3274 Ἥλιον
732 3205 820 3293 λέγει
854 3207 1006 3285 ἐντελῶς,
1040 3200 1185 3288 ἀλλαχοῦ
1215 3208 1253 3274 δὲ

127 3305 308 3399 Ὑπερίονα
330 3330 390 3395 pro
410 3303 647 3393 Ὑιιεριιινίωνα
671 3307 808 3384 scilicet3
831 3319 865 3373 et
884 3307 994 3394 Epim.
1011 3307 1034 3372 l.
1057 3308 1131 3373 347.
1154 3309 1186 3374 3.
1212 3309 1250 3374 τὸ

131 3410 343 3498 Δευκαλίδης
364 3407 422 3476 καί
434 3401 637 3492 Ἀιθεμίδης
660 3409 829 3496 συγκοπὴν
850 3410 1023 3477 πέπονθεν
1040 3407 1076 3474 ἐκ
1093 3411 1151 3474 τοῦ
1164 3412 1252 3475 Δευ-

133 3507 337 3596 καλιωνίδης
359 3505 416 3574 καί
429 3502 694 3596 Ἀνθεμιωνίδης
714 3519 746 3573 et
767 3509 878 3576 Schol.
900 3509 1002 3575 Dion.
1016 3508 1088 3573 849.
1107 3506 1146 3574 τὸ
1165 3512 1253 3575 Δευ-

134 3608 277 3699 satione
304 3608 488 3676 πέπονθεν.
534 3609 698 3677 Scientius
730 3606 805 3676 vero
837 3610 948 3678 Sobol.
981 3609 1022 3674 Π.
1052 3608 1153 3674 ΧΠΙ.
1179 3608 1254 3674 307.

135 3705 208 3780 dud
232 3714 291 3778 τοῦ
326 3706 512 3789 Asinaios·
546 3711 757 3798 similiterque
785 3707 963 3799 Ἠετίδης,
1006 3710 1059 3776 cui
1089 3709 1254 3778 Gocttlin-

133 3814 211 3901 gius
232 3811 275 3878 ad
295 3813 378 3877 Hes.
407 3812 585 3900 Oppius.
606 3814 742 3879 latinum
768 3814 927 3897 Scipiades
950 3813 1097 3900 apponit,
1119 3835 1186 3877 non
1210 3811 1253 3876 ab

130 3909 272 3982 Ἠετίων
293 3913 472 3980 derivatum
500 3926 551 3980 est
577 3915 635 3981 sed
658 3914 699 3979 ab
724 3908 838 3992 ἀετός,
869 3915 957 3979 unde
985 3915 1254 3999 andronymicum

208 4154 234 4219 7)
248 4152 323 4206 Addi
342 4157 454 4222 poterat
478 4145 668 4220 oqcrdofirilor
690 4147 867 4202 fundibalum
888 4150 958 4217 (non
978 4150 1171 4218 fundibulum)
1193 4166 1257 4203 cum

138 4235 227 4290 latino
238 4237 337 4306 fienda
354 4234 547 4306 compositum.
