2736 4778
159 302 227 377 nn
244 264 517 385 imitans
531 304 597 374 ur
616 303 893 377 scaurum.
923 303 962 374 c.
973 305 1037 373 111.
1056 304 1120 394 §.a
1148 306 1219 387 ιιι

104 490 253 583 θοάροις
280 506 338 561 aut
365 507 532 561 accentum
563 493 699 581 epitheti
731 493 850 560 retrahi
879 504 936 559 aut
966 486 1019 561 άεὶ
1047 495 1225 580 χλωροῖσιν

107 595 210 665 scribi
231 606 376 685 oportet,
398 618 464 683 quo
484 596 626 663 admisso
646 595 834 682 ambiguum
852 597 888 661 fit
907 608 1014 661 utrum
1036 594 1224 662 adverbium

108 699 156 767 ad
181 698 375 785 adjectivum
402 699 606 766 referendum
633 700 675 765 sit
702 722 744 764 an
770 698 812 765 ad
838 697 971 763 verbum
997 709 1033 762 ut
1060 698 1095 764 iu
1119 699 1223 766 Anth.

108 802 154 871 V.
171 801 222 867 ll.
239 799 310 869 ἔστι
332 794 367 867 δ’
390 796 409 866 δ
432 806 516 879 παῖς
538 800 775 887 γλυκάδακρυς,
797 797 964 880 ἀείλαλος,
986 795 1085 880 ὠκὺς,
1105 797 1223 888 άθαμ-

106 902 187 993 βὴς,
201 902 259 971 ubi
277 903 312 969 in
324 902 396 969 Pal.
413 896 467 970 άεὶ
485 900 587 980 λάλος
602 902 758 989 scriptum
774 912 841 979 θοις
860 925 957 988 quam
975 903 1224 988 disjunctionem

107 1005 145 1073 in
165 1006 246 1075 Vll.
267 1006 343 1074 423.
372 1009 476 1089 γραῦν
507 999 560 1071 cisi
589 1001 803 1089 antipodes,
838 998 891 1074 άιὶ
921 1001 1021 1072 λάλον
1036 1006 1088 1090 ¹⁵)
1118 1018 1225 1073 tuetur

109 1106 257 1197 parilitas
281 1105 508 1173 membrorum.
553 1104 622 1172 Sed
648 1097 773 1187 οὕνομα
794 1099 846 1174 ἀεὶ
867 1105 940 1174 νέον
965 1106 1043 1172 VH.
1068 1107 1142 1173 225.
1171 1105 1225 1176 risi

107 1212 209 1287 θεῖος
228 1210 290 1278 IV.
313 1210 343 1275 1.
365 1230 395 1272 v.
418 1208 472 1273 47.
500 1216 532 1273 οι
558 1205 672 1271 ordine
696 1205 826 1273 inverso
850 1206 985 1292 στυγνὸς
1007 1203 1059 1276 cici
1081 1210 1222 1279 Theocr.

107 1308 227 1379 XVII.
248 1310 301 1377 49.
331 1309 386 1374 vix
415 1307 564 1394 dignosci
594 1320 735 1394 possunt
764 1332 785 1374 a
814 1308 996 1392 conjunctis
1025 1304 1223 1399 άείμαργος,

109 1403 303 1498 άτλθουρος.
330 1411 458 1478 Eadem
475 1411 693 1481 inconstantia
708 1421 757 1477 est
773 1410 1036 1499 participiorum
1054 1433 1128 1478 cum
1144 1436 1223 1481 con·

104 1511 229 1597 junctis
250 1517 363 1597 μῦθυς
384 1505 544 1595 άιιζώων,
568 1518 653 1581 θεοῦ
676 1508 886 1594 άιιζιάυντος,
914 1535 1053 1598 quorum
1074 1525 1224 1581 auctores

107 1612 146 1679 in
165 1611 268 1679 Thes.
292 1614 515 1692 nominantur,
546 1623 672 1702 pugnat
694 1612 804 1698 μίμνω
829 1606 880 1681 risi
903 1612 995 1695 ζώων
1015 1615 1126 1681 Noun.
1147 1616 1224 1682 Par.

108 1713 209 1785 xlv.
233 1714 285 1781 75.
314 1715 405 1802 quod
431 1725 567 1804 propter
593 1713 762 1801 sequentia
787 1714 844 1780 κατ’
873 1709 921 1781 δι’
951 1715 1010 1798 ἐμὲ
1038 1714 1240 1797 ξύμπαντες

109 1809 171 1937 «inp
187 1812 304 1899 ζώοιττ
324 1817 443 1883 mutari
463 1816 586 1903 nequit
630 1817 670 1881 In
691 1817 765 1883 Nic.
789 1813 888 1880 Ther.
905 1798 979 1881 538.
1003 1812 1130 1903 ἑλξίνρν
1151 1813 1224 1887 άτι-

108 1916 306 1986 θαλλουσαν
340 1915 472 2000 ἱάμνοις
508 1919 683 2003 conjuncta
715 1915 935 1985 Schneiderus
970 1927 1058 1983 recte
1094 1916 1226 1985 discidit

109 2018 203 2105 quod
220 2018 329 2106 poscit
346 2041 442 2087 casus
458 2020 632 2109 participio
651 2019 823 2105 adjunctus
839 2030 877 2082 ut
887 2016 995 2105 Orph.
1006 2019 1224 2087 H.XlX.24.

109 2114 168 2189 cisi
187 2118 358 2191 θάλλοντα
380 2122 564 2207 λογισμοῖς.
598 2121 683 2188 Cum
702 2120 765 2187 hoc
781 2119 871 2185 verbi
890 2121 988 2186 modo
1008 2119 1105 2186 etiam
1123 2121 1226 2188 πάλιν

109 2222 267 2310 componi
295 2244 397 2309 possa
423 2223 633 2290 Herodianus
662 2221 829 2299 concedit,
862 2245 882 2287 a
908 2221 1023 2287 ceteris
1054 2222 1225 2291 discludit:

109 2322 236 2403 Νικίας
263 2317 323 2412 ip'
354 2320 388 2393 tv
416 2320 759 2412 παλιντροπάασθαι·
790 2319 918 2411 ἔφαμεν
947 2323 984 2391 δὲ
1012 2320 1117 2408 δπάτο
1147 2326 1227 2411 περὶ

108 2426 170 2493 τοῦ
199 2423 541 2509 παλιμπλαγχθέντας
571 2423 848 2510 διιλιιμβάνομιν,
879 2419 931 2492 ὅτι
959 2423 996 2491 τδ
1027 2421 1128 2492 πάλιν
1154 2432 1226 2503 τοῖς

110 2521 238 2612 ῥήμασι
266 2525 353 2592 κατὰ
380 2526 531 2595 διάλυσιν
558 2524 771 2616 προςγίνιται
799 2524 877 2592 Sch.
904 2524 943 2590 11.
964 2525 1062 2593 XVI.
1087 2525 1139 2591 95.
1168 2524 1226 2592 ubi

109 2646 201 2691 nnnc
227 2624 379 2691 scribitur
405 2623 510 2692 πάλιν
535 2632 758 2712 τρωπᾶσθαι,
788 2648 849 2693 nec
871 2626 1013 2694 obtinuit
1032 2628 1224 2713 παλιντρο-

110 2730 226 2796 πιῦντυ
261 2726 351 2812 quod
378 2727 492 2813 Apoll.
519 2727 580 2795 IV.
607 2727 680 2794 643.
710 2727 746 2794 in
773 2729 846 2794 cod.
877 2728 1020 2816 Guelph.
1054 2729 1225 2817 reperitur.

109 2826 263 2895 Eandem
283 2829 476 2896 sententiam
494 2828 567 2895 tulit
586 2831 627 2895 de
645 2830 819 2920 participio
838 2829 951 2897 acristi
968 2831 1011 2898 ad
1023 2831 1063 2898 Il.
1074 2831 1139 2898 XI.
1150 2831 1225 2899 326.

111 2929 347 3021 παλινορμάγω
373 2928 563 3017 Τυραννίων
585 2931 645 2999 δύο
667 2937 775 3010 ποιεῖ,
803 2927 821 3000 δ
849 2933 885 3001 δέ
907 2926 1224 3018 Ἀρίσταρχοςσάν-

112 3035 232 3097 θετον·
264 3024 395 3120 εἴρομαι
418 3032 455 3099 δὲ
477 3031 637 3121 περὶτῆς
659 3033 848 3111 συνθέσεως
869 3035 930 3100 τοῦ
951 3031 1054 3099 πάλιν
1075 3028 1119 3112 ὡς
1140 3031 1227 3121 πρὸς

110 3128 173 3209 τὰς
202 3131 360 3219 μὲτοχάς,
396 3129 454 3201 ὅτε
485 3132 566 3220 περὶ
598 3135 656 3200 τοῦ
689 3133 922 3219 πλαγχθέντας
953 3131 1225 3218 διελαμβάνυμεν,

111 3229 253 3298 hocest
279 3232 321 3297 ad
345 3232 448 3299 1.59.
478 3232 535 3299 ubi
561 3233 596 3300 in
623 3232 734 3302 Schol.
756 3235 800 3300 A.
828 3234 890 3300 hoc
918 3234 1018 3300 modo
1049 3233 1144 3300 nobis
1173 3258 1225 3301 re-

110 3331 225 3397 lictum
247 3343 312 3399 est:
342 3331 403 3401 cim
425 3333 463 3402 ἐκ
484 3333 635 3424 ῥήματος
656 3330 675 3423 ἦ
698 3334 857 3414 σύνθεσις
878 3338 936 3424 τῆς
956 3339 1096 3424 μετοχῆς
1120 3336 1156 3401 id
1176 3347 1228 3405 est

110 3432 322 3522 participium
342 3434 425 3502 illud
444 3457 511 3502 nou
532 3459 553 3501 a
572 3433 803 3520 παλιμπλάζω
826 3436 884 3503 sed
907 3459 947 3503 ex
969 3458 1005 3502 se
1024 3447 1135 3503 natum
1154 3460 1227 3506 esso

110 3545 149 3602 nt
169 3535 422 3625 natumnatum,
451 3559 493 3605 ex
515 3559 580 3625 quo
602 3537 684 3604 illud
704 3561 772 3604 non
793 3537 949 3624 consequi
971 3549 1008 3604 ιιι
1027 3536 1132 3608 πάλιν
1153 3564 1227 3609 cum

110 3635 271 3705 infinitivo
288 3642 498 3725 τρωπᾶσθαι
519 3639 630 3706 aliisve
652 3639 758 3706 modis
781 3640 936 3729 conjungi
951 3641 1066 3729 possit.
1109 3644 1226 3732 ltaque

112 3740 212 3809 etiam
231 3739 312 3806 EM.
335 3739 413 3819 648,
434 3741 487 3806 32.
516 3741 689 3829 participia
711 3741 782 3807 sola
807 3756 1037 3811 commemorat
1062 3749 1226 3832 παλινορ-

110 3843 210 3929 μένω,
233 3839 594 3929 παλιμπλαγχθέντας,
619 3837 828 3933 εὐρυκρείων,
850 3845 942 3932 quod
961 3846 996 3913 in
1019 3846 1125 3915 O.11.
1147 3853 1173 3935 ξ.
1193 3852 1225 3917 3.

182 4096 230 4165 tt)
253 4096 285 4150 In
309 4094 445 4169 proximis
468 4091 577 4152 τοιάνδε
602 4094 770 4170 σιαλουργδς
792 4094 837 4154 ὅδ’
861 4100 964 4173 lupone
986 4098 1101 4154 Βιττίδα
1123 4095 1225 4171 τύμβος

110 4186 207 4257 τιμτλ.
221 4222 250 4238 ..
271 4177 412 4256 ἄχραντον
435 4185 593 4254 νυμφιδίαν
609 4179 713 4255 ἄλοχον
737 4185 918 4242 scribendum
940 4185 1052 4240 videtur
1075 4188 1225 4259 σταλοῦχος

111 4280 141 4328 et
158 4263 268 4343 Τιμάλα
284 4268 314 4324 id
332 4277 376 4325 est
396 4262 547 4342 Τιμολάου.
