2736 4778
146 343 204 409 DE
226 334 470 425 SYNAERESI,
492 341 692 410 DIAERESI
713 346 772 410 etc.
804 341 892 410 P.IL
915 340 1001 409 0.ss
1024 343 1051 429 ξ.
1064 341 1093 409 5.
1128 342 1189 409 113

70 509 171 574 moria
192 504 334 572 affinium
366 511 564 595 κακοῦργος,
599 505 765 594 θεσινργός
786 512 844 574 etc.
877 525 935 589 pro
962 500 1108 596 ὗπεργός
1140 507 1191 592 (ut

72 605 240 697 συνεργός)
262 629 320 692 per
341 611 566 694 synecdromen
588 612 780 692 surrepserit
800 606 976 699 ὑποσργός.

156 713 240 779 Num
258 716 293 786 ῖτ
313 714 346 779 in
369 717 405 786 αῖ
423 716 567 782 contrahi
588 716 697 798 possit
730 715 848 796 pendet
870 733 908 780 ex
929 713 1190 794 interpretatione

71 816 258 883 Homericae
291 818 375 884 vocis
399 819 572 886 λωτοῦντα.
637 819 675 884 Id
707 817 848 882 nonnulli
880 817 1081 898 participium
1102 817 1191 883 rerhi

72 921 185 988 λωτέω
197 940 267 987 esse
279 921 447 988 roluerrmt
457 929 494 988 ut
506 922 689 1001 καλεῦντες.
724 919 783 986 Oui
795 938 891 1002 quum
907 920 1015 1001 plures
1025 918 1190 984 obstarent

71 1025 225 1105 rationes,
260 1041 339 1106 quas
371 1025 404 1090 in
424 1025 557 1091 Elemm.
580 1024 597 1089 Ι
619 1023 681 1091 518
704 1024 848 1105 exposui,
882 1023 936 1088 alii
957 1041 1015 1104 pro
1037 1022 1191 1088 adiectivo

72 1123 237 1192 λωτόεντα
260 1126 448 1207 habuerunt,
472 1128 560 1193 cuius
583 1127 662 1192 duas
685 1127 809 1192 vocales
831 1128 862 1198 ὁὶ
877 1128 910 1192 in
922 1131 957 1199 {5
970 1126 1190 1207 transpositas,
1291 1205 1295 1210 ι

70 1226 129 1292 has
152 1234 259 1294 autem
281 1230 315 1295 in
336 1231 366 1301 ἔα
389 1228 541 1296 conflatas
563 1248 643 1296 esse.
698 1229 806 1295 Missis
828 1230 1015 1312 ambagibus
1036 1228 1191 1312 Didymus

72 1330 113 1396 ad
134 1330 198 1395 XII
220 1331 282 1399 283
302 1327 519 1419 Ἀρίσταρχος
542 1332 598 1400 διὰ
622 1339 678 1400 τοῦ
701 1335 746 1416 οὐ,
780 1333 983 1416 eductivum,
1012 1338 1050 1398 ut
1071 1333 1189 1414 opinor,

71 1432 250 1515 significans
272 1440 310 1499 ut
331 1433 482 1502 κνώδαλα
506 1437 691 1522 πτεροῦντα
715 1435 869 1518 Aeschyl,
903 1436 953 1501 cui
975 1434 1053 1500 nihil
1075 1434 1190 1516 oppam

70 1541 177 1618 potest
197 1543 326 1617 praeter
347 1537 430 1620 quod
452 1536 610 1603 Homerus
633 1538 672 1604 de
694 1556 807 1621 magno
828 1538 942 1603 horum
964 1536 1190 1601 adjectivorum

71 1659 202 1705 numero
224 1640 345 1705 nullum
368 1640 495 1706 exhibet
516 1646 720 1706 contractum.
764 1641 1001 1707 Aristarcheam
1022 1639 1190 1704 lectionem

70 1742 217 1824 probavit
247 1742 428 1822 Bekkerus,
463 1743 597 1809 alteram
618 1740 809 1810 Dindorfius.
876 1743 1002 1832 Tertiae
1026 1742 1189 1808 cuiusdam

72 1846 246 1927 scripturae
268 1864 326 1927 per
347 1847 504 1929 synizesin
525 1845 703 1912 offerendae
720 1842 883 1924 λωτὸαντα
895 1865 987 1912 nemo
998 1846 1190 1911 mentionem

71 1949 186 2013 iniecit
231 1947 295 2014 Sed
316 1950 348 2012 in
360 1949 489 2014 Pindari
511 1949 579 2015 loco
601 1949 675 2015 libri
697 1949 807 2031 optimi
822 1949 976 2032 praebent
990 1949 1189 2032 trisyllabum

72 2049 257 2136 φωνάεντα,
281 2053 365 2133 quod
387 2053 420 2117 in
441 2052 512 2118 aliis
535 2055 709 2142 φωνοῦντα
731 2052 892 2133 σατραπεία,
916 2052 1009 2134 vulgo
1032 2054 1188 2141 φωνᾶντα

71 2175 188 2217 sonora
210 2153 366 2219 scribitur.

157 2255 215 2321 ΠΙ.
260 2259 303 2342 b}
337 2258 370 2322 in
399 2258 426 2342 ἧ
457 2275 643 2323 conversum
680 2276 737 2338 per
774 2275 882 2323 omnes
916 2275 1008 2324 casus
1042 2256 1190 2321 exhibent

70 2358 220 2425 feminina
242 2360 467 2426 adiectivorum
490 2360 815 2442 multiplicativorum:
840 2355 944 2446 ἁπλῆ,
964 2361 1077 2445 διπλῆ,
1100 2360 1190 2424 cuius

69 2461 170 2529 forma
191 2462 315 2544 integra
337 2463 490 2528 diastolas
513 2481 609 2529 causa
631 2463 827 2528 substantivo
839 2463 1190 2529 mansit—Praeterea

69 2586 133 2632 una
154 2585 213 2632 vox
234 2566 297 2631 huc
319 2566 447 2631 aberrat
468 2571 502 2630 et
523 2585 562 2631 ea
583 2567 770 2648 composita,
804 2584 900 2648 quam
921 2585 979 2632 nos
1001 2567 1128 2649 quidem
1150 2585 1189 2631 ex

70 2688 132 2734 uno
153 2655 365 2750 Aristophane
388 2669 545 2751 cognitam
565 2668 727 2748 habemus,
763 2668 820 2734 sed
842 2671 1039 2751 grammatici
1062 2671 1189 2753 saepius

70 2777 221 2837 tractant:
246 2768 485 2860 πρηγορεών
508 2767 525 2837 ὁ
545 2767 665 2855 λοιμός
677 2773 769 2858 παρὰ
783 2771 820 2836 τὸ
833 2778 1033 2862 προανεῖροι
1045 2774 1102 2862 τὴν
1113 2799 1188 2861 τρο-

70 2874 145 2960 φὴν,
182 2869 227 2952 ὡς
245 2870 468 2953 Ἀπολλώνιος
501 2873 589 2958 λέγει
622 2873 735 2938 Zonar.
771 2874 853 2938 1572
886 2882 920 2941 et
951 2877 1061 2942 eodem
1095 2877 1188 2941 modo

69 2975 223 3058 Didymus
244 2978 278 3041 in
300 2977 395 3043 schol.
418 2977 459 3042 ad
474 2976 550 3040 Aru.
565 2973 657 3040 1113.
700 2975 816 3040 Utrum
837 2995 912 3041 vero
935 2977 960 3046 α’
975 2979 1092 3066 μικρὸν
1114 2985 1188 3044 ante

70 3085 122 3145 eta
145 3084 312 3158 errantum,
345 3097 386 3142 an
407 3096 480 3142 cum
502 3095 539 3142 ec
561 3078 593 3142 in
615 3096 711 3142 unam
733 3077 886 3160 syllabam
909 3076 1073 3144 confusum
1095 3085 1188 3160 puta-

69 3182 180 3263 verint,
202 3200 264 3247 non
286 3178 498 3262 patefaciunt
535 3177 695 3262 Syncopae
718 3179 843 3262 quidem
866 3181 1058 3247 adversatur
1078 3183 1189 3264 regula

69 3282 213 3364 Apellen,
234 3283 313 3349 adv.
336 3281 400 3348 586
422 3283 460 3347 τὸ
484 3280 561 3371 πρό
584 3277 644 3350 οὐκ
668 3279 856 3367 ἀποβάλλει
879 3281 919 3350 ad
941 3286 963 3356 α’
983 3283 1187 3372 ἐπιφερομέ-

68 3411 124 3451 νου
157 3381 359 3474 φωνήεντος,
393 3404 468 3450 nam
500 3389 556 3450 aut
585 3386 711 3467 integra
742 3393 920 3469 permanet:
956 3388 1098 3475 προέχω,
1132 3389 1189 3451 aut

69 3488 278 3554 contrahitur:
303 3480 447 3576 πρσῖἰχω.
491 3487 602 3570 Neque
624 3491 731 3553 tamen
751 3490 938 3555 vocabulum
958 3491 1105 3572 populari
1121 3507 1187 3554 ser·

69 3592 153 3657 moni
174 3591 337 3673 proprium
359 3591 573 3673 scrupulosius
595 3592 767 3657 taxandum
788 3593 913 3657 ridetur
936 3592 1017 3677 [Vol.
1040 3592 1056 3658 I
1079 3590 1164 3677 296]¹

43 3759 46 3762 .
154 3695 216 3760 Pro
235 3698 271 3782 θ’,
293 3695 426 3776 simplex
443 3698 473 3765 ὂ
491 3695 648 3776 accipiunt
669 3696 1080 3777 temporanonnullaverbi
1104 3694 1187 3759 unde

69 3816 183 3863 nomen
214 3799 311 3881 piscis
342 3798 414 3881 βῶξ
445 3797 517 3864 duci
549 3797 645 3862 solet:
679 3802 788 3882 βῶσαι
811 3798 970 3880 Aristoph
1003 3805 1036 3865 et
1059 3799 1186 3875 Oratim,

70 3896 206 3988 ἐβώσθη
239 3901 355 3967 Herod
379 3918 451 3965 cum
472 3900 622 3966 derivatis
647 3896 857 3990 ἆστυβοώτης
878 3901 984 3983 Hom,
1018 3899 1187 3983 ἕπίβωτος

69 4009 102 4068 et
136 4002 322 4091 περίβωτος
344 4002 439 4068 Anth.
492 4002 614 4067 Eadem
647 4000 748 4070 forma
779 4005 885 4070 haesit
908 4003 1004 4070 verbo
1027 4001 1068 4065 ad
1091 4000 1187 4081 signi·

68 4103 246 4174 ficationem
269 4094 440 4173 auxiliandi
462 4105 616 4170 translato
637 4109 758 4189 βῶσαι,
789 4107 873 4190 quod
896 4104 1009 4171 Suidas
1031 4105 1186 4186 interpre-

68 4215 156 4278 tatur
177 4216 365 4300 βοηθῆσαι,
397 4214 431 4275 ct
451 4208 524 4274 hino
544 4207 725 4274 transduxit
746 4210 788 4274 ad
808 4213 947 4296 βοηθεῖν
978 4209 1081 4291 ipsum
1104 4208 1186 4273 roci·

67 4311 192 4380 ferendi
213 4315 340 4380 notione
361 4313 488 4395 penitus
511 4319 655 4395 erutum3
678 4314 782 4381 Iouice
805 4316 891 4378 certe
912 4316 1041 4463 βωθὲῖν
1062 4311 1187 4392 dicitur,

57 4443 60 4449 ‚
120 4416 238 4464 Lohcch.
251 4415 337 4461 remor.
352 4415 378 4454 ll.
