2736 4778
218 341 248 413 2*
559 335 768 401 Pri'l'llOL.
792 335 989 401 PROOEM.

217 517 397 604 farragine,
421 540 519 603 quam
540 519 776 587 Valckenarius
800 521 904 586 edidit
925 518 1005 604 περὶ
1025 524 1259 606 βαρβαρισμοῦ
1282 523 1333 586 in-

219 621 390 708 scriptam
414 621 447 685 in
470 621 532 686 hac
558 623 644 688 enim
666 634 894 688 enumerantur
917 620 1120 709 aphaeresis,
1144 622 1333 688 metathesis

153 719 156 723 ⁴
219 723 368 809 abasque
394 746 511 789 vocum
540 726 768 791 conversiones
796 725 903 789 licitae
931 723 1128 807 illicitasque
1160 745 1237 809 pag.
1261 726 1332 788 194.

216 826 433 911 Etmdemque
452 849 547 891 usum
565 827 722 913 loquendi
743 839 901 912 sequutus
915 824 1125 891 Theodosius
1142 825 1176 888 in
1188 825 1332 891 Gramm.

217 950 251 1014 p.
272 928 325 992 40.
353 949 421 992 non
449 926 610 992 dubitavit
637 928 853 1014 pronunciare
877 923 1085 1012 εὑρίσκονται
1106 926 1334 1014 βαρβαρισμοὶ

219 1026 254 1095 ἐν
271 1034 344 1107 τοῖς
365 1035 523 1114 ποιηταῖς
541 1016 720 1114 ἀμέτροισι
740 1028 859 1106 οἵτινες
879 1028 1022 1112 γίνονται
1041 1026 1135 1093 ἕνεκα
1153 1027 1333 1111 μέτρσυῑ).

216 1129 303 1194 Aliis
331 1129 453 1215 placuit
480 1128 726 1195 schematismos
750 1131 858 1195 dicere
885 1141 917 1194 et
940 1128 1272 1193 metaschematismos
1298 1140 1337 1192 ut

219 1231 442 1313 Quintilianus
465 1229 492 1295 Ι.
510 1230 540 1307 8,
558 1231 608 1294 14.
628 1235 740 1314 poetis,
763 1237 838 1316 qaia
857 1233 1041 1314 pleramque
1060 1242 1158 1296 taetro
1182 1232 1335 1296 insert-ire

218 1346 384 1418 coquatur,
411 1334 489 1399 adeo
511 1335 686 1415 ι’ραυισίιυν
707 1343 742 1400 at
767 1336 847 1399 attia
869 1336 940 1416 ipsa
961 1335 1033 1397 aliis
1060 1335 1254 1398 incarnatae
1276 1351 1334 1414 αμ-

214 1438 438 1522 pellationibus
459 1438 684 1511 nominantem
709 1437 930 1517 atetaptasmos
951 1437 1033 1499 caim
1054 1445 1082 1498 et
1103 1436 1334 1499 salmantinam

217 1541 614 1613 cenomannensem
643 1560 709 1621 quo
732 1537 805 1602 loco
831 1534 930 1600 verba
959 1548 987 1601 et
1014 1539 1245 1601 schematismos
1275 1535 1334 1598 de-

217 1639 316 1704 lenda
332 1648 444 1702 censet
460 1636 685 1722 Spaldingius,
707 1639 785 1723 quia
801 1639 891 1726 apud
903 1635 1142 1704 Grammaticos
1158 1633 1335 1700 Putschia-

217 1763 280 1806 nas
301 1739 364 1805 boo
385 1761 506 1805 nomeu
527 1762 595 1803 non
616 1740 752 1825 legatur.
788 1742 1012 1808 Veruntamen
1033 1736 1336 1821 habemusPolybii

217 1841 363 1908 libellum
383 1841 461 1924 περὶ
484 1847 728 1926 σχηματισμοῦ,
756 1842 790 1906 in
812 1865 878 1927 quo
905 1852 1021 1907 tractat
1043 1840 1204 1925 systolen,
1230 1850 1335 1903 meta-

219 1943 326 2009 thesin
344 1943 492 2028 aliasque
508 1941 699 2007 affectiones
710 1945 761 2028 ⁸);
777 1944 840 2009 boc
858 1954 966 2009 autem
983 1965 1102 2008 nomen
1119 1943 1166 2007 sic
1180 1939 1337 2006 describit

217 2043 530 2133 μετασχηματισμός
546 2043 617 2110 ἐστι
637 2045 757 2123 λέξειας
772 2043 940 2132 συνήθους
956 2043 1082 2129 κίνησις
1101 2046 1224 2122 μέτρου
1238 2040 1336 2127 χάριν

220 2147 276 2214 arai
298 2150 517 2230 sucassitoria,
540 2168 625 2228 quae
648 2158 697 2209 est
716 2147 875 2211 tralaticia
897 2144 1079 2211 affectionis
1103 2141 1258 2207 definitio.

302 2247 427 2312 Verum
458 2267 525 2309 non
558 2247 663 2310 solum
694 2248 985 2333 deappellatione
1019 2247 1207 2331 discrepant
1238 2243 1334 2328 hujus

219 2346 331 2412 aridae
353 2357 386 2411 et
413 2346 587 2430 exsanguis
611 2347 876 2411 nomenclaturae
898 2349 1133 2433 compositores
1155 2347 1215 2411 sed
1238 2346 1336 2410 etiarn

221 2448 263 2512 de
283 2469 429 2512 numero.
459 2446 597 2532 Tnspbo
619 2446 653 2509 in
674 2447 763 2510 Mus.
787 2447 867 2513 Oris..
891 2447 1045 2513 Cantaba
1068 2449 1109 2513 T.
1131 2449 1159 2513 Ι.
1182 2449 1233 2514 33.
1259 2448 1334 2511 un'i-

219 2570 347 2614 versam
361 2548 528 2613 materiam
542 2545 707 2612 distribuit
720 2549 900 2632 generatim
918 2549 1001 2617 καιὰ
1020 2550 1057 2614 τὸ
1076 2547 1233 2615 narraret
1251 2550 1334 2615 susci

221 2651 259 2716 τὸ
282 2646 392 2717 ποιόν.
435 2648 528 2712 Illius
550 2649 693 2733 generis,
716 2671 783 2733 quo
805 2652 967 2735 quantitas
988 2662 1144 2726 mutatur,
1168 2651 1280 2715 decent
1302 2663 1336 2715 ct

222 2762 298 2817 acta
326 2748 454 2836 species
484 2748 649 2834 simplices
677 2765 846 2816 recensent
870 2755 982 2818 Draco
1004 2776 1037 2839 p.
1063 2753 1133 2817 155.
1161 2765 1192 2817 et
1215 2754 1333 2819 Gra-m-

220 2851 359 2919 matious
388 2849 551 2935 Gregorio
581 2851 752 2934 adjunctus
781 2876 814 2939 p.
836 2854 909 2918 675.
940 2876 1062 2939 eaeque
1091 2856 1218 2942 species
1251 2854 1335 2922 κατὰ

222 2951 376 3039 συζυγίαι
399 2963 648 3037 componuntur,
675 2954 753 3038 quia
773 2976 891 3019 novem
912 2956 1094 3038 adjactione
1117 2959 1334 3045 (πλεονασμῷ

222 3051 461 3165 inperitiam)
488 3051 685 3132 efficiuntur,
715 3055 850 3120 totidem
877 3056 960 3121 aliae
984 3058 1165 3125 deiectione
1194 3059 1334 3148 (ἐνδείᾳ)

290 3256 322 3323 2)
341 3254 531 3321 Quintilianus
549 3254 571 3309 1.
586 3256 611 3319 5,
624 3256 655 3307 tt
668 3272 710 3326 sq.
728 3254 758 3309 in
774 3257 953 3313 barbarismis
970 3269 1099 3314 numerat
1113 3260 1257 3317 literarum
1274 3283 1335 3319 ma·

222 3341 372 3407 tationem,
392 3340 571 3406 divisionem,
589 3339 812 3410 complexionem
826 3343 934 3397 stelias
950 3343 1114 3401 affectiones
1125 3364 1200 3415 quae
1211 3347 1294 3399 etiam
1307 3350 1336 3403 ln

222 3426 338 3483 vocibus
356 3426 441 3499 vulgo
460 3424 624 3500 approbatis
642 3423 828 3495 reperiantur.
864 3428 925 3482 Nec
942 3427 1058 3481 dubium
1076 3428 1143 3500 quin
1156 3427 1334 3488 Herodianus

225 3512 368 3584 ceterique
386 3511 434 3585 qui
453 3515 517 3583 περὶ
536 3511 729 3583 βαρβαρισμοῦ
746 3508 919 3580 scripserunt
938 3530 1138 3583 nonnunquam
1157 3511 1185 3565 in
1203 3514 1273 3569 benc
1291 3536 1333 3572 re-

224 3599 337 3672 gionem
357 3597 530 3652 deverterint
551 3612 635 3667 quam
659 3612 709 3647 nos
730 3595 949 3666 peragrabimus.
992 3597 1071 3650 Idem
1091 3608 1282 3666 argumentum
1304 3603 1333 3662 in

224 3683 338 3756 Didymi
350 3684 524 3755 aliarumque
535 3679 741 3737 commentariis
753 3684 816 3746 περὶ
826 3684 938 3750 φθορᾶς
950 3679 1008 3733 sive
1020 3689 1335 3754 παρευθορυίαςλέξιως

223 3789 277 3845 per
297 3768 475 3827 oocuionem
494 3776 643 3823 tractatum
664 3783 725 3820 esse
747 3763 904 3834 colligimus
928 3786 964 3821 ex
986 3785 1020 3821 eo
1040 3771 1117 3839 quod
1136 3770 1332 3832 8ο1ιοΙ.Ι)ἰοο.

224 3875 253 3931 p.
270 3859 328 3912 913.
350 3855 417 3911 dicit
436 3855 464 3911 al
481 3852 552 3911 odra
571 3845 745 3925 nupseram?
764 3851 819 3902 lau
836 3853 883 3904 τοῦ
902 3849 994 3912 οὕτως.
1028 3852 1121 3924 Hujus
1138 3859 1248 3926 generis
1263 3880 1333 3916 non-

224 3944 304 4000 nulls
315 3943 420 3999 inserte
431 3950 496 3997 sunt
509 3941 607 3997 libello
621 3936 669 4010 qui
680 3935 843 3991 Herodiano
856 3935 1017 3992 inscribitur
1028 3944 1091 4009 aral
1103 3944 1200 4005 λέξεων
1212 3943 1334 4020 ripam.

224 4036 327 4102 μένων.
364 4028 471 4101 Hisque
490 4027 589 4085 similia
608 4024 765 4095 ἧλογρμένα
780 4030 916 4075 vocantur
934 4029 965 4074 at
982 4022 1094 4092 genitivi
1111 4026 1219 4105 δουρός,
1234 4033 1334 4103 μουνὸς

225 4116 333 4172 Herod.
348 4114 427 4172 Mon.
441 4117 489 4182 tt,
503 4116 545 4169 30.
562 4108 644 4168 atinde
661 4105 758 4180 Apoll.
772 4106 845 4159 Λᾶν.
860 4107 919 4159 509.
936 4114 989 4161 etc.

296 4204 326 4272 3)
338 4200 484 4258 Licentiae
495 4198 590 4257 Schol.
596 4196 697 4253 Horat.
704 4194 727 4248 1.
739 4192 798 4245 Sat
805 4190 842 4244 11.
853 4191 910 4243 tta.
923 4209 1065 4267 syncopen
1078 4201 1207 4273 adjectivi
1219 4203 1333 4261 solidas

226 4290 326 4349 caldas
340 4290 456 4363 liguram
470 4288 611 4363 appellat3
627 4280 692 4338 EM.
709 4280 767 4345 5⁰8.
782 4277 825 4331 38·
841 4281 997 4349 “tt'wtti‘vr
1009 4285 1099 4356 σχῆμα
1111 4286 1332 4363 παρασὺνθειον.
