2736 4778
161 335 226 401 DE
249 330 467 401 SYNCOPE
489 328 635 399 UNIUS
656 326 875 395 vocaus.
914 324 954 392 C.
965 324 1011 391 11.
1035 328 1060 410 ᾗ.
1074 326 1103 390 7.
1126 328 1202 403 259

89 519 342 608 πληθυντικῶν·
365 512 453 601 πλὴν
477 511 626 598 Ὅμηρος
647 502 722 577 εἶπε
743 512 877 594 πατρῶν
898 504 982 588 ἴσως
1000 504 1205 594 prasimae

87 618 147 706 τὴν
166 614 277 704 ἑνικὴν
298 609 429 701 γενικήν
449 611 558 699 Epim.
580 611 609 676 I.
631 609 706 689 346,
730 609 781 674 18.
825 607 911 675 com
938 630 1083 696 syneopo
1104 608 1203 674 dativi

88 720 284 807 plerumque
306 715 481 799 oonjunota
507 722 557 777 est
577 721 673 798 trope
701 709 824 776 vocalis
848 709 1018 798 proximae
1044 705 1203 793 πατράσι,

88 812 282 906 θυγατράσι
305 824 366 880 ete.
408 814 449 881 In
470 811 659 901 compositis
681 813 810 900 epsilon
831 810 993 878 exoiditur
1012 802 1205 896 πατροφόν-

92 944 166 1004 της,
188 910 448 1003 θιγατρόγαμας
475 924 535 980 eto.
567 912 713 1001 exceptis
744 912 874 979 duobus
907 911 1037 999 poetice
1067 907 1206 975 diduotis

91 1013 306 1104 γαστερόχειρ
328 1026 362 1080 et
381 1011 618 1103 γαστερυπλήξ,
640 1015 701 1080 sed
723 1008 934 1101 αἰθροβάτης
959 1035 980 1077 ιι
1002 1009 1207 1106 Msnethone

93 1117 148 1182 vel
181 1116 330 1183 licentius
356 1116 465 1181 fletum
492 1114 543 1183 vel
583 1136 658 1180 oum
686 1110 796 1201 αἴθρα
828 1114 1049 1200 compositum
1080 1122 1142 1179 est.
1165 1146 1209 1159 —

92 1216 320 1283 Antecedente
339 1216 445 1283 voenli
463 1216 592 1304 epsilon
613 1215 759 1303 syllabae
779 1215 870 1281 finali
890 1215 1075 1303 proximum
1095 1234 1206 1278 exem-

96 1332 164 1383 tum
185 1339 257 1384 esse
285 1339 400 1404 parum
428 1318 587 1405 probatur
609 1317 739 1384 casibus
770 1316 912 1403 obliquis
938 1316 996 1385 τὸν
1020 1310 1098 1400 χόα,
1129 1311 1208 1392 τούς

94 1413 192 1500 χόας·
223 1417 257 1482 hi
285 1418 370 1484 enlm
397 1418 497 1484 alium
530 1430 629 1506 atque
664 1419 896 1507 perispomena
921 1417 979 1485 τὸν
1011 1421 1092 1498 χοᾶ,
1130 1414 1207 1492 τούς

91 1521 174 1599 χοάς
197 1519 430 1585 nominativum
452 1520 585 1602 habent
607 1544 637 1586 v.
658 1520 781 1586 Purall.
803 1520 876 1586 233.
920 1520 974 1586 De
997 1518 1106 1582 dativo
1128 1512 1208 1600 βοαί

89 1619 194 1684 Anth.
218 1620 297 1687 VII.
319 1619 393 1687 622.
422 1621 558 1688 dubium
585 1632 635 1688 est
656 1632 764 1686 utrum
788 1642 806 1686 e
837 1616 934 1705 βόεσι
962 1640 1137 1685 conversus
1166 1616 1208 1682 sit

92 1720 238 1785 detracta
248 1721 374 1805 syllaba
384 1745 426 1788 an
442 1720 572 1807 αβαυσί
584 1723 692 1788 demta
704 1721 819 1800 vocali,
839 1743 905 1807 qna
919 1721 1046 1787 ratione
1058 1718 1206 1786 Choero-

93 1818 416 1889 boscuann.115.
440 1834 473 1888 et
492 1824 565 1889 218.
589 1822 675 1890 υἱέσι
704 1835 737 1889 et
761 1820 901 1910 ὐρσμὲσι
924 1845 964 1888 ex
982 1819 1098 1902 υἱεύσι,
1128 1822 1207 1906 ὀρσ-

92 1926 191 2004 μεύσι
212 1932 291 1987 nata
312 1945 384 1989 esse
407 1924 528 1991 statuit.
572 1924 641 1992 Sed
663 1919 770 1990 υἱεύσι
791 1934 824 1988 et
842 1924 1086 1999 nominativum,
1111 1942 1208 2006 quem

94 2022 306 2088 Grammatioi
327 2023 403 2090 huie
424 2025 715 2112 praestruunt⁸⁸)‚
738 2022 885 2088 Thomas
909 2024 1088 2108 aequaliter
1109 2044 1208 2109 repn-

94 2122 183 2199 ‹liat3
203 2146 311 2209 neque
334 2125 455 2211 legitur
474 2127 529 2191 ille
555 2125 702 2213 amplius,
714 2124 749 2186 in
772 2123 905 2188 Aeliani
926 2125 999 2190 loco
1029 2146 1127 2208 quem
1147 2145 1208 2188 no·

94 2224 161 2289 tavi
189 2225 234 2290 od
268 2224 348 2291 Phr.
370 2224 488 2310 69.³²)
523 2224 674 2312 Δρομέσι
705 2234 814 2289 autern
847 2237 879 2290 et
910 2223 987 2291 huie
1017 2225 1209 2291 indissimile

94 2324 209 2392 τοκέσι
244 2326 480 2413 propriumque
511 2323 655 2414 Σιαάεσι
690 2325 797 2412 Orph.
828 2328 910 2413 Arg.
942 2327 1012 2393 125.
1048 2328 1209 2394 declinata
1319 2380 1322 2385 .

92 2436 212 2491 sunta
229 2427 428 2494 nominativo
447 2428 566 2515 plurali
588 2425 734 2512 ὐραμέες,
757 2425 885 2504 τοκέες,
906 2427 1064 2517 Σιφαέες,
1087 2430 1208 2494 omisso

94 2527 197 2593 altero
220 2528 325 2615 epsilo
346 2528 438 2593 utin
466 2528 651 2596 nominibus
675 2529 817 2615 quaein
844 2515 881 2606 a}
906 2541 1041 2607 exeunt,
1073 2525 1211 2612 μάντεις

95 2623 240 2712 μάντεσι,
263 2623 384 2707 πόλεις
403 2626 541 2708 πόλεσι,
571 2641 689 2718 poetae
710 2652 786 2696 vero
817 2630 1016 2716 posteriores
1038 2643 1210 2721 utrumque

96 2729 237 2794 retinent
257 2728 365 2815 sigma
385 2730 549 2816 geminato
571 2731 723 2800 τοκέεσσι
746 2732 861 2814 Quint
888 2732 915 2796 I.
938 2732 1009 2798 108.
1040 2735 1211 2821 στιβέεσσι

97 2830 247 2917 Oppian.
270 2829 353 2914 Cyn.
371 2831 401 2896 Ι.
417 2832 491 2898 462.
514 2829 662 2918 γανέεσσι
684 2831 786 2897 Anth.
811 2835 904 2919 App.
920 2834 994 2899 207.
1016 2859 1123 2923 neque
1146 2841 1210 2905 alia

93 2931 191 3017 origo
222 2930 361 2997 traditur
390 2925 643 3030 adjectivorum
678 2931 794 3013 ταχέες
823 2927 885 3020 ἀφ’
917 2923 955 3000 οὐ
984 2932 1023 2999 τὸ
1053 2938 1211 3019 ταχέεσσι

96 3152 145 3203 καὶ
162 3152 268 3220 μηιίρα
285 3148 318 3205 οὐ
336 3153 441 3220 γίνεται
463 3147 532 3204 κατά
550 3144 696 3218 συγκαπὴν
710 3149 757 3201 ἵνα
776 3142 816 3219 μὴ
838 3153 999 3223 συνεμπίαῃ
1013 3156 1075 3212 ,ταῖς
1090 3150 1212 3217 εὐθείαις

93 3230 188 3306 πάτρα
202 3239 248 3288 καὶ
259 3230 358 3307 μήτρα.

166 3320 214 3388 tt)
224 3320 309 3375 Falsa
320 3319 459 3392 soripturs
470 3320 606 3390 deeeptus
619 3317 715 3373 schol.
727 3316 816 3373 Thuo.
830 3318 853 3375 Ι.
870 3318 910 3373 13.
932 3320 1013 3381 vitos
1030 3317 1143 3383 ὐττικῶς
1158 3321 1208 3379 ὐπ’

95 3402 209 3467 εὐθείας
225 3409 269 3474 τῆς
282 3402 372 3475 vteris,
386 3423 443 3477 qno
462 3406 575 3460 aberrat
593 3402 801 3459 soh.11.xv1.
818 3406 876 3458 177.
896 3407 953 3460 υίεῖ
968 3401 1019 3458 ὐπ’
1040 3402 1151 3468 εὐθείας
1168 3413 1213 3478 τῆς

99 3485 180 3551 υίεύς.
216 3490 293 3547 Hine
303 3492 430 3564 pendent
443 3488 571 3564 pluralis,
583 3507 656 3562 qnae
671 3488 808 3544 Matthiae
826 3509 855 3562 p.
868 3491 926 3546 217.
941 3488 994 3544 sibi
1009 3497 1076 3545 nota
1088 3509 1150 3548 essa
1162 3513 1212 3551 ne·

94 3582 156 3646 get,
168 3571 275 3645 υίῆεασι
286 3577 332 3644 (ut
343 3573 489 3646 ἱππήεσσι)
501 3572 628 3648 Antipst.
640 3575 727 3630 Anth.
735 3574 787 3629 IX.
806 3576 848 3628 ta.
861 3581 890 3630 et
905 3575 983 3643 υίῆιις
993 3574 1107 3633 Maxim.
1116 3597 1143 3634 τ.
1151 3583 1211 3638 tto.

166 3661 212 3728 37)
224 3660 335 3717 Eodem
349 3661 417 3716 vitio
431 3661 553 3717 citantur
569 3660 719 3732 aliquoties
732 3660 894 3715 Teloolides
914 3661 945 3716 ίν
959 3667 1126 3734 πρυτανεῦσι
1144 3666 1211 3723 Vol.

94 3744 136 3800 11.
154 3746 215 3800 369.
232 3753 263 3801 et
274 3746 359 3803 Pls'to
374 3745 407 3802 ίν
425 3749 582 3820 Πρεσβεύσι
599 3747 658 3801 itt.
679 3744 880 3803 anominstiro
897 3742 1045 3820 πρεσβεύς,
1062 3769 1147 3822 quem
1164 3756 1213 3809 da·

97 3839 176 3885 mnst
189 3830 292 3886 Snidas
304 3851 328 3887 s.
340 3835 469 3905 Πρίαβις,
480 3832 553 3888 siout
563 3831 744 3888 Herodianus
762 3832 792 3887 in
802 3834 911 3890 Aneed.
920 3835 1015 3891 Oxon.
1028 3836 1148 3894 mtto.
1163 3839 1213 3893 ds·

98 3916 186 3972 tivum
206 3921 374 3990 αυγγενεῦαι
392 3936 410 3974 s
427 3927 506 3975 reato
525 3912 676 3988 συγγενεύς
693 3919 823 3985 ductum,
841 3927 897 3991 qno
917 3920 1066 3993 scriptores
1085 3922 1213 3978 illiterati

98 4009 216 4057 utuntur
228 4020 284 4058 nns
295 4021 358 4059 enm
370 4002 505 4059 feminino
518 4007 687 4074 συγγίνιααα
699 4004 840 4077 Epiphan.
848 4007 912 4059 adv.
919 4006 1005 4061 Haer.
1016 4007 1105 4069 LIII.
1114 4008 1150 4062 Τ.
1158 4006 1211 4064 111.

76 4106 127 4159 ,p.
142 4090 218 4142 1010.
231 4089 267 4143 D.
280 4090 379 4144 I’etsv.
399 4088 507 4159 (omiss.
528 4089 557 4144 in
575 4089 677 4159 Thes.)
713 4090 746 4143 In
762 4088 827 4162 Lys.
850 4109 875 4144 o.
888 4090 999 4146 Andoe.
1021 4093 1078 4156 105,
1099 4094 1142 4150 37.
1160 4113 1213 4165 pro

95 4179 155 4234 ταῖς
166 4179 334 4246 πρυτανεῦσι
346 4175 470 4231 editores
483 4173 653 4231 Turieenses
668 4183 847 4246 receperunt,
867 4176 944 4245 quod
956 4175 1104 4231 Dobraeus
1119 4196 1217 4235 susse-

96 4268 152 4325 ηε,
163 4254 321 4334 πρυτάνεσι.

943 4344 1008 4409 17·
