2736 4778
220 339 287 407 DE
304 324 524 406 SYNCOPE
539 332 686 402 UNIUS
696 330 919 404 vocam
940 332 981 402 C.
993 334 1055 402 1v.
1077 337 1102 420 t.
1113 332 1145 401 5.
1168 335 1241 411 tlt

127 548 188 615 pro
211 525 269 592 illo
290 534 400 589 tamen
409 521 554 588 Plotius
569 511 776 604 Ἠροάν9οιο
801 516 942 596 exhibet,
965 518 1100 584 alterum
1119 516 1154 583 in
1172 540 1243 583 om-

124 629 225 695 nibus
246 626 382 714 quidem
397 621 547 689 Pollucis
567 618 659 685 libris
679 618 800 706 legitur
817 619 877 685 sed
896 641 917 684 a
931 617 1083 685 Bekkero
1105 619 1243 685 einum·

129 731 358 818 scriptumest
378 733 515 811 propter
534 742 676 808 sequens
698 716 922 800 estunam)
945 719 1036 804 quod
1050 738 1151 804 quum
1167 718 1244 785 olibi

129 841 219 897 extet
238 839 309 893 tum
332 824 430 892 etiam
450 823 540 911 apud
558 820 816 910 Lycophronem
835 821 905 887 iota
925 819 1088 908 producto
1109 830 1147 885 ut
1168 814 1245 885 cta-

128 925 283 1018 νήκτειρσ
304 927 441 994 Anthol.
466 937 501 992 et
519 919 710 1009 ἆλὶβαπσος
730 923 764 988 in
784 944 881 989 versu
896 920 1065 1002 Nicandri,
1088 920 1142 987 cui
1158 938 1244 984 non·

130 1029 213 1093 nulli
224 1024 432 1112 ἆλίβλσπτος
442 1035 695 1115 supposuerunt.
724 1024 880 1111 Denique
893 1023 1116 1112 Harpocratio
1131 1031 1246 1088 auctor

131 1138 183 1194 est
208 1127 380 1194 nonnullos
411 1121 572 1197 ἇλίποδσν
597 1126 641 1192 ad
667 1126 802 1193 verbum
832 1120 952 1193 ἇλῖσαι
978 1125 1130 1192 retulisse
1152 1124 1244 1190 nolu-

130 1233 259 1297 temo
276 1229 478 1296 denotantes.
522 1225 608 1295 cnm
633 1223 816 1307 θοόςδοτος
836 1228 978 1295 Taetzss
1008 1226 1052 1292 ad
1079 1226 1164 1312 Lyc.
1190 1224 1244 1290 47.

129 1330 297 1417 componit
315 1330 419 1396 leonis
443 1329 614 1417 epitheton
634 1324 880 1416 τοοροςφᾶχος,
906 1350 969 1396 uec
989 1339 1099 1394 tamen
1125 1325 1246 1393 omittit

127 1430 164 1496 id
184 1430 318 1516 abyaliie
338 1429 382 1495 ad
403 1426 566 1519 σφάττειν
584 1429 714 1506 reterri3
737 1425 953 1519 λαγοςφόνος
972 1428 1090 1496 sustuli
1111 1427 1246 1493 adPhr.

128 1531 200 1597 629.
222 1532 282 1597 sed
302 1553 323 1597 a
343 1531 532 1618 suspicione
552 1541 714 1597 remotum
729 1529 837 1597 habeo
853 1531 943 1618 quod
953 1529 1143 1617 Hesychius
1163 1550 1245 1616 pro-

125 1631 189 1697 iert
217 1635 395 1710 Θεοςκυνεῖ
421 1630 526 1709 θεοὺς
549 1633 709 1718 ειμᾶΗ).
741 1632 947 1720 Θεοςεχθμό
974 1632 1018 1699 ab
1050 1633 1245 1698 Hermanno

124 1734 281 1817 rejectum
305 1731 351 1796 ud
372 1734 453 1798 Eur.
477 1731 553 1819 Iph.
583 1733 624 1798 Τ.
648 1735 719 1801 192.
748 1734 881 1800 retinuit
903 1734 1094 1802 Meinekius
1121 1732 1156 1799 in
1180 1734 1249 1798 Ar-

127 1834 241 1921 chippi
259 1833 395 1920 Fragm.
422 1832 498 1902 Vol.
527 1834 574 1900 11.
602 1835 643 1900 P.
666 1836 712 1900 Π.
737 1834 808 1902 725.
851 1838 981 1903 Eodem
1008 1836 1108 1903 modo
1130 1834 1247 1922 expli&

127 1947 241 2000 cantur
263 1934 468 2002 substantiva
496 1936 660 2020 quaedam
681 1937 812 2022 generis
833 1939 979 2005 neutrius
1010 1958 1095 2025 quae
1124 1935 1245 2024 geniti-

126 2059 203 2101 vum
222 2035 345 2103 hebent
363 2036 399 2101 in
421 2023 460 2115 o}
477 2059 596 2122 purum
618 2049 790 2104 exeuntem
805 2039 844 2108 σὸ
861 2034 1028 2118 evocatos
1044 2035 1131 2107 κατὰ
1145 2038 1247 2103 πλεο·

126 2136 256 2218 νασμὸν
275 2140 336 2205 τοῦ
357 2124 384 2205 'ci
404 2136 538 2224 λέγουσι
560 2138 670 2226 Epim.
693 2141 721 2204 Ι.
745 2139 817 2205 178.
864 2139 1002 2226 Quippe
1024 2131 1174 2215 θνοκόος
1195 2136 1247 2200 di-

130 2237 269 2301 cendum
287 2237 389 2304 inisse
411 2249 508 2326 putat
528 2249 567 2303 ut
587 2234 764 2327 ἠθολόγος,
789 2235 987 2324 τειχομάχος
1008 2250 1069 2307 etc.
1091 2239 1144 2304 vel
1167 2260 1248 2304 oon-

130 2337 257 2404 cinniua
276 2335 436 2425 9οιμιόος.
480 2334 652 2418 Aristone
681 2338 718 2405 ἐν
743 2340 899 2409 molinet
928 2334 966 2410 ὃν
993 2337 1139 2430 ἐφύλαξε
1166 2328 1247 2407 τοο

125 2439 207 2504 ΕΜ.
229 2439 304 2517 278,
328 2438 382 2504 25.
424 2441 547 2507 Aliena
567 2463 645 2507 vero
667 2440 732 2508 huc
754 2442 897 2509 deflectit
915 2440 1028 2511 Schol.
1042 2441 1138 2528 Lips.
1151 2442 1190 2508 ll.
1203 2443 1245 2510 V.

127 2541 200 2606 126.
228 2551 262 2606 et
288 2543 384 2607 Euat.
412 2543 493 2620 528,
526 2541 557 2606 ὃ.
582 2541 619 2609 ἐν
642 2546 691 2630 τῷ
714 2542 927 2622 consenui-og
952 2543 1011 2609 καὶ
1040 2539 1247 2630 σοκεςφόρος

127 2635 311 2727 ἀναγκαῖος
332 2636 352 2710 ὁ
372 2644 584 2725 πλεονασμὸς
604 2649 663 2714 τοῦ
685 2632 715 2711 ο.
749 2647 827 2711 Ηοσ
849 2645 935 2711 enim
956 2666 1024 2711 non
1043 2641 1246 2709 extrinsecus

125 2743 289 2827 adjectum
310 2755 362 2810 cst
381 2744 441 2810 sed
457 2745 605 2833 iungitur
626 2745 699 2812 vics
718 2747 842 2812 voculis
871 2747 1004 2835 elapsae
1032 2767 1117 2831 quae
1139 2745 1246 2810 cerni·

125 2854 178 2908 tur
198 2844 233 2910 in
254 2844 447 2931 compositis
471 2843 707 2934 ἓλεόθρεπτος,
731 2842 927 2935 epaenetus.
970 2850 1018 2915 Et
1039 2848 1104 2913 hoc
1129 2846 1247 2911 clarius

126 2946 280 3011 enunciat
308 2945 397 3013 Gud.
428 2946 505 3025 198,
542 2948 574 3013 5.
604 2947 787 3032 ἐπεςβόλος
820 2948 931 3030 (scrib.
961 2946 1157 3032 ἐπεοβόλος)
1188 2944 1249 3012 καὶ·

125 3040 204 3112 κατ’
236 3046 419 3137 ἐναλλαγὴν
448 3044 648 3132 ἐσεςβόλος,
685 3047 856 3132 enallagae
892 3047 1025 3112 nominc
1057 3046 1247 3131 significans

124 3156 242 3233 tropen
264 3170 351 3233 quae
373 3148 495 3214 uocalis
511 3138 538 3215 (Ῑ
555 3148 771 3215 deiectionem
794 3148 887 3234 ecqui
911 3147 1004 3213 solet.
1037 3147 1163 3214 Eadem
1185 3147 1245 3213 ob-

124 3248 206 3314 tinet
224 3250 260 3314 in
280 3249 391 3315 multis
410 3249 564 3315 similium
583 3242 784 3338 ἀκεςφόρος,
813 3245 1021 3338 τελεσφόρος,
1044 3244 1245 3337 φοεςφόρος,

193 3505 239 3567 23)
248 3500 395 3559 Ἀλίπεδον
407 3499 437 3557 τὸ
449 3505 534 3559 νεῦον
544 3500 615 3578 πρὸς
625 3499 773 3558 θάλασσαν
787 3503 888 3558 πεδίον
905 3498 993 3555 Pscll.
1008 3501 1129 3557 Gramm.
1147 3520 1171 3560 r.
1183 3502 1244 3558 286.

125 3586 154 3642 in
166 3588 277 3643 Anecd.
295 3585 426 3643 Boisson.
444 3587 478 3644 T.
492 3588 543 3644 ΠΙ.
565 3586 692 3644 similiter
708 3587 755 3644 alii
773 3584 863 3644 τόπον
885 3585 996 3656 silerem}
1016 3586 1245 3660 interpretantur.

126 3674 195 3728 Cum
208 3671 363 3728 illustrior
381 3674 501 3730 sertam
521 3672 608 3746 aliqui
623 3675 802 3730 contulerunt
816 3672 945 3745 Aegisthi
962 3690 1065 3730 nomen
1082 3675 1245 3749 caprimul-

122 3775 192 3830 μεσπι
205 3759 426 3831 interpretantes
438 3770 470 3816 ut
482 3760 573 3816 Orion
584 3780 612 3832 p.
624 3763 667 3824 21,
685 3762 726 3814 ll.
743 3756 822 3832 παρὰ
839 3757 870 3815 τὸ
887 3762 931 3814 os
949 3758 979 3815 ul
995 3757 1105 3831 θηλάζειν
1122 3768 1246 3833 Alyattos

122 3849 169 3898 καὶ
184 3850 353 3918 πλεονασμῷ
366 3850 414 3902 τοῦ
427 3837 449 3901 ἆ
460 3852 611 3918 Αἴγισθος,
628 3863 646 3901 a
659 3862 745 3917 capra
763 3846 882 3901 nutritus
894 3845 1005 3903 Aeliae.
1018 3847 1052 3903 V.
1070 3848 1108 3903 Η.
1120 3847 1187 3903 ΧΠ.
1202 3850 1247 3904 42.

121 3929 185 3986 Ηοο
199 3947 234 3985 ex
247 3931 402 3986 Herodiani
416 3933 488 3988 libro
500 3936 567 4004 περὶ
585 3928 735 4004 σχημάτων
746 3932 832 3987 affert
843 3933 909 3987 EM.
926 3935 984 3998 131,
996 3934 1038 3985 33.

191 4018 240 4081 21)
252 4017 425 4088 Interpretes
437 4026 586 4090 apponunt
601 4021 724 4086 Θεοκονῆ
742 4014 831 4081 δόξαν
850 4024 936 4074 θείαν
947 4021 1076 4089 ἔχουσαν,
1089 4018 1167 4088 quod
1178 4026 1243 4075 θεο-

120 4103 191 4168 xvii
210 4101 391 4157 scribendum
408 4112 460 4159 est.
488 4106 670 4165 Θεοςκονέεεν
688 4106 848 4176 Aeschylus
864 4105 894 4159 in
914 4102 1070 4175 anapaestis
1082 4103 1182 4174 Agam.
1199 4103 1244 4159 88.

121 4186 265 4258 scripsisse
278 4187 389 4244 videtur
401 4208 453 4261 pro
471 4197 635 4250 θυοςκινεῖν
652 4209 677 4245 v.
702 4194 725 4259 ξ.
744 4195 769 4245 t.
790 4191 904 4262 quicum
921 4191 987 4248 olim
1005 4190 1110 4245 contuli
1130 4189 1245 4247 thiasos

120 4278 150 4324 et
168 4291 258 4329 saera
277 4291 392 4330 meum
410 4275 505 4330 Valer.
519 4275 561 4330 ΕΙ.
576 4276 630 4330 111.
645 4278 703 4330 oto.
720 4279 773 4330 sed
788 4279 844 4334 hoc
856 4280 891 4333 ad
904 4295 1021 4349 zeugma
1032 4277 1130 4334 referri
1141 4284 1243 4351 potest.
