2736 4778
140 361 206 427 DE
227 361 354 429 ALIIS
378 357 617 431 SYNOOPAE
640 358 916 429 unumne.-
935 357 976 427 0.
987 359 1016 426 1.
1038 359 1107 445 §.t
1130 364 1213 437 350.

91 543 234 611 verbiale
255 554 291 609 ut
314 539 357 631 ῥρί
382 541 480 631 (duob,
503 538 581 628 γάλι
602 552 663 607 cto.
684 564 715 607 v.
734 541 854 608 Parnll.
878 543 949 610 119.
977 555 1064 611 certe
1093 567 1207 613 omues

92 668 170 712 suos
190 667 344 712 numeros
367 642 475 708 habet.
518 638 636 731 Νόσηιι
660 664 721 729 pro
751 639 891 732 νοστόφι
913 644 979 710 dici
999 647 1208 716 Hermannus
1231 639 1237 648 Χ

93 747 170 812 olim
193 746 323 833 Opusc.
335 745 363 811 Ι.
383 746 412 810 1.
434 744 508 809 222.
532 764 685 809 assensus
708 753 758 809 est
781 744 1035 822 affirmantibus;
1056 746 1210 831 equidem

91 871 160 914 non
179 847 277 913 video
301 846 467 932 quomodo
494 865 613 910 nomen
635 838 753 939 νόστος
782 844 846 911 hoo
874 857 925 911 est
945 841 1056 924 tcta.
1075 844 1209 932 πορεία,

93 949 304 1033 adjunctione
317 944 667 1033 syllaboeepcctaticae
680 971 720 1035 ηπ
741 945 826 1012 hanc
846 946 1060 1031 sejunctionis
1083 946 1210 1032 signiti-

95 1050 258 1114 cau'onem
280 1047 427 1133 accipere
448 1047 554 1134 pessit
575 1058 607 1112 et
630 1068 689 1113 cur
708 1046 786 1113 huic
810 1047 869 1117 uni
893 1047 1038 1113 omnium
1065 1068 1150 1133 quac
1172 1047 1208 1115 in

95 1136 145 1238 ᾦι-
160 1149 313 1216 excidunt
333 1146 457 1233 syllaba
476 1147 520 1213 sit
539 1158 676 1226 ειειιιιε,
698 1171 806 1234 neque
829 1149 946 1214 eodem
966 1149 1067 1215 modo
1085 1149 1212 1215 dicctm

94 1241 199 1336 αι’νηιιν
217 1271 278 1335 pro
299 1242 443 1336 αὐτόφιν.
462 1249 515 1315 vcl
534 1250 659 1336 aliquid
676 1250 791 1316 simile.
832 1251 954 1335 Adjice
979 1252 1072 1337 quod
1100 1273 1120 1315 a
1146 1273 1208 1316 no-

92 1348 234 1415 minibus
255 1349 398 1435 epcctasi
420 1350 524 1417 auctis
545 1351 672 1416 nullum
693 1362 895 1439 propagatur
914 1350 1059 1429 verbum,
1084 1350 1126 1416 ab
1149 1351 1207 1418 illo

93 1460 203 1516 autem
237 1449 415 1515 derivatum
447 1463 497 1517 est
531 1451 679 1539 νοσφίζω
712 1463 750 1517 ut
780 1445 902 1541 ὀψίζω.
951 1453 1106 1537 Denique
1140 1475 1209 1519 non

93 1546 196 1638 νόσφι
217 1551 392 1618 dicendum
413 1563 483 1618 orat
508 1553 568 1618 sed
596 1548 676 1639 νόφι
699 1552 825 1638 abjecta
846 1551 972 1637 syllaba
992 1552 1121 1639 integra
1137 1539 1212 1620 ἦ.

92 1652 211 1736 Itaque
238 1647 340 1741 νόσηι
366 1654 557 1740 seponimus
586 1665 741 1739 tanquam
763 1652 945 1740 ignorabile
972 1664 1005 1719 et
1032 1654 1211 1739 desperau-

94 1753 182 1818 dum.
225 1753 386 1819 Ultimum
414 1753 511 1839 hujus
543 1757 646 1821 avitae
681 1754 850 1821 doctrinae
879 1754 1045 1843 specimen
1074 1754 1213 1841 praebat

95 1853 206 1920 Schol.
227 1853 268 1918 11.
289 1853 426 1920 XXIII.
448 1855 521 1921 526.
548 1857 629 1923 ΕΜ.
651 1856 725 1936 091,
756 1859 806 1923 11.
828 1859 938 1945 Epim.
972 1859 999 1924 Ι.
1022 1856 1097 1922 357.
1123 1880 1211 1942 προ-

93 1952 180 2040 τέρω
201 1952 287 2019 κατὰ
308 1956 478 2042 σεγκσπὴν
500 1950 570 2025 ἀπὸ
591 1963 651 2025 τοῦ
673 1959 876 2044 πορρωτέρω
896 1952 1213 2042 &siracusanum

96 2065 147 2120 est
173 2053 326 2141 προτέρω
358 2076 419 2140 pro
452 2056 615 2141 πορτέρω.
661 2059 747 2122 Tam
767 2057 832 2123 hoe
856 2078 1133 2143 supervacaneum
1163 2065 1213 2121 cst

96 2177 195 2240 quam
221 2155 312 2240 quod
342 2156 397 2221 alii
423 2158 604 2223 decernunt
634 2159 790 2243 προτέρω
816 2157 940 2247 ἐκβολῇ
967 2162 1027 2223 τοῦ
1056 2144 1110 2222 σω
1133 2153 1212 2237 δίχα

94 2246 206 2322 acii·
229 2249 381 2324 ἀπὸτοῦ
403 2256 608 2344 προσωτέρω
633 2253 695 2344 γάρ
720 2257 793 2324 ἐστι
821 2257 932 2343 Schol.
957 2257 1025 2324 od
1054 2257 1116 2325 IV.
1137 2256 1212 2324 667.

95 2356 137 2422 11.
159 2356 223 2423 Ill.
241 2357 316 2421 400.
340 2358 405 2423 IX.
427 2358 499 2423 192.
522 2381 670 2444 proquo
693 2357 909 2446 προσσστέρω
932 2357 1082 2424 scribitur
1103 2357 1146 2422 ad
1168 2359 1212 2426 V.

95 2457 169 2522 672.
197 2467 231 2522 et
257 2457 461 2545 πορρωτέρω
488 2458 531 2522 od
555 2458 693 2524 XXIII.
715 2458 788 2524 526.
817 2482 878 2526 noc
907 2459 1051 2546 syllabae
1080 2458 1212 2525 ultimac

96 2557 254 2645 probatur
271 2580 433 2644 apocope,
453 2559 513 2625 sed
530 2569 580 2625 est
595 2558 783 2626 adverbium
794 2560 1025 2649 δοτικοηανές.
1036 2595 1087 2608 --
1099 2557 1212 2626 Choe-

96 2658 256 2724 roboscus
276 2658 356 2724 Can.
375 2658 449 2723 245.
473 2681 574 2744 quum
591 2672 679 2727 recte
697 2661 865 2728 docuisset
884 2662 1035 2740 διπλοῦς,
1052 2663 1213 2749 τριπλοῦς

96 2771 130 2826 et
151 2783 236 2846 quac
258 2752 439 2846 se'quuntur
458 2784 527 2827 nou
548 2762 700 2847 syntheta
721 2785 793 2829 esse
816 2763 875 2828 sed
901 2785 1080 2849 paragoge,
1104 2762 1212 2829 minus

97 2862 304 2927 considerate
333 2862 426 2926 addit
454 2855 523 2929 ἀπὸ
552 2867 612 2931 τοῦ
637 2861 791 2948 τετράκις
815 2859 976 2951 παρήχέλη
1006 2860 1215 2949 τετραπλόσς

97 2963 155 3029 καί
175 2957 244 3031 ἀπὸ
265 2966 323 3028 τοῦ
346 2958 506 3040 πεντάκις
526 2959 739 3040 πενταπλόσς
765 2967 933 3050 σνγκοπῆς
961 2959 1137 3048 γενομένης
1155 2966 1214 3050 τῆς

97 3049 349 3151 Ξιξσνλλαβῆς.
394 3062 572 3144 Quomodo
596 3062 683 3128 enim
705 3058 863 3138 πεντάκις
883 3084 903 3124 a
926 3062 1026 3129 πέντε
1047 3083 1214 3148 propaga·

95 3176 165 3228 tum
188 3173 248 3241 est,
270 3163 317 3228 sic
338 3162 379 3228 ab
402 3163 519 3228 codem
539 3158 752 3238 πεντάπλους
773 3173 833 3228 etc.
858 3199 896 3210 -
922 3162 1029 3228 Orion
1052 3162 1133 3241 161,
1160 3163 1210 3229 12.

96 3258 349 3351 wicardo-dud
360 3266 420 3331 τοῦ
432 3260 620 3351 φενακίζειν
630 3260 812 3351 φενακίνδα
827 3260 886 3329 καὶ
897 3266 1051 3352 σνγκοπῇ
1063 3259 1211 3352 φενίνδα,

97 3365 158 3430 sed
177 3388 278 3450 quum
299 3365 387 3429 hunc
413 3364 520 3429 lusum
540 3364 588 3427 ita
608 3363 763 3428 describit
791 3362 873 3429 dccv
899 3361 958 3448 τὴν
988 3368 1138 3450 σφαῖραν
1166 3354 1215 3442 εἷς
1303 3426 1306 3433 .

97 3463 148 3532 ένλ
164 3464 279 3546 δείξας
301 3459 373 3532 cleo
395 3462 508 3551 λάθρα
532 3456 653 3552 (έίλλην)
676 3463 771 3554 ῥίψῃ,
795 3463 942 3549 sequitur
958 3463 1125 3529 meliorem
1140 3486 1213 3531 esse

97 3566 291 3654 scripturam
312 3559 597 3654 φαινίνδα-ἀπὸ
619 3568 678 3632 τοῦ
700 3563 842 3654 φαίνειν.
895 3565 951 3630 Ι)ε
975 3561 1114 3655 ἐπίκλην
1130 3566 1214 3634 intra

97 3669 205 3735 dicam
232 3672 257 3754 1.
285 3668 314 3733 7.
358 3667 499 3733 Nomine
526 3689 592 3733 uon
620 3652 756 3754 proprio
781 3664 882 3732 utitur
909 3665 988 3732 EM.
1015 3666 1072 3746 78,
1099 3665 1214 3739 20.τὸ

96 3764 227 3858 ἁμαρτῆ
249 3763 465 3855 Ἀρίσταρχος
492 3767 583 3854 λέγει
613 3766 649 3834 ἐκ
674 3769 733 3833 τοῦ
762 3760 957 3855 ὁμαρτήδην
986 3767 1072 3838 κατὰ
1096 3793 1212 3856 σσγκσ·

96 3868 167 3956 πὴν
186 3869 245 3935 καί
268 3862 393 3948 ὀξύνει·
417 3869 579 3956 significat
600 3868 687 3934 enim
708 3888 890 3954 apocopen.

183 3974 209 4055 ξ.
230 3971 262 4035 4.
306 3970 509 4056 Longiorem
531 3992 713 4036 sermonem
735 3969 921 4035 desiderant
946 3968 1106 4054 syntheto‚
1130 3988 1214 4053 quac

98 4070 261 4159 tripartito
273 4071 433 4150 dividam3
456 4095 494 4139 ac
505 4074 645 4159 primum
666 4070 782 4159 loquor
805 4071 845 4137 de
865 4069 906 4134 iis
927 4091 1010 4155 quac
1031 4090 1126 4134 casus
1147 4091 1214 4136 nou

99 4229 125 4285 u
140 4230 186 4281 otc
198 4242 269 4296 pure
283 4224 454 4281 declinatum
467 4222 514 4295 λίς,
532 4228 608 4281 uude
621 4244 724 4282 noman
738 4221 778 4286 ἰός
789 4226 871 4279 cirus
887 4221 946 4275 iou
959 4219 1046 4290 longo
1059 4221 1112 4276 sed
1125 4219 1154 4276 in
1166 4222 1215 4279 de-

99 4309 196 4365 rivatis
210 4318 350 4384 correpto.
