2736 4778
129 296 208 367 456
481 288 806 359 mssussrsrro
832 288 899 356 111.

129 471 323 541 incredibile
352 484 412 540 eat
466 473 537 541 Sed
563 475 634 560 jam
664 475 743 542 satis
775 485 889 562 patere
921 475 1060 542 arbitror
1088 470 1258 562 quaenam

128 576 212 662 fingi
234 573 364 663 possint
386 575 533 642 omnium
558 574 672 642 harum
688 576 962 644 -terminationum
984 578 1256 666 causae3·:prisoi

127 676 365 745 vocabulorum
386 688 537 745 auctores
558 679 650 744 unde
668 677 838 766 progressi
859 679 926 747 sint
948 689 982 747 et
1004 700 1074 765 qua·
1091 679 1162 757 via,
1185 696 1256 746 non

128 792 196 844 tam
213 779 360 844 rssmicta
377 779 579 866 praefiniam.
623 782 700 847 Hao
717 801 819 868 opera
836 780 1016 869 perlunctis
1030 789 1133 846 restat
1150 802 1256 847 unum

126 900 235 966 gmus
257 881 349 967 quod
370 903 390 945 a
409 880 596 947 nominihus
618 882 742 970 primae
759 880 985 948 declinationis
1006 882 1169 968 originem
1191 881 1255 949 hn-

127 981 211 1048 hst:'
232 985 413 1071 διαθηκῶο
440 981 517 1069 (sic)
546 980 765 1063 ὑποτίπιοοος
792 982 919 1068 (omiss.
945 983 981 1047 in
1007 982 1125 1069 Thes.)
1154 984 1254 1050 nnat

127 1082 225 1162 1949,
248 1083 306 1150 53.
331 1081 469 1172 qusque
498 1078 751 1173 ἡμεροφυλάκια
777 1083 877 1150 Phot
903 1083 995 1170 quod
1021 1083 1056 1149 in
1084 1083 1255 1170 singulare

126 1178 267 1269 ἡμοοοία
290 1182 461 1272 (φυλακή)
484 1179 738 1274 ἡμεροφυλακία
756 1185 813 1271 (ut
832 1187 1098 1276 mesopotania)
1119 1188 1253 1253 mutan-

130 1283 210 1347 dum
231 1295 300 1360 est,
327 1283 461 1362 σαλῶος
486 1279 505 1350 ὁ
529 1284 837 1374 οτεςοροντισμίνος·
860 1283 950 1353 coilo
975 1286 1040 1373 γὰρ
1066 1280 1085 1374 ἡ
1114 1287 1254 1377 φροντίς

126 1383 213 1449 Hes.
237 1406 303 1468 quo
325 1384 400 1451 loeo
426 1385 454 1449 si
481 1384 555 1471 quis
582 1386 737 1452 usitatum
759 1383 862 1466 οαλός
890 1388 1130 1475 reponendum·
1145 1400 1253 1476 putet,

125 1485 230 1551 series
251 1509 321 1553 non
341 1498 518 1576 repugnat,
540 1490 691 1572 χορτῶος
711 1499 745 1553 et
764 1487 906 1554 sonasse
924 1486 987 1553 alia
1008 1489 1156 1574 ejusdem
1177 1490 1252 1556 vill-

128 1585 223 1666 tatis,
252 1598 391 1675 excepto
414 1613 481 1654 uno
503 1587 671 1674 gentilicio
694 1590 841 1668 Γελῶος,
870 1590 962 1675 qnod
987 1590 1022 1654 in
1045 1589 1133 1656 Edd.
1155 1602 1251 1657 vetu-

126 1688 285 1757 stioribus
305 1690 391 1755 sicut
411 1691 581 1777 superiora
600 1690 796 1755 omniafere
814 1712 944 1778 semper
959 1691 1006 1756 ita
1025 1691 1183 1779 scriptum
1202 1705 1252 1759 est

128 1790 257 1856 Herod.
268 1790 346 1858 Vll.
362 1790 433 1856 156.-
453 1791 586 1876 Scymn.
597 1791 671 1856 291.
692 1790 814 1856 Athen.
826 1792 890 1858 111.
905 1792 976 1858 125.
990 1794 1033 1859 A„
1050 1793 1112 1861 IV.
1125 1793 1199 1861 162.
1209 1796 1250 1860 B.

128 1890 299 1977 Diog.II.
324 1891 397 1957 106.
423 1893 653 1980 praetermisso
680 1891 766 1971 iota,
799 1895 893 1978 cujus
920 1915 994 1959 rara
1021 1893 1250 1980 vestigia-ex-

128 2015 244 2079 pressa
265 1993 396 2058 suntin
417 1995 556 2059 nummis
578 1992 811 2081 lapidibusque
830 2009 865 2060 et
884 1993 1009 2081 passim
1031 2006 1195 2082 apparent
1215 1994 1250 2062 in

125 2095 227 2161 codd-
252 2095 359 2162 Thuc.
371 2096 433 2163 IV.
447 2096 500 2161 58.
519 2095 658 2162 Lucian.
673 2095 762 2162 Dial.
778 2095 879 2161 Mort
891 2094 938 2161 X.
950 2096 982 2160 4.
1003 2094 1106 2163 Anth.
1118 2094 1185 2162 IX.
1196 2096 1249 2164 96.

127 2195 200 2262 Sed
227 2195 355 2262 dehoc
377 2198 448 2281 jam
471 2197 549 2263 olim
577 2196 760 2263 laboratum
787 2218 860 2263 esse
889 2198 1067 2263 ostendunt
1087 2198 1250 2285 Stephani

127 2296 246 2362 verba:
271 2303 299 2361 Γ
296 2296 357 2364 ε’λα
375 2299 415 2364 τὸ
440 2296 576 2366 ἐθνικὸν
599 2299 730 2376 Γελῶος
751 2292 789 2365 od
815 2303 845 2363 Γ
842 2299 971 2377 ελοῖος·
995 2298 1052 2366 καί
1073 2294 1157 2379 ἴσως
1176 2295 1249 2367 ἀπὸ

127 2403 187 2465 τοῦ
213 2398 333 2485 γέλως,
361 2419 445 2483 quae
468 2420 546 2463 sane
567 2397 722 2463 mirabilis
744 2408 795 2464 est
816 2401 1003 2485 conjectura
1023 2400 1083 2465 sed
1105 2401 1252 2468 ostendit

127 2498 217 2565 illam
238 2524 258 2565 a
280 2499 455 2588 protoolito
481 2499 713 2565 derivationem
734 2499 859 2565 auctori
880 2499 1125 2566 insolentiorem
1146 2501 1251 2569 visam

127 2624 211 2667 esse.
256 2603 380 2669 Verum
395 2604 465 2686 jam
485 2600 630 2666 finienda
649 2611 700 2666 est
720 2601 800 2667 haec
818 2602 920 2687 longa
938 2603 1127 2689 disputatio,
1150 2626 1251 2688 quam

128 2714 265 2790 propter
287 2704 428 2790 paucula
448 2704 516 2769 iota
536 2702 730 2790 pleonastici
753 2704 903 2791 exempla
924 2704 1092 2769 instituere
1114 2715 1249 2770 coactus

125 2825 202 2867 sum
227 2803 287 2868 sed
314 2803 478 2891 explicare
506 2826 573 2869 non
601 2805 694 2891 potui
723 2804 801 2889 quin
827 2827 912 2890 quae
941 2804 1023 2870 falso
1054 2803 1118 2870 huc
1146 2805 1251 2871 relata

125 2916 239 2969 essent
265 2904 445 2972 refellerem
475 2905 636 2992 simulque
662 2906 768 2971 varios
797 2905 1078 2993 diphthongorum
1106 2892 1149 2976 οἶ
1165 2895 1251 2996 ‘ill

127 3007 295 3072 discursus
318 3016 350 3072 et
370 3005 611 3073 vicissitudines
635 3030 840 3093 exsequerer.

213 3113 238 3194 6.
263 3111 291 3173 7.
336 3107 421 3174 Cum
433 3107 607 3188 λοίο9ιος,
622 3104 873 3195 motando-‘noc
883 3107 1075 3173 Eustathius
1089 3108 1182 3187 1643,
1193 3108 1248 3174 30.

127 3235 195 3275 non
221 3211 298 3275 satis
327 3220 404 3296 apte
431 3211 595 3276 connectit
613 3205 775 3288 οὶδοίιος,
800 3211 891 3295 quod
912 3211 999 3275 unde
1025 3210 1176 3276 sumserit
1195 3209 1248 3274 di·

125 3333 201 3378 cere
223 3335 290 3376 non
310 3308 435 3389 habeo,
459 3318 492 3375 et
511 3305 661 3394 ὁμοίιος,
686 3310 727 3374 de
737 3332 819 3407 quo
841 3311 921 3377 ΕΜ.
944 3311 1022 3391 624,
1039 3311 1091 3378 24.
1114 3304 1249 3394 ὁμοίιος

127 3413 166 3479 ἐκ
196 3417 256 3482 τοῦ
285 3407 404 3496 ὅμοιος
432 3412 635 3498 πλεονασμῷ
664 3413 725 3476 τοῦ
747 3439 760 3478 ι
788 3407 834 3489 ὡς
862 3412 1016 3498 γελοίιος.
1068 3413 1161 3477 Ilaec
1184 3409 1248 3477 ho-

126 3515 248 3579 merica
273 3526 362 3590 aunt;
384 3512 567 3598 Dionysius
584 3535 614 3577 v.
632 3511 725 3576 1180.
742 3512 869 3578 addidit
886 3509 1062 3598 ἑτεροίιος,
1084 3513 1248 3578 Proculus

127 3618 173 3680 H.
196 3616 229 3679 in
251 3616 336 3683 Ven.
359 3613 487 3679 111.15.
510 3609 652 3692 ὀλοίιος,
675 3612 738 3678 nisi
759 3613 787 3677 is
806 3611 928 3690 ὄλοίιος
945 3613 1075 3701 scripsit
1094 3613 1247 3699 exemplo

124 3715 287 3794 Hesiodi,
315 3736 381 3800 quo
408 3715 497 3781 ducti
518 3714 730 3782 Grammatici
753 3709 893 3802 γελοίως
913 3712 1085 3779 finxerunt
1131 3713 1183 3778 Ita
1204 3713 1247 3779 ab

125 3843 194 3887 una
215 3818 316 3906 stirpe
338 3816 501 3904 gradatim
527 3817 710 3905 proserpait
736 3812 816 3881 silva
838 3813 1055 3902 epithetorum
1076 3809 1155 3893 ὄλός
1177 3815 1248 3881 sive

127 3915 242 4001 οὖλος,
267 3912 367 3998 ὀλοὸς
383 3919 450 3986 sive
469 3913 602 3998 οὖλοός,
624 3910 749 3996 οίίλιος,
770 3910 899 3997 ὄλοιός,
921 3911 1061 3997 ὀλοίιος,
1078 3927 1247 4004 postremo

126 4016 298 4107 ὀλοφώιος
321 4022 416 4106 quasi
437 4020 478 4086 ah
501 4015 626 4108 ὀλοφίς
648 4028 684 4082 ut
706 4013 871 4103 λμολοίιος
890 4041 930 4085 ex
948 4021 1153 4105 quorundam
1168 4042 1247 4084 sen-

127 4122 230 4184 tentia
253 4122 295 4186 ah
314 4119 447 4205 ὅμολος.
490 4121 557 4187 Hic
579 4120 647 4185 iota
666 4142 733 4184 non
753 4132 790 4183 ut
810 4120 844 4184 in
866 4123 1022 4197 λοιόθιος
1044 4122 1246 4187 extrinsecus

123 4233 306 4286 assumtum
329 4222 388 4286 sed
415 4244 456 4286 ex
477 4222 673 4306 contagione
696 4221 917 4286 antecedentis
946 4222 1144 4309 diphthongi
1166 4244 1247 4309 pro·
