2736 4778
316 366 382 432 nu
403 365 694 434 omninnnsr.
733 365 773 433 c.
789 366 838 433 n
861 371 887 454 s.
905 368 936 434 o.
1111 376 1186 449 525

70 549 183 614 merito
206 550 350 636 praefert
368 549 568 636 Apollonius
589 550 677 615 Adv.
699 550 780 629 538,
803 553 854 617 11.
873 549 1014 640 Ὑσοιίτη
1040 549 1058 620 ὁ
1080 552 1187 639 ῥύπος

68 650 161 717 Suid.
187 661 221 714 et
241 647 427 738 Εἰλκτῆρες
447 645 567 716 ἑνιύτια
576 652 659 715 Hes.
677 650 799 717 librarii
814 663 1046 740 perverterunt.
1067 655 1186 723 Paullo

68 750 250 816 abstrusior
283 761 334 816 est
364 750 542 838 disputatio
575 773 654 816 num
686 753 808 818 vocalis
844 776 885 818 ex
912 776 979 818 una
1003 754 1128 840 syllaba
1152 757 1188 824 in

66 854 202 918 alteram
229 852 379 917 traducta
405 875 480 918 cum
501 851 607 917 vocali
637 854 708 938 ejus
735 854 898 939 syllabae,
926 856 961 920 in
994 878 1093 941 quam
1120 867 1186 922 tra·

67 954 168 1018 ducta
189 963 248 1031 est,
272 952 514 1040 diphthongum
534 953 664 1019 efficere
691 955 806 1041 possit.
851 956 893 1021 Id
924 956 1010 1021 clare
1039 977 1185 1042 pronun-

67 1055 134 1119 ciat
156 1055 268 1121 Schol.
293 1055 361 1122 Od.
382 1055 447 1121 ΠΙ.
469 1055 541 1121 178.
568 1051 645 1141 γόνυ
666 1052 783 1141 γύνοος
804 1055 862 1122 ναὶ
881 1052 962 1143 ὁύρο
984 1051 1106 1141 δόρυος
1126 1056 1187 1123 καὶ

67 1149 152 1220 καθ’
179 1150 362 1240 ὑπέρθεσιν
383 1152 501 1242 γουνύς
525 1153 583 1222 καὶ
604 1152 743 1242 δουρός,
768 1167 801 1221 et
824 1155 1077 1223 Chooroboscus
1100 1157 1183 1224 Can.

65 1255 141 1332 376,
162 1255 194 1320 5.
219 1255 334 1322 iisdem
352 1256 459 1323 verbis
481 1279 561 1323 usus
588 1257 648 1322 sed
673 1257 781 1321 statim
810 1258 902 1322 addit
931 1254 1016 1324 ἀλλὰ
1043 1255 1183 1324 δύναται

64 1355 125 1420 καὶ
148 1350 218 1423 dno
240 1360 298 1424 τού
318 1352 476 1442 γούνατος
498 1358 555 1424 καὶ
577 1353 740 1442 δούρατος
761 1357 825 1424 hoc
848 1369 899 1424 est
919 1382 979 1446 per
1000 1381 1181 1446 syncopen.

64 1458 163 1522 Hanc
177 1456 372 1544 approbavit
381 1459 595 1525 Herodianus
606 1481 635 1524 v.
647 1458 738 1524 Diss.
752 1459 794 1524 dc
807 1459 905 1544 Syna.
916 1461 957 1526 P.
969 1460 1016 1526 II.
1033 1482 1060 1526 c.
1072 1460 1100 1525 I.
1113 1464 1138 1545 6.
1151 1461 1185 1526 7.·

64 1557 195 1640 rejectis
223 1559 447 1637 nominativis,
479 1583 563 1646 quos
594 1558 731 1646 Trypho
761 1561 890 1646 posuit,
920 1556 983 1648 δόρ
1008 1570 1041 1625 et
1067 1556 1125 1646 yo‘v
1149 1584 1179 1626 v.

64 1658 185 1723 Parall.
214 1658 264 1725 76.
295 1660 411 1726 eadem
438 1659 586 1727 libertate
612 1685 691 1726 usus
720 1683 786 1747 quo
813 1684 876 1727 nos
905 1658 1028 1737 στύδα,
1062 1657 1181 1729 Πύκνα

10 1781 13 1784 ’
65 1759 215 1844 aliosque
236 1781 332 1826 casus
354 1762 530 1830 defectivos
556 1764 599 1828 ad
626 1764 769 1829 themata
791 1784 982 1830 revocamus
1004 1762 1128 1828 indicta
1150 1774 1184 1828 et

63 1859 251 1925 ineffabilia.
304 1862 351 1926 Hi
383 1863 575 1930 metathesin
603 1865 699 1930 istam
733 1865 946 1951 repudiarunt
970 1863 1107 1930 fortasse
1138 1863 1181 1930 ob

65 1984 138 2026 eam
167 1984 300 2029 causam
327 1964 405 2049 quia
433 1966 596 2050 genitivus
617 1961 735 2051 γόνυος
762 1987 830 2029 non
859 1964 979 2049 legitur
999 1965 1062 2029 nisi
1092 1966 1182 2050 apud

66 2062 185 2128 Galen.
229 2063 352 2146 Quom.
376 2066 481 2131 simul.
508 2091 541 2154 p.
564 2068 597 2132 4.
620 2067 661 2132 Τ.
682 2066 784 2131 ΧΙΧ.
808 2075 841 2130 et
862 2065 1100 2132 Grammaticos
1123 2067 1180 2149 qui

64 2165 164 2229 etiam
197 2165 305 2233 dativo
338 2163 477 2253 yovrioor
510 2177 643 2232 utuntur
675 2177 712 2230 ut
744 2165 854 2233 Schol.
888 2168 981 2232 Aret.
1012 2165 1085 2232 575.
1107 2166 1180 2232 586.

62 2266 137 2330 615.
160 2268 234 2334 272.
257 2264 379 2354 ύύροος
396 2292 438 2334 ne
456 2268 547 2356 apud
561 2268 622 2333 hos
642 2267 792 2352 quidem3
815 2289 922 2352 nequo
941 2267 1045 2354 magis
1057 2268 1182 2353 cogniti

64 2378 142 2431 sunt
162 2363 276 2452 μύνεος
301 2380 334 2434 et
356 2368 482 2456 δόριος,
507 2368 626 2455 quibus
646 2371 866 2435 Buttmannus
883 2369 1027 2436 Gramm.
1052 2369 1079 2434 I.
1107 2369 1179 2435 223.

62 2468 165 2534 utitur
184 2471 312 2556 epsilon
336 2472 468 2536 rrltimae
494 2493 568 2536 cum
588 2457 736 2537 'o'micro
756 2469 977 2536 antecedentis
992 2479 1181 2534 concretum

62 2584 194 2657 putans.
236 2572 363 2638 Eadem
385 2572 512 2637 ratione
535 2595 569 2658 p.
591 2571 666 2638 264.
687 2582 722 2636 et
742 2572 816 2638 266.
839 2571 988 2637 enucleat
1009 2592 1180 2657 compara·

61 2670 146 2736 tivos
168 2665 321 2755 ἀμείνων,
344 2669 467 2755 μείζων
483 2684 543 2739 eto.
568 2673 728 2760 neglectis
748 2684 893 2739 veterum
915 2671 1178 2739 auctoritatibus:

60 2769 180 2868 χερύιον
209 2768 243 2838 ἐν
271 2766 513 2860 ύιτερβιβασμῷ
544 2771 670 2858 γίνεται
693 2771 812 2859 χείρων
840 2773 930 2841 Gud.
957 2773 1038 2852 564,
1068 2772 1118 2839 15.
1141 2772 1180 2841 τὸ

61 2867 184 2950 ύλίζων
207 2869 447 2960 ἐσχημάτισται
471 2873 559 2941 κατὰ
580 2870 711 2954 πάθος·
736 2872 831 2960 παρὰ
862 2875 925 2959 γὰρ
950 2874 990 2940 τὸ
1022 2865 1179 2958 ύλιμιύτε-

60 2995 120 3057 ρος
147 2968 233 3038 κατὰ
256 2967 410 3059 δεύτερον
435 2966 542 3040 τύπον
563 2973 603 3040 τύ
635 2968 770 3059 ύλιμίων
799 2972 963 3051 ἐξέπιπτε
987 2973 1114 3038 Herod.
1136 2973 1180 3036 ad

60 3071 102 3137 Il.
124 3071 258 3137 XVIII.
280 3071 353 3137 519.
376 3071 530 3157 idemque
555 3072 652 3137 otiam
675 3074 716 3138 de
742 3072 859 3158 χείρων
880 3072 1032 3138 statuisse
1052 3073 1181 3138 videtur

58 3173 154 3238 Mon.
173 3196 206 3259 p.
225 3173 278 3238 41.
303 3184 336 3238 et
357 3173 398 3238 de
422 3166 567 3256 ἀμείνων
587 3184 684 3257 atque
705 3171 836 3256 μείζων,
859 3194 945 3257 quae
967 3172 1083 3238 eodem
1104 3172 1178 3237 loco

59 3273 222 3359 producit
267 3273 332 3340 His
352 3276 570 3340 Buttmaunus
592 3296 625 3360 p.
638 3274 712 3340 223.
736 3272 885 3359 adjungit
907 3265 1004 3350 οὖλος
1026 3282 1180 3356 tanquam

59 3396 102 3439 ox
131 3367 230 3451 ὀλούς
261 3385 389 3453 natum,
420 3375 509 3460 quod
542 3375 792 3442 incertissimum
821 3384 887 3450 est3
918 3373 1120 3440 Doederlein
1141 3373 1176 3437 in

63 3474 176 3541 Gloss.
200 3499 233 3561 p.
251 3475 309 3541 87.
332 3473 453 3566 φόνιος
473 3477 600 3566 (powele,
622 3497 655 3564 p.
668 3477 740 3542 117.
763 3473 864 3543 ιτενιά
884 3480 994 3554 πεῖνα,
1017 3474 1180 3540 aliusior·

59 3575 144 3640 sitan
177 3589 326 3662 apponat
354 3575 514 3660 θεμέλιον
541 3575 719 3662 otperto,
752 3577 812 3642 sed
840 3574 956 3641 horum
983 3575 1107 3642 nullum
1130 3587 1180 3642 est

60 3678 153 3762 quod
182 3699 250 3742 nou
286 3677 379 3743 aliter
411 3677 568 3764 explicari
595 3678 715 3766 possit;
750 3700 811 3744 nec
844 3678 887 3741 ad
918 3677 1016 3743 fidem
1037 3678 1181 3744 firmiora

59 3790 137 3844 sunt
159 3800 244 3864 quae
260 3779 456 3845 Buttmonni
480 3780 711 3866 suffragatores
740 3780 955 3858 induxerunt,
987 3774 1137 3864 μάκαιρα
1159 3801 1181 3842 a

55 3878 283 3967 ponopio¹⁸)‚
309 3881 449 3964 μέλαινα
472 3879 663 3964 epularier,
687 3877 855 3970 εὐνήτειρα
878 3904 919 3948 ex
942 3876 1095 3968 εύνήτρια
1116 3889 1178 3945 etc·

130 4050 174 4117 18)
188 4049 253 4104 Ηοα
266 4050 352 4121 louge
371 4047 452 4102 aliter
465 4048 609 4120 explicant
621 4061 729 4107 vetares
742 4069 811 4123 quoa
824 4051 854 4105 iu
865 4048 952 4104 Proll.
961 4049 1002 4100 38.
1018 4041 1176 4114 introduxi3

55 4151 151 4205 neque
170 4134 225 4189 luit
242 4135 290 4207 qui
308 4129 401 4208 Κύΐρα
422 4152 457 4189 cx
477 4140 570 4204 Καρία
589 4152 755 4190 conversum
775 4136 893 4190 diceret.
927 4129 1074 4186 Sententia
1085 4147 1176 4202 nuper

56 4221 165 4293 placita
178 4239 264 4276 unum
275 4222 363 4276 habet
376 4223 428 4275 sed
440 4220 562 4274 debilem
577 4221 717 4276 fautorem
731 4221 960 4275 Choeroboscum
975 4217 1003 4271 ln
1016 4216 1118 4273 Psalm.
1132 4217 1174 4284 62,

56 4309 82 4361 3.
98 4307 129 4362 ἐν
142 4311 190 4362 τοῦ
201 4312 278 4380 μένω
290 4312 376 4378 porta
390 4309 437 4360 rol
455 4303 522 4360 καθ’
539 4303 747 4378 ύνιιρριρασμύν
757 4311 850 4376 μνεία.
