2736 4778
186 395 244 461 nn
267 363 735 476 ominansu'nmnussr
757 399 815 460 esc.
848 394 883 461 P.
894 394 935 460 11.
959 393 1044 461 cn
1068 394 1095 480 §-
1106 394 1136 459 5.
1178 389 1248 459 roo

206 558 255 625 De
295 560 378 626 crasi
409 560 443 624 in
475 557 643 625 verborum
675 555 758 625 flexu
791 559 987 642 grammatici
1019 564 1140 638 tacent,
1182 556 1240 624 sed

121 661 159 728 G.
181 661 363 728 Dindoriius
386 662 575 746 Aeschylum
603 661 690 726 Pers.
717 660 800 727 1024
827 682 885 744 pro
907 661 1093 744 imperativo
1116 660 1240 728 ἐπιθόιι

121 765 282 830 deuitandi
314 767 479 847 anapaesti
511 783 607 832 causa
643 762 752 847 ἐπιβιῦ
787 764 952 845 scripsisse
985 768 1148 844 antumat;
1186 763 1240 828 alii

122 868 257 950 synizesi
281 874 464 934 excusatum
486 869 619 944 habent;
652 866 834 933 Hermanno
855 872 1004 933 neutrum
1026 866 1240 933 necessarium

121 970 246 1035 videtur
268 975 405 1053 recepto,
427 970 511 1052 quod
532 971 565 1036 in
587 970 655 1037 cod.
677 971 748 1036 Par.
770 971 895 1052 legitur,
918 970 1052 1052 simplici
1073 968 1151 1054 βόα.

208 1073 245 1138 In
267 1073 491 1154 compositione
514 1074 631 1139 vocalis
653 1074 824 1140 connexiva
839 1091 909 1138 cum
922 1072 1018 1154 alpha
1028 1073 1240 1156 subsequente

121 1175 306 1258 plerumque
328 1177 361 1240 in
382 1176 553 1246 inclusit:
573 1168 820 1259 “1πττώναξ*)
845 1177 938 1263 παρὰ
961 1174 1000 1242 τὸ
1013 1170 1242 1256 ‘innodans

122 1277 203 1343 κατὰ
237 1276 423 1365 σαναίρεσιν
458 1277 608 1343 Choerob.
632 1276 722 1343 Orth.
749 1278 822 1344 225.
845 1277 895 1358 33,
929 1276 1164 1368 Χειρόαταξ
1184 1279 1240 1346 καὶ

122 1380 206 1445 κατὰ
228 1385 347 1469 κρᾶσιν
370 1380 596 1465 Χειρῶααξ,
621 1375 849 1461 Ἵππόαναξ
870 1377 1080 1462 Ἱππῶναξ
1100 1382 1241 1465 Epiml

123 1481 195 1549 lot.
224 1485 260 1550 15
290 1483 418 1569 [Phryn.
442 1482 504 1549 674
527 1483 596 1567 sq.].
641 1483 670 1548 A
691 1483 872 1567 Thucydide
895 1485 1070 1567 Spartanus
1092 1486 1146 1550 ille
1168 1503 1257 1551 con·¹

123 1592 245 1652 stanter
253 1583 490 1666 ,Πλειστοάναξ
505 1586 579 1669 (hoa
590 1586 736 1669 accentu)
753 1580 930 1652 'vocaturV
945 1587 992 1669 16,
1015 1589 1096 1654 alius
1112 1588 1240 1671 quidam
1263 1631 1265 1640 -

121 1689 154 1753 in
186 1688 284 1755 Inscr.
309 1685 521 1768 Πλειστάναξ
551 1688 778 1770 praetermissa
808 1691 910 1756 vocali
942 1697 979 1756 ut
1000 1689 1187 1769 ναοάλωτας
1208 1695 1242 1756 et

122 1789 291 1870 νεάλωτας.
337 1790 417 1858 Cum
429 1789 605 1879 Χειρώααξ
626 1792 691 1857 sive
704 1794 883 1879 Χειρῶναξ
902 1794 1115 1860 Buttmannus
1127 1794 1164 1878 ἕ.
1179 1792 1241 1858 120

122 1895 193 1960 adn.
216 1897 236 1962 6
258 1901 421 1977 comparat
443 1891 605 1982 αὐθάδης,
640 1895 729 1960 cuius
751 1896 945 1976 primitivum
966 1897 1055 1978 ponit
1077 1891 1242 1978 αὐτοάδης

122 2004 155 2063 et
186 1998 259 2064 huic
286 2000 463 2080 proximum
486 1994 651 2085 αιἰαώόης.
708 1998 776 2063 Hoc
798 1999 925 2081 quidem
947 1998 1061 2081 deficit,
1085 1999 1141 2064 sed
1162 1992 1240 2063 Αὐ-

122 2099 229 2189 τώδης
262 2097 468 2186 ἷδιαγνώμων
499 2100 632 2183 praebet
661 2100 856 2183 Hesychius,
889 2102 1035 2184 idemque
1057 2101 1241 2183 Apollonius

121 2201 278 2268 Pronus
300 2203 405 2270 Ionice
427 2224 485 2286 pro
508 2200 660 2290 αὐθάδης
682 2204 745 2269 dici
767 2203 924 2287 significat
946 2203 997 2290 [ci.
1020 2204 1037 2270 I
1058 2204 1145 2289 3031.
1197 2204 1240 2270 Hi

121 2306 218 2388 igitur
234 2301 388 2393 αὐθάδης
401 2313 435 2372 et
446 2301 775 2390 aocdpsoaognatura
796 2307 880 2372 idem
903 2305 1078 2388 significare
1101 2308 1242 2374 credunt

125 2446 160 2456 —
187 2408 266 2474 Cum
289 2411 400 2476 eodem
421 2410 517 2476 uerbo
539 2409 681 2475 nonnulli
703 2428 818 2475 nomen
839 2411 926 2492 proci
947 2411 1123 2493 Penelopae
1146 2430 1240 2494 copu-

122 2511 222 2577 latum
244 2517 410 2594 putarunt,
443 2532 522 2596 qnos
550 2510 667 2577 refellit
689 2511 925 2578 Choeroboscus
949 2513 988 2579 de
1011 2513 1086 2579 Ton.
1108 2512 1172 2579 435
1196 2533 1241 2597 sq.

121 2614 159 2678 τὸ
176 2611 366 2703 Λειώδης
389 2612 522 2701 λέγουσι’
544 2640 630 2694 τινες
651 2606 736 2710 εἶναι
759 2613 920 2682 σύνθετον
943 2617 1036 2703 παρὰ
1063 2616 1101 2683 τὸ
1129 2612 1242 2685 ἁδεῖν

122 2720 175 2804 τῷ
197 2722 296 2805 λαῷ,
331 2714 402 2785 ἀλλ’
439 2717 528 2784 ἔστιν
561 2717 693 2785 ἁπλοῦν
727 2719 923 2804 παραγωγὸν
946 2720 1038 2806 παρὰ
1062 2718 1099 2785 τὸ
1123 2721 1241 2799 λεῖος.

121 2819 172 2884 llli
204 2818 340 2886 fortasse
373 2839 487 2886 nomen
509 2817 670 2908 Δημάδης
697 2823 731 2886 in
752 2822 904 2886 memoria
924 2822 1118 2902 habuerunt,
1152 2823 1241 2889 cuins

123 2923 218 3005 alpha
240 2925 273 2996 si¹
289 2925 480 3006 producitur,
504 2922 690 3006 significatio
714 2943 785 2989 cum
808 2925 954 3007 syntheto
977 2925 1030 2990 illo
1053 2925 1205 3006 congruit.

206 3025 291 3092 Num
313 3028 364 3097 ῖιῖ
387 3031 421 3090 et
441 3029 492 3096 “05
515 3027 701 3090 commutari
723 3028 853 3108 possint,
875 3028 961 3092 varie
985 3023 1172 3108 disputatur,
1195 3027 1241 3090 lo·

122 3129 244 3195 tissime
279 3149 299 3195 a
332 3127 548 3194 Choerobosco
582 3126 657 3193 (lan.
680 3129 752 3196 2l2.
775 3129 813 3194 21
851 3124 890 3194 οὐ
924 3124 1095 3212 δυνάμεθα
1128 3123 1244 3208 εἰπεῖν,
1356 3130 1359 3135 ’

124 3227 192 3297 dno
216 3235 275 3298 ταῦ
300 3227 393 3310 roric
424 3228 527 3313 βόας
559 3231 725 3317 γεγονέναι
760 3231 853 3310 τοὺς
884 3235 980 3314 βοῦς
1010 3229 1092 3295 κατὰ
1115 3234 1242 3317 κρᾶσιν·

123 3329 285 3402 οὐδέποτε
316 3335 378 3422 γὰρ
401 3332 439 3398 τὸ
462 3338 487 3405 ὅ
510 3333 565 3399 καὶ
586 3335 615 3403 ἐἶ
648 3330 697 3414 εἷς
720 3335 776 3423 τὴν
797 3339 840 3407 ὀἳ
867 3331 1016 3421 κίρταται
1042 3329 1110 3400 ἀλλ’
1136 3329 1181 3412 εἷς
1203 3334 1242 3404 ὗε

120 3435 268 3521 βελτίω
291 3463 320 3504 κ.
344 3465 370 3504 τ.
396 3439 423 3503 λ.
465 3431 552 3502 ’All'
578 3431 753 3523 ὁμοφωαία
781 3441 838 3519 τῆς
865 3433 1052 3524 αἰτιατικῆς
1074 3437 1159 3523 πρὸς
1185 3437 1244 3523 τὴν
1329 3477 1332 3482 -

123 3539 267 3607 εὐθεῖαν·
290 3544 378 3608 πᾶσα
402 3540 465 3627 γὰρ
488 3533 606 3606 εὐθεῖα
631 3541 864 3627 πληθυντικῶν
888 3535 934 3616 εἷς
956 3542 999 3616 ἐἷ
1023 3533 1165 3626 λήγουσα
1188 3537 1244 3606 καὶ

125 3642 331 3732 αυνηρημέτη
354 3642 421 3725 ἔχει
448 3643 507 3729 τὴν
529 3637 708 3729 αἰτιατικὴν
731 3638 926 3729 ὁμόφιανοατ
950 3639 987 3709 oi
1009 3638 1128 3725 ἰχθῦς
1151 3643 1244 3721 τούς

125 3743 309 3829 ἰχθῦς,οῖ
331 3742 443 3833 ἡδεῖς
464 3744 554 3824 τοὺς
576 3739 985 3833 ἦδεῖς,αὶκρείτταυς
1004 3746 1098 3824 τοῦς
1114 3743 1242 3832 κρείτ·

124 3873 220 3926 τους
243 3854 311 3929 eta,
345 3853 441 3930 atque
473 3848 523 3914 his
545 3849 684 3931 applicat
705 3845 886 3914 sor-sol
914 3866 1083 3930 personam
1115 3847 1242 3913 tertiam

126 3948 258 4018 διδόασι
284 3953 431 4028 διδοῦσι,
466 3951 506 4016 de
539 3969 602 4033 qna
635 3956 668 4017 et
699 3949 853 4016 similibus
886 3951 1055 4016 verborum
1076 3951 1108 4014 in
1129 3951 1172 4035 ᾗῖ
1194 3948 1239 4014 di·

126 4055 254 4124 scordes
288 4055 421 4120 duorum
453 4052 629 4134 principum
668 4055 944 4133 grammaticorum
982 4053 1099 4135 placita
1129 4050 1242 4118 refert:

121 4152 327 4244 Ἡρωδιανὸς
350 4179 462 4244 φησιν,
486 4151 539 4220 ὅτι
562 4154 683 4243 κυρίως
695 4154 858 4244 διαίρεσίς
869 4155 957 4222 ἐστιν
971 4154 1005 4223 ἒν
1015 4159 1062 4244 τῷ
1084 4159 1242 4222 τιθεῖσι

194 4379 223 4445 Ὅ
242 4381 288 4433 De
300 4386 404 4434 ααεττιτιι
420 4400 443 4433 o.
464 4381 580 4451 Prolepq.
594 4398 623 4449 p.
642 4380 701 4434 iil.
719 4381 781 4433 ada.
798 4378 841 4433 21.
