2736 4778
126 346 189 413 los
500 344 779 411 olssult‘rnrro
811 344 883 413 m

608 576 694 660 Gap.
716 576 759 643 11

333 746 389 821 De
415 770 464 843 ny
487 747 727 848 paragoge'co
752 742 1038 817 declinabilium.

211 924 239 1007 ξ.
265 926 292 988 l.
335 922 457 987 liorum
477 921 541 987 duo
561 921 713 1003 primaria
733 939 860 1002 genera,
882 919 1010 985 verbale
1031 926 1066 985 et
1079 920 1255 999 nominnle,

123 1025 344 1108 complectitur
365 1024 548 1106 Apollonius
569 1024 649 1089 Adi.
670 1024 744 1089 520.
765 1022 808 1089 33
830 1023 869 1089 τὸ
892 1024 920 1094 ἶ
931 1017 1143 1104 πῶμπσλλόν
1167 1021 1257 1089 ἔστιν

124 1130 158 1195 ἐν
191 1135 237 1215 τῷ
270 1131 468 1214 πλεονασμῷ
501 1124 596 1193 ἕνεκα
629 1121 795 1213 εὐφωνίας
820 1122 1176 1212 τιαραμαμβανόμενον
1199 1124 1255 1191 ἐπὶ

125 1230 251 1307 παντὸς
280 1225 594 1315 βραχυκαταλήκτου
620 1224 783 1314 priuatos:
817 1227 965 1315 ἔλεγεν,
999 1226 1177 1319 ἔλαβεν,
1200 1228 1255 1295 κατ’

124 1330 182 1399 ἐπὶ
215 1331 354 1397 δοτικῶν
386 1332 450 1394 τῶν
482 1324 575 1407 τὶςῖ
603 1333 787 1417 ληγυυσῶντ
806 1326 1021 1416 χρήμασιν.
1087 1330 1137 1395 Et
1159 1331 1255 1414 paulo

124 1434 250 1517 plenius
282 1430 440 1497 Maximus
471 1430 630 1497 Planudes
662 1432 695 1497 in
726 1449 858 1513 pamm
884 1450 915 1513 p.
936 1432 978 1497 57
1002 1431 1037 1497 Τ.
1061 1432 1096 1497 11
1117 1432 1253 1499 Bachm

123 1538 166 1603 τὰ
199 1531 249 1614 εἷς
267 1537 299 1607 ’ἶ
323 1533 380 1600 καὶ
413 1537 440 1602 ἶ
463 1530 601 1620 λήγοντα
634 1532 729 1617 τρίτα
761 1531 932 1621 πρόστυπα
965 1539 1030 1600 τῶν
1052 1530 1176 1601 ἑνικῶν
1198 1536 1251 1601 καὶ

125 1640 358 1724 πληθυντικῶν
379 1631 533 1723 ῥημάτιον
555 1636 610 1703 καὶ
634 1633 668 1703 αἱ
691 1632 739 1714 οἷς
766 1642 783 1707 ἶ
809 1637 940 1703 δοτικαὶ
973 1640 1038 1703 τῶν
1062 1639 1252 1724 πληθυντι-

123 1744 189 1806 κῶν
210 1743 356 1823 μετοχῶν
389 1738 445 1804 καὶ
479 1734 651 1821 ὀνομάτων
671 1736 869 1827 ἐφέλκονται
903 1735 955 1806 ἀεὶ
988 1738 1027 1804 τὸ
1049 1742 1078 1809 ἶ
1099 1738 1159 1805 καὶ
1182 1738 1250 1807 ἔστι

124 1846 221 1907 τοῦτο
255 1845 313 1925 τῆς
347 1844 409 1906 τῶν
429 1836 586 1907 Ἀττικῶν
613 1842 798 1908 διαλέκτου.
836 1837 946 1917 Ἴωνες
977 1841 1015 1909 δὲ
1037 1840 1118 1923 δι’χα
1145 1840 1252 1911 aad?

127 1945 363 2031 προφέρονται,
385 1942 569 2025 quibuscum
592 1944 634 2009 ad
661 1943 794 2009 verbum
814 1942 881 2009 lere
903 1943 1049 2009 convenit
1072 1943 1248 2009 scholiasta

125 2045 1250 2134 AristinintroituhuiusPartlproductus.Abhisquaenominantu

126 2150 250 2217 vocales
272 2169 335 2215 non
356 2150 443 2215 solae
464 2147 527 2213 huc
547 2148 707 2225 inclinant,
730 2148 788 2212 sed
804 2146 1001 2229 frequentius
1011 2148 1140 2227 ουτοι-ιε,
1163 2148 1248 2213 ideo

125 2270 187 2334 que
209 2252 409 2317 celebrantur
430 2252 463 2315 in
485 2250 719 2317 commentariis
739 2252 1030 2331 grammaticorum:
1053 2250 1093 2315 τὸ
1111 2249 1247 2338 {dpat-

126 2349 281 2419 κυοτικόν
303 2352 374 2420 ἐστι
398 2358 457 2421 τοῦ
477 2356 508 2425 ἶ
527 2352 562 2417 ἐν
584 2357 653 2430 τοῖς
686 2350 811 2436 τρίτοις
833 2350 1030 2438 προσώποις
1050 2349 1173 2437 ῶσπερ
1195 2352 1248 2417 καιΙ

125 2454 164 2520 τὸ
185 2456 213 2524 ἶ
235 2453 360 2541 γίνεται
389 2452 624 2544 ἕηελκυστικὸν
651 2457 710 2518 τοῦ
734 2456 777 2535 ἶ,
801 2452 883 2521 ὅταν
903 2451 962 2541 ἔχη
995 2451 1250 2540 προηγούμενον

126 2558 163 2622 τὸ
189 2560 220 2628 ἶ
243 2552 264 2642 ἢ
287 2555 418 2639 δυνάμει
443 2553 465 2643 ἢ
487 2554 633 2643 ἐνεργείᾳ
655 2553 807 2620 Choerob.
831 2556 906 2620 Can.
932 2553 1031 2621 1689
1054 2561 1088 2619 el
1108 2554 1186 2620 531.
1203 2554 1249 2620 ¹0.

126 2659 195 2724 Hoc
217 2665 267 2724 est
288 2660 384 2723 breve
407 2666 441 2724 et
462 2657 633 2723 dilucidum
655 2657 849 2736 prooemium
871 2658 1109 2722 mirsultationis
1132 2658 1249 2740 longae

126 2761 296 2842 multisque
324 2760 563 2827 difficultatibus
589 2759 778 2824 obstructae.
823 2758 905 2823 Nam
926 2778 1023 2840 quum
1045 2760 1249 2825 attractionis

126 2863 208 2928 ratio
230 2862 345 2944 duplex
377 2864 433 2941 sit,
467 2861 634 2943 effugiendi
668 2861 775 2926 hiatus
807 2867 838 2925 et
861 2862 1081 2942 producendae
1104 2861 1250 2944 syllabae

125 2965 250 3046 brevia,
284 2965 427 3048 quaestio
460 2964 636 3043 suboritur,
670 2970 826 3045 quatenus
859 2982 983 3045 quaque
1021 2963 1074 3028 fini
1108 2970 1249 3047 utraque

126 3069 264 3134 tenenda
285 3070 327 3133 sit
348 3087 409 3132 non
433 3068 534 3133 solum
555 3069 588 3133 in
610 3067 810 3145 carminibus
833 3067 890 3132 sed
912 3068 944 3131 in
961 3084 1107 3131 sermone
1119 3084 1249 3149 quoque

126 3170 265 3235 numeris
288 3171 399 3235 soluto.
454 3169 502 3236 De
530 3170 593 3235 illis
616 3170 643 3235 si
666 3169 742 3251 quid
764 3169 969 3234 dubitationis
990 3169 1115 3246 incidit,
1148 3169 1249 3233 idad

126 3274 273 3338 exitum
295 3291 472 3337 versuum
496 3274 646 3354 pertinet,
681 3274 712 3337 in
745 3291 806 3354 quo
835 3271 907 3337 libri
931 3272 1052 3352 antiqui
1072 3271 1249 3352 plurimum

127 3374 209 3439 inter
231 3393 266 3439 se
288 3375 469 3455 discrepant
491 3373 600 3438 literas
615 3374 820 3455 paragogioas
832 3373 1127 3452 modoomittentes,
1150 3374 1249 3439 modo

126 3476 280 3541 addentes
312 3477 362 3540 vel
396 3475 436 3540 ob
468 3475 589 3539 hiatum
612 3476 662 3541 vel
694 3476 734 3540 ad
757 3476 989 3556 aggravandam
1012 3475 1167 3558 syllabam
1191 3494 1243 3541 er·

126 3586 268 3643 tremam.
314 3576 492 3642 Secundum
514 3569 600 3643 illam
623 3578 776 3642 rationem
799 3579 830 3643 in
854 3577 960 3643 codice
982 3577 1058 3656 Pol,
1081 3583 1116 3641 ut
1137 3576 1247 3643 Elms·

126 3680 206 3746 leius
229 3677 326 3744 refert
348 3678 389 3742 ad
411 3679 520 3760 Eurip.
543 3680 656 3746 Bacclt
678 3680 756 3759 200,
787 3682 819 3744 in
841 3678 904 3745 fine
926 3680 1141 3744 trimetrorum
1164 3680 1246 3745 iam-

126 3782 266 3848 bicorum
278 3778 525 3867 σπαράγμασιν,
549 3778 731 3849 ὑπέσπασεν
743 3788 817 3848 alite
829 3782 977 3862 vocalem,
999 3782 1057 3847 sed
1072 3779 1245 3869 ζητήμασι,

125 3882 344 3970 λευκοπήχεσι
366 3887 440 3947 ante
462 3901 630 3950 consonam
652 3885 803 3966 scriptum
826 3892 885 3966 est,
906 3902 1039 3967 eamque
1052 3885 1246 3966 scripturam

127 3988 158 4051 in
181 3988 268 4053 Rom.
291 3988 319 4051 A
342 3992 524 4051 constanter
556 3988 677 4052 servari
704 3992 843 4053 testatur
864 3980 947 4052 idem
970 3987 1011 4051 ad
1033 3986 1117 4051 Med.
1139 4006 1168 4051 s.
1194 3987 1245 4053 76.

126 4089 326 4153 Hermannus
359 4108 433 4153 vero
467 4090 498 4154 in
520 4088 652 4154 Elemm.
674 4088 766 4154 Metr.
789 4089 853 4154 350
885 4087 1044 4154 vocabulis
1076 4107 1155 4170 pure
1190 4109 1244 4155 er·

127 4190 275 4255 euntibas
299 4191 413 4272 ubique
447 4210 488 4272 ny
510 4191 687 4256 addendum
714 4198 837 4271 censet;
870 4214 942 4255 οοοι
974 4192 1009 4253 in
1030 4190 1100 4275 fine
1121 4213 1248 4269 versae,

127 4294 236 4372 iuquit,
270 4294 416 4375 ηιιονιιίι-οι
452 4293 593 4355 anniani
627 4316 688 4354 coar
721 4306 748 4354 et
775 4318 884 4378 pauso
904 4292 955 4374 fit,
990 4293 1083 4379 torpa
1106 4292 1241 4378 ομῖίοΙισ,
