2736 4778
173 333 249 404 120
540 326 861 393 DISSERTATIO
894 326 922 390 Ι.

74 489 82 517 ⁰
170 512 273 594 Quod
294 509 409 575 mirum
427 521 476 575 est
495 512 583 577 unde
601 512 777 577 resciscere
793 511 946 599 potuerit.
976 511 1044 574 Pro
1057 506 1170 576 Ῥοῦτο
1188 516 1317 578 τοῦτο·

168 611 374 697 Hesychiu'm
402 613 521 699 ῥοῦτος
549 602 647 691 οὗτος
675 613 847 698 scripsisse
873 611 1023 679 Sturzius
1058 620 1170 676 censet
1199 613 1289 678 Dial.

168 715 224 782 Al.
249 713 302 778 45,
326 714 385 779 sed
404 711 528 797 Ῥεῖρος
551 711 770 799 ταλαίπωρος
786 714 1003 779 Ruhnkenius
1027 735 1047 777 a
1066 712 1206 778 librariis
1225 737 1289 802 pro

161 809 247 902 Ἰρος
266 816 431 880 invectum
452 837 525 880 esse
549 815 739 880 criminatur
746 839 755 891 ;
785 837 846 900 pro
870 810 976 902 Ἰσιηρ
1006 818 1120 902 σφῦρα
1143 813 1290 881 scriben-

168 916 247 981 dum
268 927 319 982 est
339 913 493 1003 ῥαισσηρ.

251 1034 353 1099 ΧΙΠ.
399 1033 508 1118 Super
537 1042 661 1098 ceteras
688 1057 865 1113 consonas,
894 1054 979 1117 quae
1002 1032 1154 1096 adhunc
1177 1031 1288 1097 locum

168 1136 349 1223 pertinent,
379 1133 475 1198 facile
505 1135 634 1199 excellit
656 1135 761 1222 sigma
782 1135 1006 1222 exemplorum
1024 1133 1233 1199 multitudine
1256 1146 1289 1200 et

166 1236 331 1300 varietate.
377 1234 474 1316 Quae
499 1234 526 1299 si
551 1257 612 1321 pro
641 1248 758 1302 natura
781 1239 893 1303 literae
918 1235 1148 1319 subsequentis
1172 1235 1288 1300 distin-

167 1348 320 1423 guuntur,
346 1336 411 1401 duo
436 1336 581 1401 existunt
601 1361 737 1423 genera,
768 1361 906 1424 quorum
936 1337 1027 1401 alteri
1049 1325 1191 1402 vocales
1209 1337 1287 1402 sub·

159 1439 269 1522 jectae
300 1449 390 1516 sunt,
424 1439 516 1503 alteri
539 1449 677 1524 quatuor
699 1462 916 1505 consonarum
937 1439 1075 1525 species.
1120 1439 1175 1504 De
1197 1447 1287 1504 utro-

167 1560 232 1624 que
261 1551 369 1605 autem
397 1562 497 1627 saepe
521 1540 638 1605 eadem
665 1565 749 1627 quae
781 1553 877 1606 antea
899 1541 988 1605 subit
1011 1540 1185 1606 haesitatio
1210 1539 1287 1605 hinc

166 1639 331 1727 prosthesi
358 1642 545 1727 proposita,
578 1641 654 1707 hinc
686 1643 868 1730 aphaeresi.
920 1642 989 1709 Sed
1019 1641 1160 1727 primum
1182 1641 1224 1706 de
1244 1642 1284 1705 iis

165 1741 297 1826 loquar,
326 1765 411 1826 quae
441 1742 550 1806 demto
578 1743 683 1828 sigma
711 1768 731 1808 a
748 1744 853 1810 vocali
876 1743 1056 1807 ordiuntur.
1101 1742 1193 1823 Quin
1214 1743 1284 1828 Ly-

166 1842 291 1929 cophro
305 1837 437 1919 ’Ἀλοες
457 1844 620 1925 vocaverit
641 1842 777 1910 Σάλσια
799 1845 921 1908 vitandi
943 1843 1050 1906 hiatus
1070 1864 1169 1908 causa
1189 1854 1285 1908 nem'o

166 1944 310 2020 dubitat3
334 1943 394 2008 sed
417 1943 458 2008 de
476 1945 547 2008 aliis
569 1946 716 2010 locorum
735 1944 969 2030 hominumque
990 1943 1174 2021 vocabulis,
1200 1965 1284 2028 quo-

165 2068 237 2110 rum
263 2068 330 2111 nou
359 2045 472 2109 eadem
502 2045 689 2126 celebritas,
716 2047 750 2110 in
779 2057 926 2111 neutram
955 2057 1082 2131 partem
1106 2044 1285 2130 quidquam

165 2149 263 2212 statui
295 2158 418 2232 potest3
450 2147 540 2211 velut
565 2143 776 2232 Ἀγάλοσσος
803 2159 835 2212 et
863 2147 981 2212 certius
1010 2144 1227 2230 Σογάλασσος
1254 2168 1285 2211 v.

149 2247 353 2313 ·Tzschuck.
375 2247 418 2310 ad
441 2247 547 2313 Strah.
567 2248 650 2312 XII.
677 2247 748 2312 190.
782 2244 1013 2334 Ἅλμοδηοσός
1037 2258 1070 2311 et
1091 2248 1285 2333 Σαλμυδησ-

166 2347 225 2427 σός
246 2349 333 2413 idem
358 2349 400 2411 ad
420 2348 501 2412 Mel.
525 2349 600 2415 Vol.
623 2348 688 2412 III.
709 2349 749 2412 P.
767 2349 813 2411 ΙΙ.
832 2348 883 2412 96.
900 2343 1139 2431 Ἀνδρόκοττος
1155 2358 1188 2411 et
1202 2350 1290 2412 Ean-1

166 2449 345 2535 δριὶκοττος
376 2448 479 2513 Indus
508 2447 773 2534 Schweighaues.
807 2449 851 2511 ad
876 2447 1022 2534 Appian.
1055 2447 1128 2531 Syr.
1153 2469 1182 2511 c.
1204 2447 1283 2513 LX.

159 2547 329 2635 Ἕρμύλιοι
363 2561 396 2614 ct
427 2546 606 2635 Σερμύλιοι
635 2549 772 2615 Ducker
804 2551 846 2613 ad
875 2549 980 2613 Thuc.
1009 2548 1036 2612 I.
1067 2547 1118 2613 65.
1147 2539 1285 2634 ’'llyscw

163 2653 307 2735 Σέγεστα
331 2661 391 2716 etc.
408 2654 501 2736 cujus
523 2651 652 2736 generis
675 2651 833 2716 nonnulla
854 2673 874 2715 a
892 2650 1056 2715 veteribus
1075 2671 1206 2735 quoqne
1223 2648 1283 2712 ad·

163 2762 276 2816 notata
302 2766 394 2817 sunt:
428 2751 574 2838 πότερον
606 2755 712 2838 λέγειν
742 2752 804 2841 χρη
829 2749 962 2829 ‘Eltolg
990 2747 1036 2829 ὡς
1064 2750 1234 2835 Πίνδαρος
1262 2745 1283 2835 ἢ

162 2853 313 2930 §attola
331 2851 376 2931 ὡς
393 2850 573 2921 ὑπονοοῦσι
592 2849 678 2939 παρ’
695 2850 831 2941 Ὁμήρῳ
849 2859 997 2930 κεῖσθαι,
1013 2848 1033 2939 ἦ
1051 2853 1163 2941 γραφη
1178 2847 1284 2936 ἀμφί-

161 2954 263 3036 βολος
277 2946 360 3020 οὖσα
381 2950 440 3020 οὐκ
459 2953 498 3041 ἐᾷ
515 2953 794 3038 διισχυρίζεσθαι,
819 2951 948 3021 οἴονται
968 2953 1004 3019 δὲ
1023 2948 1092 3019 ἀπὸ
1113 2956 1178 3018 τῶν
1201 2948 1285 3016 ἑλῶν

163 3051 251 3120 οὕτω
281 3057 461 3122 καλεῖσθαι
488 3055 596 3123 Strab.
624 3057 702 3123 VII.
730 3055 803 3120 328.
834 3055 874 3120 cf.
901 3055 1045 3121 Ellendt.
1068 3053 1151 3117 Lex.
1175 3051 1280 3137 Soph.

162 3154 209 3219 II.
223 3155 294 3220 704.
316 3151 412 3222 ’Ίιιον
432 3155 533 3235 πόλις
554 3157 759 3236 Θεσσαλίας,
782 3157 867 3234 τινὲς
889 3154 925 3222 δὲ
947 3154 1074 3220 §latura
1097 3148 1201 3239 αὐτὴν
1223 3177 1283 3216 κα·

163 3258 259 3323 totam
293 3258 349 3322 διὰ
382 3257 419 3321 ad
463 3255 646 3346 σιτοφόροι
679 3258 795 3345 steph
828 3255 1117 3342 Appellativorum
1150 3252 1282 3338 copiam

158 3357 301 3475 praebet
321 3356 509 3440 Hesychius
523 3353 651 3443 ’Ἀγανα
673 3358 755 3442 (hoc
777 3357 928 3441 accentu)
954 3353 1098 3445 σαγήνην
1121 3351 1281 3439 Κύπριοι,

158 3449 284 3540 Ἀκκόρ
308 3455 432 3534 σακκός
452 3452 676 3536 Λάκωνες)
671 3465 730 3542 Ιγσι
753 3459 830 3542 σίγα
853 3457 1019 3543 Κύπριοι,
1045 3452 1143 3522 'Inda
1165 3447 1281 3528 σιπύσ,

163 3577 302 3641 quorum
324 3558 389 3622 duo
414 3560 519 3644 prima
543 3559 755 3626 Grammatici
784 3581 804 3622 a
832 3554 946 3624 σάσσιο
974 3565 1142 3645 repetunt,
1173 3564 1282 3618 cetera

162 3657 410 3723 thematicorum
432 3660 540 3724 locum
560 3661 717 3738 obtinent,
740 3660 799 3724 sed
823 3681 864 3723 cx
881 3681 943 3722 usu
963 3657 1126 3724 communi
1146 3679 1173 3720 s1
1164 3655 1284 3738 'judi-·
1334 3648 1339 3654 ’

162 3767 289 3834 cantur,
320 3759 425 3843 sigma
448 3760 617 3846 proprium
637 3772 671 3827 et
693 3762 838 3825 nativum
864 3759 1060 3843 habentw).
1103 3756 1161 3822 Ad
1185 3756 1280 3842 pleo-

162 3880 312 3925 nasmum
340 3880 416 3922 vero
444 3862 550 3947 vergit
574 3858 692 3948 Σαμβη
721 3858 847 3950 ὀφρῦς,
882 3861 973 3943 cujus
1002 3880 1184 3944 synonyma
1205 3868 1283 3922 sunt

233 4097 279 4162 ld)
297 4096 355 4149 Pro
369 4091 555 4167 σημσνιὴριον
567 4095 612 4150 Du
626 4095 747 4165 (langius
762 4114 779 4152 e
793 4094 901 4152 Glossis
915 4097 997 4149 affert
1010 4089 1188 4164 ἠμανιηριον,
1202 4094 1282 4162 quad

162 4181 326 4251 Bernhardy
350 4181 455 4237 Suidae
480 4201 502 4236 s,
524 4180 758 4254 Ἀργυρσκοπεῖον
783 4181 896 4237 exemit.
931 4176 1054 4255 ’Ίριγγας
1078 4177 1125 4240 τὰς
1151 4177 1284 4252 ἀρτηρίας

159 4263 338 4339 Ἱπποκράτης
357 4269 461 4323 Zonur.
477 4266 652 4321 Tittmannus
671 4275 832 4340 corruptum
852 4275 948 4323 censet
968 4285 1004 4322 ex
1022 4261 1165 4341 σύριγγας.
