<?xml version="1.0" encoding="UTF-8"?>
<!DOCTYPE html PUBLIC "-//W3C//DTD XHTML 1.0 Transitional//EN"
    "http://www.w3.org/TR/xhtml1/DTD/xhtml1-transitional.dtd">
<html xmlns="http://www.w3.org/1999/xhtml" xml:lang="en" lang="en">
 <head>
  <title>
</title>
<meta http-equiv="Content-Type" content="text/html;charset=utf-8" />
  <meta name='ocr-system' content='tesseract 3.04.00' />
  <meta name='ocr-capabilities' content='ocr_page ocr_carea ocr_par ocr_line ocrx_word'/>
</head>
<body>
  <div class='ocr_page' id='page_1' title='image "./pathologiaegrae00lobegoog_0972.png"; bbox 0 0 2736 4778; ppageno 0'>
   <div class='ocr_carea' id='block_1_1' title="bbox 427 377 1237 464">
    <p class='ocr_par' dir='ltr' id='par_1_1' title="bbox 427 377 1237 464">
     <span class='ocr_line' id='line_1_1' title="bbox 427 377 1237 464; baseline -0.001 -20"><span class='ocrx_word' id='word_1_1' title='bbox 427 379 485 445; x_wconf 83' lang='lat' dir='ltr'><strong>mr</strong></span> <span class='ocrx_word' id='word_1_2' title='bbox 506 378 708 447; x_wconf 79' lang='lat' dir='ltr'><strong>mocorn.</strong></span> <span class='ocrx_word' id='word_1_3' title='bbox 752 377 786 445; x_wconf 90' lang='lat' dir='ltr'><strong>c.</strong></span> <span class='ocrx_word' id='word_1_4' title='bbox 807 379 845 446; x_wconf 85' lang='lat' dir='ltr'><strong>v.</strong></span> <span class='ocrx_word' id='word_1_5' title='bbox 867 380 886 464; x_wconf 72' lang='lat' dir='ltr'><strong>s</strong></span> <span class='ocrx_word' id='word_1_6' title='bbox 908 380 938 445; x_wconf 86' lang='lat' dir='ltr'><strong>a.</strong></span> <span class='ocrx_word' id='word_1_7' title='bbox 1174 377 1237 444; x_wconf 80' lang='lat' dir='ltr'><strong>aas</strong></span> 
     </span>
    </p>
   </div>
   <div class='ocr_carea' id='block_1_2' title="bbox 121 535 1313 3700">
    <p class='ocr_par' dir='ltr' id='par_1_2' title="bbox 122 535 1313 2979">
     <span class='ocr_line' id='line_1_2' title="bbox 123 535 1240 628; baseline 0.002 -24"><span class='ocrx_word' id='word_1_8' title='bbox 123 541 239 622; x_wconf 87' lang='lat' dir='ltr'><strong>reperi,</strong></span> <span class='ocrx_word' id='word_1_9' title='bbox 262 541 323 606; x_wconf 87' lang='lat' dir='ltr'><strong>nisi</strong></span> <span class='ocrx_word' id='word_1_10' title='bbox 345 543 430 609; x_wconf 87' lang='lat' dir='ltr'><strong>idern</strong></span> <span class='ocrx_word' id='word_1_11' title='bbox 450 543 529 609; x_wconf 91' lang='lat' dir='ltr'><strong>illud</strong></span> <span class='ocrx_word' id='word_1_12' title='bbox 549 542 698 610; x_wconf 82' lang='lat' dir='ltr'><strong>feminine</strong></span> <span class='ocrx_word' id='word_1_13' title='bbox 721 541 916 626; x_wconf 85' lang='lat' dir='ltr'><strong>appellatum</strong></span> <span class='ocrx_word' id='word_1_14' title='bbox 938 559 1009 607; x_wconf 92' lang='lat' dir='ltr'><strong>esse</strong></span> <span class='ocrx_word' id='word_1_15' title='bbox 1032 537 1052 628; x_wconf 78' lang='grc' dir='ltr'><em>ἦ</em></span> <span class='ocrx_word' id='word_1_16' title='bbox 1077 535 1145 623; x_wconf 72' lang='lat' dir='ltr'><strong>lxvi,</strong></span> <span class='ocrx_word' id='word_1_17' title='bbox 1181 540 1240 627; x_wconf 75' lang='grc' dir='ltr'><strong>τὴν</strong></span> 
     </span>
     <span class='ocr_line' id='line_1_3' title="bbox 125 639 1240 733; baseline -0.001 -25"><span class='ocrx_word' id='word_1_18' title='bbox 125 639 183 723; x_wconf 74' lang='grc' dir='ltr'><strong>ἰχῶ</strong></span> <span class='ocrx_word' id='word_1_19' title='bbox 212 649 249 708; x_wconf 89' lang='lat' dir='ltr'><strong>ut</strong></span> <span class='ocrx_word' id='word_1_20' title='bbox 281 645 338 733; x_wconf 66' lang='grc' dir='ltr'><strong>τὴν</strong></span> <span class='ocrx_word' id='word_1_21' title='bbox 371 644 455 712; x_wconf 73' lang='lat' dir='ltr'><strong>libai</strong></span> <span class='ocrx_word' id='word_1_22' title='bbox 487 646 615 730; x_wconf 90' lang='lat' dir='ltr'><strong>[Parall.</strong></span> <span class='ocrx_word' id='word_1_23' title='bbox 639 644 716 730; x_wconf 82' lang='lat'><strong>219]</strong></span> <span class='ocrx_word' id='word_1_24' title='bbox 733 645 774 728; x_wconf 87' lang='lat'><strong>*).</strong></span> <span class='ocrx_word' id='word_1_25' title='bbox 818 644 937 710; x_wconf 90' lang='lat' dir='ltr'><strong>Vemm</strong></span> <span class='ocrx_word' id='word_1_26' title='bbox 968 643 1028 708; x_wconf 90' lang='lat' dir='ltr'><strong>hoc</strong></span> <span class='ocrx_word' id='word_1_27' title='bbox 1062 643 1240 708; x_wconf 78' lang='lat' dir='ltr'><strong>accuratius</strong></span> 
     </span>
     <span class='ocr_line' id='line_1_4' title="bbox 127 741 1243 826; baseline -0.003 -14"><span class='ocrx_word' id='word_1_28' title='bbox 127 746 278 812; x_wconf 83' lang='lat' dir='ltr'>disseruit</span> <span class='ocrx_word' id='word_1_29' title='bbox 288 747 448 813; x_wconf 87' lang='lat' dir='ltr'><strong>Lehrsius.</strong></span> <span class='ocrx_word' id='word_1_30' title='bbox 463 785 498 794; x_wconf 98' lang='lat'>—</span> <span class='ocrx_word' id='word_1_31' title='bbox 512 748 686 813; x_wconf 87' lang='lat' dir='ltr'>Hesiodum</span> <span class='ocrx_word' id='word_1_32' title='bbox 698 747 909 812; x_wconf 82' lang='lat' dir='ltr'><strong>accusativum</strong></span> <span class='ocrx_word' id='word_1_33' title='bbox 933 741 1040 812; x_wconf 76' lang='grc' dir='ltr'><strong><em>Θόαν</em></strong></span> <span class='ocrx_word' id='word_1_34' title='bbox 1060 762 1243 826; x_wconf 82' lang='lat' dir='ltr'><strong>usurpasse,</strong></span> 
     </span>
     <span class='ocr_line' id='line_1_5' title="bbox 127 844 1243 939; baseline -0.001 -26"><span class='ocrx_word' id='word_1_35' title='bbox 127 848 276 915; x_wconf 80' lang='lat' dir='ltr'><strong>Alcaeum</strong></span> <span class='ocrx_word' id='word_1_36' title='bbox 309 845 419 914; x_wconf 77' lang='lat' dir='ltr'><strong>Ai‘av</strong></span> <span class='ocrx_word' id='word_1_37' title='bbox 451 848 687 916; x_wconf 84' lang='lat' dir='ltr'><strong>Ghocroboscus</strong></span> <span class='ocrx_word' id='word_1_38' title='bbox 720 850 813 920; x_wconf 88' lang='lat' dir='ltr'><strong>docet</strong></span> <span class='ocrx_word' id='word_1_39' title='bbox 840 849 890 917; x_wconf 86' lang='lat'><strong>95.</strong></span> <span class='ocrx_word' id='word_1_40' title='bbox 922 849 959 915; x_wconf 84' lang='lat'><strong>15</strong></span> <span class='ocrx_word' id='word_1_41' title='bbox 994 844 1105 939; x_wconf 74' lang='grc' dir='ltr'><strong><em>πᾴιεα</em></strong></span> <span class='ocrx_word' id='word_1_42' title='bbox 1138 850 1243 914; x_wconf 71' lang='grc' dir='ltr'><strong><em>ταῦτα</em></strong></span> 
     </span>
     <span class='ocr_line' id='line_1_6' title="bbox 127 945 1243 1041; baseline 0 -26"><span class='ocrx_word' id='word_1_43' title='bbox 127 951 210 1017; x_wconf 77' lang='grc' dir='ltr'><strong><em>κατὰ</em></strong></span> <span class='ocrx_word' id='word_1_44' title='bbox 235 952 408 1041; x_wconf 76' lang='grc' dir='ltr'><strong><em>ποιητικὴν</em></strong></span> <span class='ocrx_word' id='word_1_45' title='bbox 435 947 577 1041; x_wconf 74' lang='grc' dir='ltr'><strong>ἀνάγκην</strong></span> <span class='ocrx_word' id='word_1_46' title='bbox 609 957 670 1019; x_wconf 81' lang='grc' dir='ltr'><strong>τοῦ</strong></span> <span class='ocrx_word' id='word_1_47' title='bbox 702 952 834 1038; x_wconf 75' lang='grc' dir='ltr'><strong><em>μέτρου·</em></strong></span> <span class='ocrx_word' id='word_1_48' title='bbox 860 948 1088 1033; x_wconf 78' lang='grc' dir='ltr'><strong><em>ἶσοσυλλάβως</em></strong></span> <span class='ocrx_word' id='word_1_49' title='bbox 1114 945 1243 1037; x_wconf 72' lang='grc' dir='ltr'><strong><em>ἐκλίθη·</em></strong></span> 
     </span>
     <span class='ocr_line' id='line_1_7' title="bbox 126 1050 1243 1143; baseline -0.002 -27"><span class='ocrx_word' id='word_1_50' title='bbox 126 1050 210 1119; x_wconf 73' lang='grc' dir='ltr'><strong>ὅθεν</strong></span> <span class='ocrx_word' id='word_1_51' title='bbox 231 1053 410 1143; x_wconf 78' lang='grc' dir='ltr'><strong><em>μέμφομαι</em></strong></span> <span class='ocrx_word' id='word_1_52' title='bbox 432 1055 517 1134; x_wconf 69' lang='grc' dir='ltr'><strong>τοὺςι</strong></span> <span class='ocrx_word' id='word_1_53' title='bbox 531 1051 749 1140; x_wconf 79' lang='grc' dir='ltr'><strong><em>πεζολόγους,</em></strong></span> <span class='ocrx_word' id='word_1_54' title='bbox 786 1051 861 1123; x_wconf 76' lang='grc' dir='ltr'><strong><em>ὅσοι</em></strong></span> <span class='ocrx_word' id='word_1_55' title='bbox 890 1056 930 1122; x_wconf 81' lang='grc' dir='ltr'><strong>τὰ</strong></span> <span class='ocrx_word' id='word_1_56' title='bbox 952 1057 1091 1121; x_wconf 79' lang='grc' dir='ltr'><strong><em>τοιαῦτα</em></strong></span> <span class='ocrx_word' id='word_1_57' title='bbox 1116 1053 1243 1119; x_wconf 77' lang='lat' dir='ltr'><strong>leocal-</strong></span> 
     </span>
     <span class='ocr_line' id='line_1_8' title="bbox 127 1153 1242 1239; baseline 0 -20"><span class='ocrx_word' id='word_1_58' title='bbox 127 1153 239 1237; x_wconf 77' lang='grc' dir='ltr'><strong><em>λάβοις</em></strong></span> <span class='ocrx_word' id='word_1_59' title='bbox 261 1155 397 1222; x_wconf 76' lang='grc' dir='ltr'><strong><em>ἔκλιναν.</em></strong></span> <span class='ocrx_word' id='word_1_60' title='bbox 442 1157 547 1239; x_wconf 77' lang='lat' dir='ltr'><strong>Atque</strong></span> <span class='ocrx_word' id='word_1_61' title='bbox 568 1157 650 1223; x_wconf 90' lang='lat' dir='ltr'><strong>hanc</strong></span> <span class='ocrx_word' id='word_1_62' title='bbox 672 1176 767 1223; x_wconf 89' lang='lat' dir='ltr'><strong>unam</strong></span> <span class='ocrx_word' id='word_1_63' title='bbox 795 1158 950 1223; x_wconf 90' lang='lat' dir='ltr'><strong>rationem</strong></span> <span class='ocrx_word' id='word_1_64' title='bbox 983 1157 1013 1222; x_wconf 93' lang='lat' dir='ltr'><strong>ei</strong></span> <span class='ocrx_word' id='word_1_65' title='bbox 1040 1155 1169 1238; x_wconf 90' lang='lat' dir='ltr'><strong>reliquit</strong></span> <span class='ocrx_word' id='word_1_66' title='bbox 1190 1172 1242 1220; x_wconf 91' lang='lat' dir='ltr'><strong>ca-</strong></span> 
     </span>
     <span class='ocr_line' id='line_1_9' title="bbox 125 1255 1245 1347; baseline 0.006 -26"><span class='ocrx_word' id='word_1_67' title='bbox 125 1275 188 1322; x_wconf 92' lang='lat' dir='ltr'><strong>non</strong></span> <span class='ocrx_word' id='word_1_68' title='bbox 210 1257 250 1323; x_wconf 92' lang='lat' dir='ltr'><strong>ab</strong></span> <span class='ocrx_word' id='word_1_69' title='bbox 272 1259 341 1341; x_wconf 92' lang='lat' dir='ltr'><strong>ipso</strong></span> <span class='ocrx_word' id='word_1_70' title='bbox 363 1260 579 1341; x_wconf 88' lang='lat' dir='ltr'><strong>praescriptus</strong></span> <span class='ocrx_word' id='word_1_71' title='bbox 590 1257 641 1324; x_wconf 83' lang='lat'><strong>95.</strong></span> <span class='ocrx_word' id='word_1_72' title='bbox 664 1259 706 1325; x_wconf 83' lang='lat'><strong>28</strong></span> <span class='ocrx_word' id='word_1_73' title='bbox 731 1255 895 1327; x_wconf 74' lang='grc' dir='ltr'><strong>οὐδέποτε</strong></span> <span class='ocrx_word' id='word_1_74' title='bbox 918 1257 1026 1347; x_wconf 79' lang='grc' dir='ltr'><strong><em>γενικὴ</em></strong></span> <span class='ocrx_word' id='word_1_75' title='bbox 1050 1256 1108 1325; x_wconf 81' lang='grc' dir='ltr'><strong>διὰ</strong></span> <span class='ocrx_word' id='word_1_76' title='bbox 1130 1260 1189 1324; x_wconf 71' lang='lat' dir='ltr'><strong>roi</strong></span> <span class='ocrx_word' id='word_1_77' title='bbox 1212 1259 1245 1328; x_wconf 74' lang='grc' dir='ltr'><strong>ἶκ</strong></span> 
     </span>
     <span class='ocr_line' id='line_1_10' title="bbox 125 1357 1244 1449; baseline 0.001 -26"><span class='ocrx_word' id='word_1_78' title='bbox 125 1360 299 1448; x_wconf 70' lang='grc' dir='ltr'><strong><em>κλειομένη</em></strong></span> <span class='ocrx_word' id='word_1_79' title='bbox 323 1357 444 1443; x_wconf 83' lang='grc' dir='ltr'><em>πάσχει</em></span> <span class='ocrx_word' id='word_1_80' title='bbox 467 1357 644 1448; x_wconf 69' lang='grc' dir='ltr'><strong>ἀποιέοπὴκ</strong></span> <span class='ocrx_word' id='word_1_81' title='bbox 667 1362 751 1428; x_wconf 75' lang='grc' dir='ltr'><strong><em>κατὰ</em></strong></span> <span class='ocrx_word' id='word_1_82' title='bbox 774 1362 831 1449; x_wconf 72' lang='grc' dir='ltr'><strong>τὴν</strong></span> <span class='ocrx_word' id='word_1_83' title='bbox 856 1357 1048 1449; x_wconf 79' lang='grc' dir='ltr'><strong><em>αἰτιατικὴν.</em></strong></span> <span class='ocrx_word' id='word_1_84' title='bbox 1083 1360 1173 1426; x_wconf 85' lang='lat' dir='ltr'>Idem</span> <span class='ocrx_word' id='word_1_85' title='bbox 1190 1359 1244 1424; x_wconf 85' lang='lat' dir='ltr'><strong>alii</strong></span> 
     </span>
     <span class='ocr_line' id='line_1_11' title="bbox 126 1459 1242 1552; baseline 0 -26"><span class='ocrx_word' id='word_1_86' title='bbox 126 1461 321 1527; x_wconf 79' lang='lat' dir='ltr'><strong>delibantis</strong></span> <span class='ocrx_word' id='word_1_87' title='bbox 348 1465 473 1528; x_wconf 91' lang='lat' dir='ltr'><strong>nomine</strong></span> <span class='ocrx_word' id='word_1_88' title='bbox 501 1464 699 1545; x_wconf 89' lang='lat' dir='ltr'><strong>praedicant:</strong></span> <span class='ocrx_word' id='word_1_89' title='bbox 740 1459 956 1551; x_wconf 75' lang='grc' dir='ltr'><strong><em>Ἥρωοιακός</em></strong></span> <span class='ocrx_word' id='word_1_90' title='bbox 989 1487 1088 1552; x_wconf 83' lang='grc' dir='ltr'><strong><em>φησι,</em></strong></span> <span class='ocrx_word' id='word_1_91' title='bbox 1123 1459 1173 1528; x_wconf 79' lang='grc' dir='ltr'><strong>ὅτι</strong></span> <span class='ocrx_word' id='word_1_92' title='bbox 1205 1465 1242 1526; x_wconf 80' lang='grc' dir='ltr'><strong>τὸ</strong></span> 
     </span>
     <span class='ocr_line' id='line_1_12' title="bbox 126 1560 1242 1655; baseline 0.004 -30"><span class='ocrx_word' id='word_1_93' title='bbox 126 1560 239 1649; x_wconf 77' lang='grc' dir='ltr'><strong>κε’·(κοκ</strong></span> <span class='ocrx_word' id='word_1_94' title='bbox 262 1566 317 1632; x_wconf 81' lang='grc' dir='ltr'><strong>καὶ</strong></span> <span class='ocrx_word' id='word_1_95' title='bbox 340 1562 564 1647; x_wconf 76' lang='grc' dir='ltr'><strong><em>1οοσυλλᾶβως</em></strong></span> <span class='ocrx_word' id='word_1_96' title='bbox 586 1565 730 1633; x_wconf 79' lang='grc' dir='ltr'><strong><em>κλίνεται</em></strong></span> <span class='ocrx_word' id='word_1_97' title='bbox 743 1566 799 1633; x_wconf 87' lang='grc' dir='ltr'><strong>καὶ</strong></span> <span class='ocrx_word' id='word_1_98' title='bbox 812 1562 1123 1655; x_wconf 78' lang='grc' dir='ltr'><strong><em>περιττοσυλλάβως</em></strong></span> <span class='ocrx_word' id='word_1_99' title='bbox 1135 1563 1242 1645; x_wconf 84' lang='lat' dir='ltr'><strong>Steph.</strong></span> 
     </span>
     <span class='ocr_line' id='line_1_13' title="bbox 125 1661 1313 1751; baseline 0.001 -20"><span class='ocrx_word' id='word_1_100' title='bbox 125 1666 174 1731; x_wconf 86' lang='lat' dir='ltr'><strong>Ex</strong></span> <span class='ocrx_word' id='word_1_101' title='bbox 196 1667 255 1732; x_wconf 92' lang='lat' dir='ltr'><strong>hoc</strong></span> <span class='ocrx_word' id='word_1_102' title='bbox 277 1667 492 1749; x_wconf 83' lang='lat' dir='ltr'><strong>similibusque</strong></span> <span class='ocrx_word' id='word_1_103' title='bbox 515 1668 631 1748; x_wconf 85' lang='lat' dir='ltr'><strong>multis,</strong></span> <span class='ocrx_word' id='word_1_104' title='bbox 655 1687 736 1751; x_wconf 88' lang='lat' dir='ltr'><strong>quae</strong></span> <span class='ocrx_word' id='word_1_105' title='bbox 758 1669 869 1750; x_wconf 81' lang='lat' dir='ltr'><strong>collegi</strong></span> <span class='ocrx_word' id='word_1_106' title='bbox 890 1669 923 1734; x_wconf 93' lang='lat' dir='ltr'><strong>in</strong></span> <span class='ocrx_word' id='word_1_107' title='bbox 944 1667 1141 1733; x_wconf 79' lang='lat' dir='ltr'><strong>Parall.172</strong></span> <span class='ocrx_word' id='word_1_108' title='bbox 1164 1685 1242 1748; x_wconf 83' lang='lat' dir='ltr'><strong>sqq,</strong></span> <span class='ocrx_word' id='word_1_109' title='bbox 1310 1661 1313 1667; x_wconf 82' lang='grc'><strong>’</strong></span> 
     </span>
     <span class='ocr_line' id='line_1_14' title="bbox 125 1767 1243 1853; baseline 0 -19"><span class='ocrx_word' id='word_1_110' title='bbox 125 1768 293 1834; x_wconf 87' lang='lat' dir='ltr'><strong>manifesto</strong></span> <span class='ocrx_word' id='word_1_111' title='bbox 325 1775 471 1852; x_wconf 92' lang='lat' dir='ltr'><strong>apparet,</strong></span> <span class='ocrx_word' id='word_1_112' title='bbox 504 1769 597 1835; x_wconf 90' lang='lat' dir='ltr'><strong>huius</strong></span> <span class='ocrx_word' id='word_1_113' title='bbox 631 1769 750 1853; x_wconf 83' lang='lat' dir='ltr'><strong>figurae</strong></span> <span class='ocrx_word' id='word_1_114' title='bbox 782 1771 911 1837; x_wconf 92' lang='lat' dir='ltr'><strong>nomina</strong></span> <span class='ocrx_word' id='word_1_115' title='bbox 946 1787 1042 1851; x_wconf 89' lang='lat' dir='ltr'><strong>saepe</strong></span> <span class='ocrx_word' id='word_1_116' title='bbox 1075 1767 1243 1849; x_wconf 79' lang='lat' dir='ltr'><strong>dupliciter</strong></span> 
     </span>
     <span class='ocr_line' id='line_1_15' title="bbox 124 1863 1242 1949; baseline -0.001 -14"><span class='ocrx_word' id='word_1_117' title='bbox 124 1871 374 1936; x_wconf 86' lang='lat' dir='ltr'><strong>declinataesse</strong></span> <span class='ocrx_word' id='word_1_118' title='bbox 407 1871 458 1936; x_wconf 87' lang='lat' dir='ltr'><strong>vel</strong></span> <span class='ocrx_word' id='word_1_119' title='bbox 480 1873 596 1937; x_wconf 90' lang='lat' dir='ltr'><strong>inuno</strong></span> <span class='ocrx_word' id='word_1_120' title='bbox 620 1874 759 1940; x_wconf 85' lang='lat' dir='ltr'><strong>alterove</strong></span> <span class='ocrx_word' id='word_1_121' title='bbox 782 1863 868 1940; x_wconf 75' lang='lat' dir='ltr'><strong>casu&#39;</strong></span> <span class='ocrx_word' id='word_1_122' title='bbox 890 1872 939 1938; x_wconf 88' lang='lat' dir='ltr'><strong>vel</strong></span> <span class='ocrx_word' id='word_1_123' title='bbox 961 1871 994 1935; x_wconf 92' lang='lat' dir='ltr'><strong>in</strong></span> <span class='ocrx_word' id='word_1_124' title='bbox 1016 1870 1169 1949; x_wconf 92' lang='lat' dir='ltr'><strong>omnibus,</strong></span> <span class='ocrx_word' id='word_1_125' title='bbox 1205 1875 1242 1935; x_wconf 91' lang='lat' dir='ltr'><strong>ut</strong></span> 
     </span>
     <span class='ocr_line' id='line_1_16' title="bbox 126 1970 1240 2059; baseline 0.002 -23"><span class='ocrx_word' id='word_1_126' title='bbox 126 1970 270 2054; x_wconf 72' lang='lat' dir='ltr'><strong>Galatas,</strong></span> <span class='ocrx_word' id='word_1_127' title='bbox 303 1973 387 2056; x_wconf 89' lang='lat' dir='ltr'><strong>quod</strong></span> <span class='ocrx_word' id='word_1_128' title='bbox 409 1975 606 2055; x_wconf 82' lang='lat' dir='ltr'><strong>grammatici</strong></span> <span class='ocrx_word' id='word_1_129' title='bbox 627 1976 733 2042; x_wconf 89' lang='lat' dir='ltr'><strong>Latini</strong></span> <span class='ocrx_word' id='word_1_130' title='bbox 766 1996 805 2042; x_wconf 85' lang='lat' dir='ltr'><strong>ex</strong></span> <span class='ocrx_word' id='word_1_131' title='bbox 825 1975 928 2059; x_wconf 86' lang='lat' dir='ltr'><strong>poetis</strong></span> <span class='ocrx_word' id='word_1_132' title='bbox 960 1974 1074 2055; x_wconf 84' lang='lat' dir='ltr'><strong>priscis</strong></span> <span class='ocrx_word' id='word_1_133' title='bbox 1104 1971 1240 2038; x_wconf 85' lang='lat' dir='ltr'><strong>afferunt</strong></span> 
     </span>
     <span class='ocr_line' id='line_1_17' title="bbox 126 2071 1244 2163; baseline 0.001 -22"><span class='ocrx_word' id='word_1_134' title='bbox 126 2075 170 2160; x_wconf 89' lang='lat' dir='ltr'><strong>[p.</strong></span> <span class='ocrx_word' id='word_1_135' title='bbox 193 2075 333 2161; x_wconf 83' lang='grc'>278].’-</span> <span class='ocrx_word' id='word_1_136' title='bbox 353 2075 401 2142; x_wconf 91' lang='lat' dir='ltr'><strong>De</strong></span> <span class='ocrx_word' id='word_1_137' title='bbox 424 2077 610 2142; x_wconf 87' lang='lat' dir='ltr'><strong>accusativis</strong></span> <span class='ocrx_word' id='word_1_138' title='bbox 632 2079 793 2143; x_wconf 91' lang='lat' dir='ltr'><strong>nominum</strong></span> <span class='ocrx_word' id='word_1_139' title='bbox 815 2078 849 2142; x_wconf 95' lang='lat' dir='ltr'><strong>in</strong></span> <span class='ocrx_word' id='word_1_140' title='bbox 869 2078 917 2153; x_wconf 58' lang='lat' dir='ltr'><strong>{a}</strong></span> <span class='ocrx_word' id='word_1_141' title='bbox 936 2071 1096 2163; x_wconf 83' lang='grc' dir='ltr'><em>Ὀδυσῆ,</em></span> <span class='ocrx_word' id='word_1_142' title='bbox 1135 2077 1244 2163; x_wconf 83' lang='grc' dir='ltr'><em>Τυδῆ</em></span> 
     </span>
     <span class='ocr_line' id='line_1_18' title="bbox 123 2172 1244 2266; baseline -0.002 -22"><span class='ocrx_word' id='word_1_143' title='bbox 123 2179 240 2244; x_wconf 90' lang='lat' dir='ltr'><strong>mirum</strong></span> <span class='ocrx_word' id='word_1_144' title='bbox 262 2184 313 2245; x_wconf 86' lang='lat' dir='ltr'><strong>est</strong></span> <span class='ocrx_word' id='word_1_145' title='bbox 339 2178 555 2244; x_wconf 89' lang='lat' dir='ltr'><strong>Herodianum</strong></span> <span class='ocrx_word' id='word_1_146' title='bbox 577 2179 680 2261; x_wconf 91' lang='lat' dir='ltr'><strong>ipsum</strong></span> <span class='ocrx_word' id='word_1_147' title='bbox 713 2180 903 2246; x_wconf 86' lang='lat' dir='ltr'><strong>haesitasse:</strong></span> <span class='ocrx_word' id='word_1_148' title='bbox 938 2182 1096 2266; x_wconf 71' lang='grc' dir='ltr'><strong><em>Μηκιστῆ</em></strong></span> <span class='ocrx_word' id='word_1_149' title='bbox 1119 2172 1244 2260; x_wconf 73' lang='grc' dir='ltr'><strong><em>ὁμοίως</em></strong></span> 
     </span>
     <span class='ocr_line' id='line_1_19' title="bbox 122 2275 1241 2370; baseline -0.003 -22"><span class='ocrx_word' id='word_1_150' title='bbox 122 2289 169 2370; x_wconf 79' lang='grc' dir='ltr'><strong>τῷ</strong></span> <span class='ocrx_word' id='word_1_151' title='bbox 195 2283 285 2368; x_wconf 78' lang='grc' dir='ltr'><em>Τυδῆ</em></span> <span class='ocrx_word' id='word_1_152' title='bbox 297 2325 307 2338; x_wconf 88' lang='lat'><strong>·</strong></span> <span class='ocrx_word' id='word_1_153' title='bbox 322 2276 397 2368; x_wconf 77' lang='grc' dir='ltr'><strong>ἤτοι</strong></span> <span class='ocrx_word' id='word_1_154' title='bbox 422 2277 579 2368; x_wconf 72' lang='grc' dir='ltr'><strong><em>ἀπεκόπη</em></strong></span> <span class='ocrx_word' id='word_1_155' title='bbox 604 2275 624 2367; x_wconf 71' lang='grc' dir='ltr'>ἢ</span> <span class='ocrx_word' id='word_1_156' title='bbox 648 2278 951 2369; x_wconf 76' lang='grc' dir='ltr'><strong><em>δωρεκιῦςκέκλιτάι</em></strong></span> <span class='ocrx_word' id='word_1_157' title='bbox 974 2280 1007 2344; x_wconf 85' lang='lat' dir='ltr'><strong>in</strong></span> <span class='ocrx_word' id='word_1_158' title='bbox 1019 2280 1114 2347; x_wconf 85' lang='lat' dir='ltr'><strong>schol.</strong></span> <span class='ocrx_word' id='word_1_159' title='bbox 1132 2279 1167 2346; x_wconf 91' lang='grc'><strong>11</strong></span> <span class='ocrx_word' id='word_1_160' title='bbox 1181 2279 1241 2346; x_wconf 87' lang='lat' dir='ltr'><strong>XV</strong></span> 
     </span>
     <span class='ocr_line' id='line_1_20' title="bbox 125 2381 1239 2468; baseline -0.001 -19"><span class='ocrx_word' id='word_1_161' title='bbox 125 2381 188 2451; x_wconf 85' lang='grc'><strong>339</strong></span> <span class='ocrx_word' id='word_1_162' title='bbox 211 2382 253 2468; x_wconf 90' lang='lat' dir='ltr'><strong>[v.</strong></span> <span class='ocrx_word' id='word_1_163' title='bbox 275 2403 305 2466; x_wconf 90' lang='lat' dir='ltr'><strong>p.</strong></span> <span class='ocrx_word' id='word_1_164' title='bbox 328 2383 370 2449; x_wconf 89' lang='grc'><strong>83</strong></span> <span class='ocrx_word' id='word_1_165' title='bbox 393 2402 440 2465; x_wconf 88' lang='lat' dir='ltr'><strong>sq.</strong></span> <span class='ocrx_word' id='word_1_166' title='bbox 463 2389 497 2449; x_wconf 90' lang='lat' dir='ltr'><strong>et</strong></span> <span class='ocrx_word' id='word_1_167' title='bbox 518 2381 605 2467; x_wconf 65' lang='lat'><strong>273}</strong></span> <span class='ocrx_word' id='word_1_168' title='bbox 632 2419 668 2430; x_wconf 95' lang='lat'>-</span> <span class='ocrx_word' id='word_1_169' title='bbox 703 2384 849 2450; x_wconf 86' lang='lat' dir='ltr'><strong>Eundem</strong></span> <span class='ocrx_word' id='word_1_170' title='bbox 871 2387 1032 2450; x_wconf 86' lang='lat' dir='ltr'><strong>auctorem</strong></span> <span class='ocrx_word' id='word_1_171' title='bbox 1053 2382 1171 2449; x_wconf 89' lang='lat' dir='ltr'><strong>habere</strong></span> <span class='ocrx_word' id='word_1_172' title='bbox 1193 2383 1239 2448; x_wconf 83' lang='lat' dir='ltr'><strong>ri-</strong></span> 
     </span>
     <span class='ocr_line' id='line_1_21' title="bbox 124 2485 1252 2570; baseline -0.002 -18"><span class='ocrx_word' id='word_1_173' title='bbox 124 2486 363 2552; x_wconf 88' lang='lat' dir='ltr'><strong>deturloannes</strong></span> <span class='ocrx_word' id='word_1_174' title='bbox 374 2506 403 2568; x_wconf 90' lang='lat' dir='ltr'><strong>p.</strong></span> <span class='ocrx_word' id='word_1_175' title='bbox 420 2488 466 2552; x_wconf 82' lang='lat'><strong>12.</strong></span> <span class='ocrx_word' id='word_1_176' title='bbox 484 2485 529 2567; x_wconf 84' lang='grc'>18,</span> <span class='ocrx_word' id='word_1_177' title='bbox 552 2504 649 2568; x_wconf 89' lang='lat' dir='ltr'><strong>quum</strong></span> <span class='ocrx_word' id='word_1_178' title='bbox 661 2488 735 2570; x_wconf 72' lang='lat' dir='ltr'><strong>aloa</strong></span> <span class='ocrx_word' id='word_1_179' title='bbox 749 2505 906 2569; x_wconf 84' lang='lat' dir='ltr'><strong>apocopae</strong></span> <span class='ocrx_word' id='word_1_180' title='bbox 918 2485 1095 2567; x_wconf 87' lang='lat' dir='ltr'><strong>subiiceret,</strong></span> <span class='ocrx_word' id='word_1_181' title='bbox 1119 2485 1158 2551; x_wconf 89' lang='lat' dir='ltr'><strong>de</strong></span> <span class='ocrx_word' id='word_1_182' title='bbox 1178 2504 1252 2566; x_wconf 90' lang='lat' dir='ltr'><strong>quo·</strong></span> 
     </span>
     <span class='ocr_line' id='line_1_22' title="bbox 125 2583 1243 2672; baseline -0.003 -17"><span class='ocrx_word' id='word_1_183' title='bbox 125 2590 371 2671; x_wconf 87' lang='lat' dir='ltr'><strong>posteadicetur</strong></span> <span class='ocrx_word' id='word_1_184' title='bbox 385 2586 498 2671; x_wconf 66' lang='lat' dir='ltr'><strong>paro,</strong></span> <span class='ocrx_word' id='word_1_185' title='bbox 513 2626 549 2635; x_wconf 90' lang='lat'><em>-</em></span> <span class='ocrx_word' id='word_1_186' title='bbox 564 2587 655 2666; x_wconf 83' lang='lat' dir='ltr'><strong>Quod</strong></span> <span class='ocrx_word' id='word_1_187' title='bbox 677 2587 791 2655; x_wconf 87' lang='lat' dir='ltr'><strong>Suidas</strong></span> <span class='ocrx_word' id='word_1_188' title='bbox 815 2589 890 2656; x_wconf 87' lang='lat' dir='ltr'><strong>dicit</strong></span> <span class='ocrx_word' id='word_1_189' title='bbox 920 2584 1015 2656; x_wconf 79' lang='grc' dir='ltr'><strong>εἷκῶ</strong></span> <span class='ocrx_word' id='word_1_190' title='bbox 1049 2587 1104 2672; x_wconf 68' lang='lat' dir='ltr'><strong>aba</strong></span> <span class='ocrx_word' id='word_1_191' title='bbox 1132 2583 1243 2654; x_wconf 76' lang='grc' dir='ltr'><strong><em>εἰκόνα</em></strong></span> 
     </span>
     <span class='ocr_line' id='line_1_23' title="bbox 124 2678 1233 2785; baseline -0.003 -28"><span class='ocrx_word' id='word_1_192' title='bbox 124 2691 208 2757; x_wconf 75' lang='lat' dir='ltr'><strong>nazal</strong></span> <span class='ocrx_word' id='word_1_193' title='bbox 243 2687 436 2785; x_wconf 74' lang='grc' dir='ltr'><strong><em>αἰοοκοοὴκ,</em></strong></span> <span class='ocrx_word' id='word_1_194' title='bbox 480 2691 508 2756; x_wconf 93' lang='lat' dir='ltr'><strong>si</strong></span> <span class='ocrx_word' id='word_1_195' title='bbox 539 2692 641 2757; x_wconf 91' lang='lat' dir='ltr'><strong>sciens</strong></span> <span class='ocrx_word' id='word_1_196' title='bbox 674 2678 845 2775; x_wconf 89' lang='lat' dir='ltr'><strong>volensque</strong></span> <span class='ocrx_word' id='word_1_197' title='bbox 876 2692 1117 2774; x_wconf 88' lang='lat' dir='ltr'><strong>perispomenon</strong></span> <span class='ocrx_word' id='word_1_198' title='bbox 1149 2688 1233 2769; x_wconf 84' lang='lat' dir='ltr'><strong>fecit,</strong></span> 
     </span>
     <span class='ocr_line' id='line_1_24' title="bbox 124 2776 1239 2878; baseline 0.004 -20"><span class='ocrx_word' id='word_1_199' title='bbox 124 2795 344 2877; x_wconf 80' lang='lat' dir='ltr'><strong>grammaticos</strong></span> <span class='ocrx_word' id='word_1_200' title='bbox 366 2794 436 2859; x_wconf 91' lang='lat' dir='ltr'><strong>illos</strong></span> <span class='ocrx_word' id='word_1_201' title='bbox 458 2800 611 2876; x_wconf 87' lang='lat' dir='ltr'><strong>sequutus</strong></span> <span class='ocrx_word' id='word_1_202' title='bbox 634 2776 784 2877; x_wconf 71' lang='lat' dir='ltr'><strong>est‚&#39;qui</strong></span> <span class='ocrx_word' id='word_1_203' title='bbox 806 2812 963 2878; x_wconf 89' lang='lat' dir='ltr'><strong>apocopae</strong></span> <span class='ocrx_word' id='word_1_204' title='bbox 996 2794 1117 2859; x_wconf 79' lang='lat' dir='ltr'><strong>ectasin</strong></span> <span class='ocrx_word' id='word_1_205' title='bbox 1149 2809 1239 2863; x_wconf 84' lang='lat' dir='ltr'><strong>acce-</strong></span> 
     </span>
     <span class='ocr_line' id='line_1_25' title="bbox 126 2895 407 2979; baseline -0.004 -17"><span class='ocrx_word' id='word_1_206' title='bbox 126 2897 201 2963; x_wconf 87' lang='lat' dir='ltr'><strong>dere</strong></span> <span class='ocrx_word' id='word_1_207' title='bbox 224 2895 407 2979; x_wconf 85' lang='lat' dir='ltr'><strong>docent**).</strong></span> 
     </span>
    </p>

    <p class='ocr_par' dir='ltr' id='par_1_3' title="bbox 122 2993 1239 3288">
     <span class='ocr_line' id='line_1_26' title="bbox 210 2993 1238 3082; baseline -0.004 -19"><span class='ocrx_word' id='word_1_208' title='bbox 210 2998 258 3064; x_wconf 89' lang='lat' dir='ltr'><strong>De</strong></span> <span class='ocrx_word' id='word_1_209' title='bbox 280 3016 410 3064; x_wconf 92' lang='lat' dir='ltr'><strong>numero</strong></span> <span class='ocrx_word' id='word_1_210' title='bbox 432 2998 518 3064; x_wconf 91' lang='lat' dir='ltr'><strong>duali</strong></span> <span class='ocrx_word' id='word_1_211' title='bbox 539 2998 617 3063; x_wconf 91' lang='lat' dir='ltr'><strong>nihil</strong></span> <span class='ocrx_word' id='word_1_212' title='bbox 638 2997 843 3080; x_wconf 84' lang='lat' dir='ltr'><strong>praecipiunt,</strong></span> <span class='ocrx_word' id='word_1_213' title='bbox 865 2997 927 3061; x_wconf 90' lang='lat' dir='ltr'><strong>nisi</strong></span> <span class='ocrx_word' id='word_1_214' title='bbox 948 2996 1032 3082; x_wconf 89' lang='lat' dir='ltr'><strong>quod</strong></span> <span class='ocrx_word' id='word_1_215' title='bbox 1054 2993 1238 3076; x_wconf 81' lang='lat' dir='ltr'><strong>Apollonius</strong></span> 
     </span>
     <span class='ocr_line' id='line_1_27' title="bbox 122 3091 1239 3187; baseline -0.004 -20"><span class='ocrx_word' id='word_1_216' title='bbox 122 3101 215 3167; x_wconf 86' lang='lat' dir='ltr'><strong>Pron.</strong></span> <span class='ocrx_word' id='word_1_217' title='bbox 243 3101 301 3167; x_wconf 86' lang='grc'><strong>117</strong></span> <span class='ocrx_word' id='word_1_218' title='bbox 324 3100 436 3166; x_wconf 83' lang='lat' dir='ltr'><strong>refert:</strong></span> <span class='ocrx_word' id='word_1_219' title='bbox 472 3099 507 3166; x_wconf 82' lang='grc' dir='ltr'><strong>τὸ</strong></span> <span class='ocrx_word' id='word_1_220' title='bbox 532 3093 637 3182; x_wconf 72' lang='grc' dir='ltr'><strong><em>ἄμμε</em></strong></span> <span class='ocrx_word' id='word_1_221' title='bbox 665 3095 904 3185; x_wconf 76' lang='grc' dir='ltr'><strong><em>ἀποκεκόφθαι</em></strong></span> <span class='ocrx_word' id='word_1_222' title='bbox 939 3097 1042 3187; x_wconf 75' lang='grc' dir='ltr'><strong><em>φασὶν</em></strong></span> <span class='ocrx_word' id='word_1_223' title='bbox 1076 3091 1144 3164; x_wconf 80' lang='grc' dir='ltr'><strong>ἀπὸ</strong></span> <span class='ocrx_word' id='word_1_224' title='bbox 1179 3103 1239 3163; x_wconf 78' lang='grc' dir='ltr'><strong>τοῦ</strong></span> 
     </span>
     <span class='ocr_line' id='line_1_28' title="bbox 126 3200 912 3288; baseline -0.008 -17"><span class='ocrx_word' id='word_1_225' title='bbox 126 3200 263 3288; x_wconf 75' lang='grc' dir='ltr'><strong><em>ἇμμέας,</em></strong></span> <span class='ocrx_word' id='word_1_226' title='bbox 287 3204 344 3269; x_wconf 89' lang='lat' dir='ltr'><strong>sed</strong></span> <span class='ocrx_word' id='word_1_227' title='bbox 366 3206 517 3266; x_wconf 89' lang='lat' dir='ltr'><strong>anostra</strong></span> <span class='ocrx_word' id='word_1_228' title='bbox 539 3219 635 3266; x_wconf 90' lang='lat' dir='ltr'><strong>causa</strong></span> <span class='ocrx_word' id='word_1_229' title='bbox 657 3200 834 3266; x_wconf 87' lang='lat' dir='ltr'><strong>seiunctum</strong></span> <span class='ocrx_word' id='word_1_230' title='bbox 855 3204 912 3266; x_wconf 84' lang='lat' dir='ltr'><strong>est.</strong></span> 
     </span>
    </p>

    <p class='ocr_par' dir='ltr' id='par_1_4' title="bbox 121 3300 1242 3700">
     <span class='ocr_line' id='line_1_29' title="bbox 212 3300 1242 3385; baseline -0.006 -14"><span class='ocrx_word' id='word_1_231' title='bbox 212 3305 369 3385; x_wconf 86' lang='lat' dir='ltr'><strong>Omnium,</strong></span> <span class='ocrx_word' id='word_1_232' title='bbox 392 3322 473 3385; x_wconf 87' lang='lat' dir='ltr'><strong>quae</strong></span> <span class='ocrx_word' id='word_1_233' title='bbox 495 3304 534 3369; x_wconf 90' lang='lat' dir='ltr'><strong>de</strong></span> <span class='ocrx_word' id='word_1_234' title='bbox 556 3303 731 3385; x_wconf 87' lang='lat' dir='ltr'><strong>pluralibus</strong></span> <span class='ocrx_word' id='word_1_235' title='bbox 754 3301 937 3383; x_wconf 82' lang='lat' dir='ltr'><strong>afferuntur,</strong></span> <span class='ocrx_word' id='word_1_236' title='bbox 959 3301 1093 3366; x_wconf 88' lang='lat' dir='ltr'><strong>maxime</strong></span> <span class='ocrx_word' id='word_1_237' title='bbox 1103 3300 1242 3366; x_wconf 88' lang='lat' dir='ltr'><strong>notabile</strong></span> 
     </span>
     <span class='ocr_line' id='line_1_30' title="bbox 125 3401 1238 3490; baseline -0.006 -15"><span class='ocrx_word' id='word_1_238' title='bbox 125 3415 175 3475; x_wconf 87' lang='lat' dir='ltr'><strong>est</strong></span> <span class='ocrx_word' id='word_1_239' title='bbox 195 3408 287 3489; x_wconf 87' lang='lat' dir='ltr'><strong>illud,</strong></span> <span class='ocrx_word' id='word_1_240' title='bbox 321 3425 382 3490; x_wconf 88' lang='lat' dir='ltr'><strong>quo</strong></span> <span class='ocrx_word' id='word_1_241' title='bbox 406 3406 519 3473; x_wconf 86' lang='lat' dir='ltr'><strong>Strabo</strong></span> <span class='ocrx_word' id='word_1_242' title='bbox 547 3407 589 3472; x_wconf 91' lang='lat' dir='ltr'><strong>ad</strong></span> <span class='ocrx_word' id='word_1_243' title='bbox 611 3406 887 3473; x_wconf 85' lang='lat' dir='ltr'><strong>demonstrandam</strong></span> <span class='ocrx_word' id='word_1_244' title='bbox 909 3421 1067 3486; x_wconf 90' lang='lat' dir='ltr'><strong>apocopae</strong></span> <span class='ocrx_word' id='word_1_245' title='bbox 1089 3401 1238 3485; x_wconf 83' lang='lat' dir='ltr'><strong>frequen-</strong></span> 
     </span>
     <span class='ocr_line' id='line_1_31' title="bbox 121 3500 1238 3596; baseline -0.006 -19"><span class='ocrx_word' id='word_1_246' title='bbox 121 3513 200 3577; x_wconf 86' lang='lat' dir='ltr'><strong>tiam</strong></span> <span class='ocrx_word' id='word_1_247' title='bbox 222 3511 335 3576; x_wconf 83' lang='lat' dir='ltr'><strong>utitur:</strong></span> <span class='ocrx_word' id='word_1_248' title='bbox 368 3507 568 3596; x_wconf 79' lang='grc' dir='ltr'><strong><em>Ἐσίχαρμος</em></strong></span> <span class='ocrx_word' id='word_1_249' title='bbox 590 3505 757 3596; x_wconf 61' lang='lat' dir='ltr'><strong>§upana</strong></span> <span class='ocrx_word' id='word_1_250' title='bbox 791 3509 879 3592; x_wconf 77' lang='grc' dir='ltr'><strong><em>λέγει</em></strong></span> <span class='ocrx_word' id='word_1_251' title='bbox 907 3507 966 3587; x_wconf 79' lang='grc' dir='ltr'><strong>τὰς</strong></span> <span class='ocrx_word' id='word_1_252' title='bbox 988 3500 1238 3592; x_wconf 75' lang='grc' dir='ltr'><strong><em>Συρακούσσας,</em></strong></span> 
     </span>
     <span class='ocr_line' id='line_1_32' title="bbox 124 3604 1239 3700; baseline -0.004 -22"><span class='ocrx_word' id='word_1_253' title='bbox 124 3613 208 3696; x_wconf 90' lang='lat' dir='ltr'><strong>quod</strong></span> <span class='ocrx_word' id='word_1_254' title='bbox 229 3613 291 3678; x_wconf 90' lang='lat' dir='ltr'><strong>nisi</strong></span> <span class='ocrx_word' id='word_1_255' title='bbox 312 3609 515 3700; x_wconf 79' lang='grc' dir='ltr'><strong><em>Συρακώσας</em></strong></span> <span class='ocrx_word' id='word_1_256' title='bbox 537 3611 709 3692; x_wconf 87' lang='lat' dir='ltr'><strong>scribatur,</strong></span> <span class='ocrx_word' id='word_1_257' title='bbox 741 3610 922 3694; x_wconf 90' lang='lat' dir='ltr'><strong>praeposito</strong></span> <span class='ocrx_word' id='word_1_258' title='bbox 945 3627 1059 3692; x_wconf 90' lang='lat' dir='ltr'><strong>parum</strong></span> <span class='ocrx_word' id='word_1_259' title='bbox 1080 3604 1239 3689; x_wconf 81' lang='lat' dir='ltr'><strong>convenit3</strong></span> 
     </span>
    </p>
   </div>
   <div class='ocr_carea' id='block_1_3' title="bbox 123 3816 1242 4235">
    <p class='ocr_par' dir='ltr' id='par_1_5' title="bbox 123 3816 1242 4235">
     <span class='ocr_line' id='line_1_33' title="bbox 194 3816 1241 3909; baseline -0.006 -21"><span class='ocrx_word' id='word_1_260' title='bbox 194 3833 322 3901; x_wconf 52' lang='lat' dir='ltr'><strong>*ladas</strong></span> <span class='ocrx_word' id='word_1_261' title='bbox 349 3837 461 3898; x_wconf 79' lang='lat' dir='ltr'><strong>„Octara</strong></span> <span class='ocrx_word' id='word_1_262' title='bbox 482 3837 510 3887; x_wconf 90' lang='lat' dir='ltr'><strong>ln</strong></span> <span class='ocrx_word' id='word_1_263' title='bbox 526 3821 569 3909; x_wconf 57' lang='lat' dir='ltr'><strong>aa}</strong></span> <span class='ocrx_word' id='word_1_264' title='bbox 588 3835 709 3902; x_wconf 78' lang='lat' dir='ltr'><strong>disyllab.</strong></span> <span class='ocrx_word' id='word_1_265' title='bbox 733 3849 780 3901; x_wconf 84' lang='lat' dir='ltr'><strong>per</strong></span> <span class='ocrx_word' id='word_1_266' title='bbox 796 3816 865 3904; x_wconf 66' lang='grc' dir='ltr'><strong>α’ρῖξ</strong></span> <span class='ocrx_word' id='word_1_267' title='bbox 892 3841 919 3887; x_wconf 86' lang='lat' dir='ltr'><strong>at</strong></span> <span class='ocrx_word' id='word_1_268' title='bbox 941 3840 1011 3900; x_wconf 62' lang='lat' dir='ltr'><strong>‚oxyt</strong></span> <span class='ocrx_word' id='word_1_269' title='bbox 1037 3830 1138 3901; x_wconf 61' lang='lat' dir='ltr'><strong>[barat]</strong></span> <span class='ocrx_word' id='word_1_270' title='bbox 1158 3832 1241 3884; x_wconf 78' lang='lat' dir='ltr'><strong>choa-</strong></span> 
     </span>
     <span class='ocr_line' id='line_1_34' title="bbox 123 3905 1241 3990; baseline -0.009 -14"><span class='ocrx_word' id='word_1_271' title='bbox 123 3925 180 3976; x_wconf 75' lang='lat' dir='ltr'><strong>ros.</strong></span> <span class='ocrx_word' id='word_1_272' title='bbox 201 3921 269 3990; x_wconf 79' lang='lat' dir='ltr'><strong>[aaa.</strong></span> <span class='ocrx_word' id='word_1_273' title='bbox 280 3922 322 3987; x_wconf 85' lang='lat' dir='ltr'><strong>ao,</strong></span> <span class='ocrx_word' id='word_1_274' title='bbox 341 3922 382 3975; x_wconf 76' lang='lat' dir='ltr'><strong>aa.</strong></span> <span class='ocrx_word' id='word_1_275' title='bbox 401 3920 436 3988; x_wconf 85' lang='grc' dir='ltr'><strong>ι].</strong></span> <span class='ocrx_word' id='word_1_276' title='bbox 454 3922 590 3976; x_wconf 58' lang='lat' dir='ltr'><strong>mesenen.</strong></span> <span class='ocrx_word' id='word_1_277' title='bbox 607 3918 684 3984; x_wconf 77' lang='lat' dir='ltr'><strong>arsa</strong></span> <span class='ocrx_word' id='word_1_278' title='bbox 700 3914 787 3987; x_wconf 70' lang='lat' dir='ltr'><strong>pabo</strong></span> <span class='ocrx_word' id='word_1_279' title='bbox 805 3921 857 3990; x_wconf 75' lang='grc' dir='ltr'><strong>ιχο</strong></span> <span class='ocrx_word' id='word_1_280' title='bbox 875 3905 1023 3989; x_wconf 39' lang='lat' dir='ltr'><strong>aarum}</strong></span> <span class='ocrx_word' id='word_1_281' title='bbox 1038 3919 1106 3970; x_wconf 72' lang='lat' dir='ltr'><strong>ruem</strong></span> <span class='ocrx_word' id='word_1_282' title='bbox 1120 3914 1241 3968; x_wconf 66' lang='lat' dir='ltr'><strong>ababa</strong></span> 
     </span>
     <span class='ocr_line' id='line_1_35' title="bbox 124 4000 1241 4076; baseline -0.009 -14"><span class='ocrx_word' id='word_1_283' title='bbox 124 4027 155 4062; x_wconf 85' lang='lat' dir='ltr'><strong>ax</strong></span> <span class='ocrx_word' id='word_1_284' title='bbox 166 4006 324 4061; x_wconf 75' lang='grc' dir='ltr'><strong><em>Πυθώκαδε</em></strong></span> <span class='ocrx_word' id='word_1_285' title='bbox 333 4015 362 4060; x_wconf 89' lang='lat' dir='ltr'><strong>ut</strong></span> <span class='ocrx_word' id='word_1_286' title='bbox 370 4009 440 4076; x_wconf 75' lang='grc' dir='ltr'><strong>γέλω</strong></span> <span class='ocrx_word' id='word_1_287' title='bbox 451 4024 481 4059; x_wconf 85' lang='lat' dir='ltr'><strong>ax</strong></span> <span class='ocrx_word' id='word_1_288' title='bbox 492 4008 581 4075; x_wconf 74' lang='grc' dir='ltr'><strong><em>γέλοια</em></strong></span> <span class='ocrx_word' id='word_1_289' title='bbox 590 4026 615 4074; x_wconf 90' lang='lat' dir='ltr'><strong>p.</strong></span> <span class='ocrx_word' id='word_1_290' title='bbox 624 4005 684 4062; x_wconf 83' lang='grc'>195.</span> <span class='ocrx_word' id='word_1_291' title='bbox 693 4008 821 4061; x_wconf 81' lang='lat' dir='ltr'><strong>Matthiae</strong></span> <span class='ocrx_word' id='word_1_292' title='bbox 832 4025 858 4074; x_wconf 91' lang='lat' dir='ltr'><strong>p.</strong></span> <span class='ocrx_word' id='word_1_293' title='bbox 867 4003 919 4060; x_wconf 87' lang='grc'>109</span> <span class='ocrx_word' id='word_1_294' title='bbox 929 4023 968 4072; x_wconf 85' lang='lat' dir='ltr'><strong>aq.</strong></span> <span class='ocrx_word' id='word_1_295' title='bbox 980 4004 1039 4074; x_wconf 67' lang='grc' dir='ltr'><strong>ἰχῶ,</strong></span> <span class='ocrx_word' id='word_1_296' title='bbox 1045 4000 1167 4056; x_wconf 76' lang='grc' dir='ltr'><em>Ἀπόλλω</em></span> <span class='ocrx_word' id='word_1_297' title='bbox 1176 4016 1241 4067; x_wconf 88' lang='lat' dir='ltr'><strong>apo·</strong></span> 
     </span>
     <span class='ocr_line' id='line_1_36' title="bbox 123 4075 1242 4166; baseline -0.006 -19"><span class='ocrx_word' id='word_1_298' title='bbox 123 4113 181 4164; x_wconf 90' lang='lat' dir='ltr'><strong>cop.</strong></span> <span class='ocrx_word' id='word_1_299' title='bbox 202 4081 270 4148; x_wconf 57' lang='grc' dir='ltr'><strong>--ν</strong></span> <span class='ocrx_word' id='word_1_300' title='bbox 287 4096 364 4146; x_wconf 80' lang='lat' dir='ltr'><strong>eximi</strong></span> <span class='ocrx_word' id='word_1_301' title='bbox 377 4100 474 4161; x_wconf 77' lang='lat' dir='ltr'><strong>polest,</strong></span> <span class='ocrx_word' id='word_1_302' title='bbox 498 4079 676 4166; x_wconf 68' lang='grc' dir='ltr'><strong>111111)ιῷιι</strong></span> <span class='ocrx_word' id='word_1_303' title='bbox 711 4094 751 4147; x_wconf 84' lang='lat' dir='ltr'><strong>De</strong></span> <span class='ocrx_word' id='word_1_304' title='bbox 769 4107 849 4146; x_wconf 73' lang='grc' dir='ltr'><strong><em>σοαιιε.</em></strong></span> <span class='ocrx_word' id='word_1_305' title='bbox 872 4075 1051 4144; x_wconf 48' lang='lat' dir='ltr'><strong>{naiadum</strong></span> <span class='ocrx_word' id='word_1_306' title='bbox 1080 4089 1189 4153; x_wconf 76' lang='lat' dir='ltr'><strong>„Herm</strong></span> <span class='ocrx_word' id='word_1_307' title='bbox 1207 4089 1242 4141; x_wconf 84' lang='lat' dir='ltr'><strong>ad</strong></span> 
     </span>
     <span class='ocr_line' id='line_1_37' title="bbox 124 4173 310 4235; baseline -0.011 0"><span class='ocrx_word' id='word_1_308' title='bbox 124 4184 211 4235; x_wconf 89' lang='lat' dir='ltr'><strong>Prom.</strong></span> <span class='ocrx_word' id='word_1_309' title='bbox 231 4173 310 4234; x_wconf 57' lang='lat' dir='ltr'><strong>law</strong></span> 
     </span>
    </p>
   </div>
   <div class='ocr_carea' id='block_1_4' title="bbox 120 4255 1242 4485">
    <p class='ocr_par' dir='ltr' id='par_1_6' title="bbox 120 4255 1242 4485">
     <span class='ocr_line' id='line_1_38' title="bbox 192 4255 1242 4349; baseline -0.005 -32"><span class='ocrx_word' id='word_1_310' title='bbox 192 4265 235 4321; x_wconf 66' lang='lat' dir='ltr'><strong>”l</strong></span> <span class='ocrx_word' id='word_1_311' title='bbox 254 4264 335 4317; x_wconf 72' lang='lat' dir='ltr'><strong>aaa:</strong></span> <span class='ocrx_word' id='word_1_312' title='bbox 362 4259 452 4328; x_wconf 71' lang='lat' dir='ltr'><strong>„Elam</strong></span> <span class='ocrx_word' id='word_1_313' title='bbox 469 4281 522 4316; x_wconf 91' lang='lat' dir='ltr'><strong>non</strong></span> <span class='ocrx_word' id='word_1_314' title='bbox 539 4266 646 4349; x_wconf 62' lang='lat' dir='ltr'><strong>reperiri</strong></span> <span class='ocrx_word' id='word_1_315' title='bbox 663 4265 754 4327; x_wconf 79' lang='lat' dir='ltr'><strong>Thes,</strong></span> <span class='ocrx_word' id='word_1_316' title='bbox 782 4265 828 4317; x_wconf 86' lang='lat' dir='ltr'><strong>sad</strong></span> <span class='ocrx_word' id='word_1_317' title='bbox 845 4263 956 4314; x_wconf 80' lang='lat' dir='ltr'><strong>fortasse</strong></span> <span class='ocrx_word' id='word_1_318' title='bbox 973 4267 1003 4313; x_wconf 90' lang='lat' dir='ltr'><strong>ut</strong></span> <span class='ocrx_word' id='word_1_319' title='bbox 1020 4255 1034 4313; x_wconf 84' lang='grc' dir='ltr'>ὁ</span> <span class='ocrx_word' id='word_1_320' title='bbox 1053 4257 1162 4328; x_wconf 81' lang='grc' dir='ltr'><strong><em>μείζω.“</em></strong></span> <span class='ocrx_word' id='word_1_321' title='bbox 1213 4258 1242 4313; x_wconf 81' lang='lat' dir='ltr'><strong>V.</strong></span> 
     </span>
     <span class='ocr_line' id='line_1_39' title="bbox 120 4345 1009 4420; baseline -0.008 -15"><span class='ocrx_word' id='word_1_322' title='bbox 120 4369 202 4420; x_wconf 69' lang='grc' dir='ltr'><strong><em>σαρκο</em></strong></span> <span class='ocrx_word' id='word_1_323' title='bbox 216 4370 244 4419; x_wconf 80' lang='lat' dir='ltr'><strong>p.</strong></span> <span class='ocrx_word' id='word_1_324' title='bbox 262 4349 313 4406; x_wconf 81' lang='grc'><strong>181</strong></span> <span class='ocrx_word' id='word_1_325' title='bbox 331 4350 392 4403; x_wconf 76' lang='lat' dir='ltr'><strong>ada.</strong></span> <span class='ocrx_word' id='word_1_326' title='bbox 414 4377 448 4388; x_wconf 92' lang='lat'><em>-</em></span> <span class='ocrx_word' id='word_1_327' title='bbox 482 4351 523 4403; x_wconf 84' lang='lat' dir='ltr'><strong>Da</strong></span> <span class='ocrx_word' id='word_1_328' title='bbox 540 4351 617 4404; x_wconf 60' lang='lat' dir='ltr'><strong>actam</strong></span> <span class='ocrx_word' id='word_1_329' title='bbox 632 4367 739 4419; x_wconf 78' lang='lat' dir='ltr'><strong>apocopa</strong></span> <span class='ocrx_word' id='word_1_330' title='bbox 756 4350 888 4405; x_wconf 77' lang='lat' dir='ltr'><strong>couirorcto</strong></span> <span class='ocrx_word' id='word_1_331' title='bbox 900 4365 930 4416; x_wconf 78' lang='lat' dir='ltr'><strong>p.</strong></span> <span class='ocrx_word' id='word_1_332' title='bbox 948 4345 1009 4400; x_wconf 72' lang='lat' dir='ltr'><strong>alb.</strong></span> 
     </span>
     <span class='ocr_line' id='line_1_40' title="bbox 175 4413 1088 4485; baseline 0.004 -8"><span class='ocrx_word' id='word_1_333' title='bbox 175 4435 290 4485; x_wconf 71' lang='lat' dir='ltr'><strong>norrea,</strong></span> <span class='ocrx_word' id='word_1_334' title='bbox 304 4434 387 4479; x_wconf 77' lang='lat' dir='ltr'><strong>Pallrol.</strong></span> <span class='ocrx_word' id='word_1_335' title='bbox 403 4434 430 4475; x_wconf 86' lang='lat' dir='ltr'><strong>ll.</strong></span> <span class='ocrx_word' id='word_1_336' title='bbox 964 4429 968 4435; x_wconf 81' lang='grc'><em>’</em></span> <span class='ocrx_word' id='word_1_337' title='bbox 1041 4413 1088 4481; x_wconf 69' lang='lat'><strong>20</strong></span> 
     </span>
    </p>
   </div>
   <div class='ocr_carea' id='block_1_5' title="bbox 0 0 1372 4778">
    <p class='ocr_par' dir='ltr' id='par_1_7' title="bbox 0 0 1372 4778">
     <span class='ocr_line' id='line_1_41' title="bbox 0 0 1372 4778; baseline 0 0"><span class='ocrx_word' id='word_1_338' title='bbox 0 0 1372 4778; x_wconf 95' lang='lat' dir='ltr'><strong> </strong></span> 
     </span>
    </p>
   </div>
  </div>
 </body>
</html>
