2736 4778
124 384 166 451 86
509 380 787 451 nlsssuusmo
810 381 872 450 VL

124 545 342 630 glossographi
369 541 544 624 κουοτνκός
569 547 833 629 interpretantur,
867 545 1087 628 cogitationem
1108 545 1256 613 uaducit

125 649 167 714 ad
194 650 325 715 verbum
356 650 469 716 urendi
501 650 647 715 vastandi
670 649 772 733 δοίω,
807 647 890 714 unde
922 666 984 714 non
1007 648 1109 715 solum
1132 646 1200 739 δᾴς
1221 656 1255 716 et

124 749 226 830 ὀολός
247 754 432 834 arcessitur,
466 753 524 819 sed
546 753 643 818 etiam
671 751 853 836 syntheton,
876 751 960 834 quod
981 757 1110 817 nostrae
1132 768 1253 818 causae

124 856 268 937 propiuS,
303 853 500 943 Ποὺρὸαισν
531 861 719 944 μογειρεῖον
745 851 910 933 Λάκωνες
930 853 1081 938 Hesych,
1114 854 1177 920 hoc
1200 860 1252 922 est

24 990 29 997 ·
124 954 288 1043 πυρδάϊον
320 958 386 1022 sive
410 961 603 1046 πυρόαεῖον,
638 965 733 1042 atque
767 958 956 1025 adicclivum
983 953 1136 1044 πυρδαὴς
1163 957 1252 1024 idem

125 1059 306 1143 significans
327 1061 412 1143 qnod
435 1060 586 1150 ποονοὴς
604 1063 670 1128 sive
682 1059 857 1149 πυρονοὴς.
901 1060 1004 1126 Huius
1021 1078 1114 1127 casus
1129 1060 1252 1144 obliqui

125 1164 158 1229 in
180 1164 325 1230 versibus
348 1165 509 1248 dactylicis
526 1165 622 1248 alpha
642 1165 821 1232 necessario
842 1165 970 1247 longum
991 1164 1125 1231 habent:
1149 1189 1249 1250 πυρο-

125 1269 227 1346 νοέος
260 1259 384 1354 ἄνδρας
411 1267 561 1350 Maneth,
595 1269 678 1352 quod
710 1267 889 1334 Meinekius
911 1266 980 1333 Del.
1006 1266 1066 1334 113
1088 1267 1251 1357 Leonidae

125 1369 252 1435 Tarent
274 1370 413 1437 reddidit
433 1390 491 1454 pro
512 1371 709 1459 πορινοιέος
730 1372 908 1438 substracto
929 1371 1028 1438 fulcro
1050 1369 1164 1449 inutili,
1188 1388 1251 1453 quo

124 1477 217 1539 vacat
239 1473 404 1541 colosaei·
432 1466 520 1562 ὄγκῳ
541 1475 574 1541 in
606 1475 668 1542 alio
690 1475 830 1542 eiusdem
864 1475 976 1557 epigr,
1009 1490 1112 1555 neque
1141 1470 1252 1538 ferunt

125 1575 406 1642 substantivahinc
421 1580 602 1645 emanantia
617 1573 787 1667 ἡλιοκαΐα,
808 1584 982 1661 λυχνοκαῒα
1004 1581 1062 1642 etc·
1079 1576 1121 1642 ud
1132 1575 1249 1660 Phryn.

125 1678 198 1748 523.
241 1678 301 1745 His
329 1680 473 1746 omnibus
501 1687 535 1747 et
561 1682 727 1763 congeneri
749 1677 917 1765 πορκοείνς
949 1680 1142 1746 consuetudo
1164 1697 1249 1745 com·

125 1783 229 1848 munis
251 1782 346 1865 alpha
374 1782 470 1849 breve
501 1789 538 1851 ut
569 1784 670 1850 nostri
695 1785 870 1867 lexigraphi
896 1785 1079 1866 assignasse
1097 1781 1251 1849 videntum

126 1887 312 1952 conveniens
329 1885 496 1952 Homerico
519 1885 677 1975 nvpxa'lq.
721 1886 880 1972 Singulari
901 1907 976 1953 vero
998 1886 1160 1969 synaeresi
1182 1885 1249 1952 En·

125 1990 244 2073 ripides
277 1990 310 2054 in
342 1989 439 2056 tertia
469 1990 605 2056 trimetri
638 1989 766 2072 dipodia
798 1991 961 2074 anapaesti
990 1989 1129 2056 evitandi
1151 2004 1250 2056 causa

126 2092 325 2175 trisyllabum
346 2092 453 2175 posuit
474 2089 560 2160 ἑπτὰ
586 2093 749 2180 πυρκαιὰς
770 2099 901 2182 νεκρῶν.

211 2195 325 2262 Verbis
342 2194 437 2278 δαίω,
462 2195 547 2264 ναίω
570 2214 646 2262 sono
669 2197 861 2264 simillimum
875 2194 960 2282 ναίω
983 2214 1021 2261 ex
1043 2213 1104 2261 usu
1127 2191 1250 2261 effluxit

126 2298 232 2379 citius,
266 2317 361 2381 quarn
394 2300 434 2365 ab
463 2319 502 2366 ex
523 2298 722 2366 omatoribus
744 2300 870 2382 linguae
891 2301 924 2365 in
945 2300 1049 2365 varias
1071 2296 1195 2380 figuras
1216 2302 1249 2363 et

125 2402 443 2482 paraschematismos
465 2403 627 2470 diductum
650 2409 743 2469 esset
807 2403 890 2470 Hinc
914 2408 1022 2468 tamen
1043 2400 1249 2467 Aristarchus

117 2494 301 2569 'vocativum
323 2501 455 2588 βουγάϊε
481 2511 591 2571 natum
623 2507 747 2588 putarit
781 2505 823 2571 ad
853 2503 1066 2588 denotandum
1087 2504 1249 2571 hominem

125 2607 242 2673 rustice
265 2607 490 2686 exsultantem
514 2608 567 2672 alii
588 2606 721 2695 βοογὴϊο
751 2608 924 2674 scribentes
947 2609 1006 2674 hoc
1027 2608 1151 2673 nominc
1174 2625 1248 2689 pro·

126 2711 195 2791 prie
216 2713 297 2791 βοῐν
330 2707 469 2797 ἐργάνην
501 2708 670 2790 significari
692 2713 836 2790 tradunt,
870 2729 964 2792 quern
987 2711 1040 2776 alii
1063 2715 1157 2794 γοῖον
1182 2709 1248 2775 siue

127 2810 220 2896 γάϊον
242 2812 347 2877 uocari
368 2817 535 2877 testantur.
551 2851 585 2859 —
613 2812 686 2880 Sine
708 2816 814 2881 radice
837 2815 936 2880 crevit
956 2813 1145 2879 Laconicum
1165 2809 1247 2893 χαΐα

128 2916 160 2978 in
182 2914 402 2995 Aristophanis
435 2915 593 2996 versibus,
628 2917 681 2982 ubi
703 2918 849 2982 Lacaena
881 2917 1035 2998 loquitur3
1068 2915 1140 2981 hinc
1165 2918 1249 3003 χᾷος

126 3023 320 3084 contractum
343 3019 403 3083 dici
424 3024 541 3099 posset,
565 3020 622 3085 sed
644 3038 682 3086 ex
703 3040 766 3086 uno
788 3021 841 3086 illo
864 3020 1021 3086 Theocriti
1043 3018 1110 3084 loco
1133 3017 1248 3083 meritc

128 3121 288 3186 sublatum
310 3129 374 3200 est;
402 3122 569 3204 synthetcn
598 3123 631 3187 in
653 3123 810 3189 codicibus
833 3123 980 3206 Aeschyli
1002 3120 1150 3205 omnibus
1170 3122 1248 3187 scri·

126 3229 215 3305 ptum
237 3232 287 3289 est
307 3229 506 3306 βαθυχαῖος,
530 3226 588 3291 sed
610 3227 707 3291 critici
729 3232 876 3308 respectu
898 3226 1046 3308 strophae
1056 3219 1250 3307 βοθοχάϊος

128 3332 369 3408 supposuerunt.
384 3364 419 3375 —
435 3327 461 3392 E
484 3328 650 3410 gentilitiis
668 3328 730 3395 huc
752 3327 993 3395 adscribendum
1015 3326 1249 3392 estMaeonum

126 3449 265 3510 nomenr
288 3449 366 3512 quos
390 3431 503 3497 Graeci
535 3431 628 3514 vulgo
657 3429 827 3510 Μαίονος,
861 3431 1018 3498 Homerus
1044 3427 1188 3518 Μῄονας
1217 3436 1251 3495 et

128 3533 285 3620 Μοΐονος
306 3539 397 3598 vocat
425 3532 679 3622 ἐκφωνηθέντος
701 3538 759 3600 τοῦ
792 3537 816 3617 ἶ,
849 3535 1038 3616 eosdemque
1060 3532 1249 3599 Heraclides

128 3655 147 3699 a
168 3636 325 3700 nonnullis
341 3633 479 3724 Μήονος
502 3637 655 3720 oppedam
676 3637 774 3703 tradit
795 3656 882 3703 more
900 3638 1091 3703 Boeotorum
1114 3641 1168 3700 eta
1190 3654 1250 3718 pro

128 3739 164 3808 u·
188 3740 380 3819 ponentium,
402 3739 491 3804 Eust.
504 3737 575 3805 365.
588 3740 638 3805 27.
655 3777 690 3788 -
706 3738 755 3805 Dc
778 3741 839 3806 alio
861 3740 954 3807 buius
977 3739 1099 3805 numeri
1121 3739 1249 3804 nomine

127 3841 328 3907 Herodianus
350 3841 386 3907 Il.
408 3841 455 3906 IX
478 3840 539 3908 605
562 3843 612 3907 vel
639 3861 729 3910 suam
752 3843 802 3909 vel
825 3843 957 3909 aliorum
980 3841 1170 3910 sententiam
1194 3859 1248 3907 ex-

66 3949 72 3966 *
126 3947 229 4026 ponit:
253 3941 351 4030 λόγος
384 3943 471 4013 ἐστὶν
494 3941 539 4024 ὥς
567 3952 660 4012 πᾶσα
688 3941 805 4014 εὐθεῖα
829 3948 1001 4032 ἀρσενικοῦ
1025 3942 1191 4029 ὀνόματος
1213 3943 1250 4012 ἐν

126 4056 167 4137 τῇ
201 4039 380 4138 τελευιαίᾳι
404 4044 463 4115 <tto
497 4045 616 4128 ἔχουσα
650 4046 821 4134 φωνήεντα
850 4055 954 4116 ταῦτα
983 4049 1126 4137 sacrarat
1144 4047 1250 4137 χωρὶς

128 4154 184 4216 τοῦ
211 4151 312 4241 Θρᾷξ.
356 4150 449 4217 Hunc
470 4150 618 4231 Atticum,
640 4156 678 4215 ut
698 4158 824 4233 vocant,
847 4159 1009 4218 accentum
1031 4157 1176 4218 auctores
1198 4157 1248 4218 to-

126 4253 188 4316 nici
220 4253 402 4335 praeferunt
435 4259 567 4337 oxytono
592 4250 694 4345 Θρᾲξ,
718 4258 843 4339 utrique
876 4262 983 4322 autem
1015 4256 1081 4320 iota
1110 4255 1250 4322 adscribi

128 4354 279 4435 quidem·
292 4359 348 4423 sed
375 4377 438 4423 non
461 4357 618 4424 enuntiari
641 4357 761 4440 docent
784 4379 812 4425 v.
835 4358 949 4424 Parall.
973 4356 1013 4425 99
1036 4363 1070 4424 et
1091 4355 1164 4425 541.
1209 4357 1249 4424 ld
