2736 4778
362 352 427 417 DE
450 350 730 418 PARECTASI.
773 352 813 418 C.
835 354 896 422 lV.
929 358 954 439 ξ.
977 356 1008 420 3.
1169 364 1246 435 443

128 535 234 615 theta,
260 535 381 621 quihus
403 533 483 599 EM.
507 535 624 610 utitur,
653 545 687 599 et
714 535 764 598 his
793 548 932 622 cognata
956 560 1023 602 non
1050 560 1117 605 uno
1144 545 1245 609 modo

126 637 323 705 scribuntur.
366 632 610 743 Monohopulus
632 634 754 702 Sched.
775 636 827 701 89.
852 649 884 703 et
904 640 1113 707 Herodianus
1135 645 1245 732 Epim.

126 738 203 805 26⁷.
221 735 306 805 στοά
324 718 576 821 fronimi,
594 735 636 801 τὰ
657 737 694 804 δὲ
713 733 799 822 παρ’
820 733 924 805 αὐτοῦ
943 737 1073 824 μεγάλα
1094 746 1245 827 στωικός,

127 834 311 921 strio-rosv,
335 831 539 914 πολύστωστ,
562 833 752 920 πρόστωον·
775 839 835 904 sed
855 838 924 913 iota
943 841 1036 906 addit
1047 841 1126 908 ΕΜ.
1134 844 1245 924 666,1.

128 937 318 1021 περίστοιον
340 939 400 1005 σὺν
423 926 512 1022 roll
531 932 695 1025 γράφεται
721 941 769 1024 τῷ
791 945 979 1028 χαρακτῆρι
1007 946 1075 1008 τῶν
1104 944 1162 1011 διὰ
1189 952 1247 1014 σοι’·
1334 958 1349 983 “

130 1028 200 1106 ιιι-ον
219 1040 276 1104 καὶ
299 1035 352 1104 ὅτι
375 1032 445 1104 ἀπὸ
470 1042 531 1104 τοῦ
552 1033 650 1103 στοισὶ
673 1036 796 1122 γίνεται
819 1037 1014 1123 περίποτον
1034 1042 1092 1109 καὶ
1114 1044 1244 1116 ἐκτάσει

130 1140 353 1227 (ιτερίοτριον)
380 1137 467 1224 ὅπερ
495 1134 637 1224 εὐλόγως
667 1136 967 1223 προπαροξύνεται.
1016 1144 1063 1210 Τὸ
1091 1146 1129 1211 δε)
1157 1174 1245 1235 πριι-

128 1243 236 1327 στῴον
268 1241 560 1325 ιιροιιερισσᾶται·
594 1238 651 1303 καὶ
680 1232 824 1326 ὤφειλεν
854 1237 875 1326 ἢ
904 1241 946 1307 τὰ
981 1238 1040 1309 δύο
1074 1270 1243 1335 προστρι-

127 1344 283 1408 σσᾶσθσι
304 1335 385 1429 iisd
407 1333 467 1404 clo
484 1336 820 1424 προπαροξύνεσθαι,
840 1339 959 1431 ἐπειδὴ
979 1338 1048 1413 ἀπὸ
1067 1354 1127 1414 τοῦ
1143 1356 1241 1418 crocci

127 1436 304 1528 ἀμφότερα
327 1439 471 1526 γέγονεν.
516 1440 614 1505 Hanc
636 1448 791 1505 accentus
812 1440 1115 1529 inconsequentiam
1135 1453 1241 1518 Arca.

128 1544 200 1608 dius
224 1562 356 1628 quoque
378 1550 549 1605 attestatur
570 1563 603 1627 p.
628 1540 700 1605 122.
726 1542 787 1607 sed
812 1543 845 1606 in
866 1545 946 1610 EM.
968 1547 1043 1624 413,
1067 1549 1117 1614 74.
1144 1577 1241 1638 περι-

124 1648 232 1729 σιῷον
253 1643 411 1728 scriptum
433 1653 484 1706 est
509 1652 545 1705 ut
571 1645 762 1728 ιιροστῷον,
791 1665 895 1729 eaque
916 1647 1139 1716 modulatione
1161 1652 1241 1719 haec

123 1745 369 1830 distinguuntur
395 1741 437 1807 ab
466 1742 634 1827 adjectivis
658 1747 933 1831 proparoxytonis
958 1748 1150 1834 πρόστιοος,
1178 1778 1241 1819 πε.

123 1845 287 1929 ρι’στιοος,
330 1844 450 1931 quibus
490 1845 651 1910 accedunt
689 1843 860 1932 πρόστοος
900 1859 934 1914 ει
972 1847 1153 1933 περίστοος
1175 1855 1239 1938 ¹²).

122 1947 217 2012 Haec
243 1947 346 2032 igitur
375 1947 445 2013 iota
474 1968 495 2011 ε
523 1957 702 2032 prototypo
731 1945 829 2013 στοιά
858 1962 1070 2035 acceperunt,
1104 1953 1195 2037 quod
1221 1979 1243 2017 a

122 2048 209 2113 στέω
235 2047 445 2132 manavit¹³)
472 2048 557 2112 sicut
584 2069 603 2111 a
629 2046 695 2112 κείο
722 2048 874 2131 (κεῖμαι)
901 2053 1004 2115 Κοῖον
1027 2051 1066 2116 τὸ
1091 2050 1241 2138 ἐνέχυρον

123 2161 157 2214 et
185 2144 294 2214 Κώιον
322 2150 405 2233 (hoc
434 2159 483 2214 est
510 2149 627 2233 Κῷον)
658 2146 808 2231 ἐνέχυρον
835 2146 894 2212 καὶ
924 2144 1122 2236 ἱιιᾶιιονΗ)
1154 2175 1241 2237 quae

123 2249 311 2333 Hesychius
343 2250 436 2318 affert
472 2272 546 2315 cum
577 2246 685 2312 verbis
721 2245 798 2312 hinc
833 2248 989 2314 traductis
1027 2248 1174 2334 κακίζειν
1206 2272 1237 2319 ει

124 2347 263 2432 κισάζειν
284 2350 322 2417 τὸ
350 2347 583 2434 ἐνεχυριάζειν,
609 2349 764 2432 idemque
785 2348 919 2414 verbum
940 2353 1154 2436 praestruitur
1176 2354 1237 2421 ho·

123 2452 244 2517 merico
262 2451 425 2539 epitheto:
445 2451 540 2535 παρὰ
562 2447 599 2516 τὸ
618 2450 698 2515 κείω
716 2443 889 2535 ὀρέσκοιος
905 2450 962 2516 καὶ
984 2449 1116 2518 ἐκτάσει
1138 2459 1198 2519 τοῦ
1214 2447 1238 2516 ἰι

122 2553 180 2619 καὶ
207 2552 393 2634 μεταθέσει
424 2555 483 2618 τοῦ
515 2547 614 2616 τόνοι
646 2543 814 2633 ὀρεσκιῦσς
845 2546 898 2616 ὅτι
925 2550 968 2615 τὰ
997 2551 1054 2617 διὰ
1083 2556 1143 2618 τοῦ
1173 2542 1240 2632 ‹rr—or

121 2652 260 2738 κτητικὰ
287 2655 519 2738 περισπῶνται
543 2649 653 2735 Epim.
680 2649 804 2715 1.304.
834 2651 895 2716 sed
921 2650 974 2717 hic
996 2665 1150 2719 accentus
1171 2678 1237 2721 non

121 2752 321 2817 certissimus
344 2751 490 2837 estquis
513 2751 580 2816 duo
602 2763 728 2816 tantum
755 2774 851 2817 casus
875 2753 1044 2838 leguntur,
1074 2756 1236 2822 secundus

121 2866 155 2921 et
176 2854 306 2932 tertius,
329 2876 367 2920 ac
387 2876 430 2919 ne
452 2854 494 2918 de
516 2865 624 2938 etymo
648 2852 780 2937 quidem
801 2855 954 2920 convenit
977 2879 1007 2919 v.
1029 2857 1122 2921 Dies.
1144 2857 1188 2922 ll.
1209 2881 1237 2923 c.

119 2955 186 3020 III.
208 2958 234 3040 ξ.
256 2956 287 3021 3.
329 2955 515 3020 Allatorum
535 2953 684 3020 ultimum
707 2949 861 3034 ὑστερῶσι
886 2975 927 3016 ex
949 2951 1108 3037 ὑπεροῐσς
1124 2969 1236 3022 natum

121 3077 194 3121 esse
220 3057 305 3121 inlrs
334 3055 515 3121 ostendam.
565 3053 622 3119 Ab
651 3052 702 3117 his
728 3053 827 3136 igitur
850 3052 1000 3118 omnibus
1028 3054 1151 3120 distant
1172 3052 1239 3123 ιόόν

120 3170 155 3221 ει
178 3160 276 3237 ζῶον,
308 3179 447 3243 quorum
473 3155 556 3219 illud
575 3176 711 3241 prorsus
733 3153 783 3216 sui
800 3154 884 3236 juris
904 3177 967 3220 nec
991 3155 1141 3221 alicunde
1164 3180 1238 3222 sus-

121 3280 260 3346 pensum
281 3271 342 3337 εει,
364 3259 500 3324 alterum
521 3256 645 3320 nullum
668 3255 828 3338 ejusmodi
850 3255 950 3320 habet
971 3267 1120 3340 etymon,
1149 3260 1237 3325 undc

121 3360 190 3426 iota
209 3361 400 3426 transfluere
421 3358 580 3447 potuerit,
609 3378 646 3422 ac
674 3355 866 3442 plerumque
892 3359 962 3423 sine
989 3359 1057 3423 iota
1086 3358 1238 3424 scribitur

121 3462 190 3527 sive
223 3462 361 3548 simplex
391 3470 441 3525 est
468 3460 536 3526 sive
572 3457 745 3545 compositi
780 3470 907 3544 partem
941 3457 1067 3523 obtinet
1096 3460 1237 3546 priorem

123 3559 303 3645 ζιοογόνος,
341 3560 507 3650 ζώει-υτον,
543 3557 735 3645 ζωγράφος,
768 3558 822 3624 cui
854 3581 986 3624 causam
1014 3559 1103 3626 haud
1130 3585 1238 3629 veram

192 3775 566 3850 1ε)ιιιρισιοοςοικοιομὴ,
585 3779 664 3848 quod
682 3776 710 3831 in
721 3776 806 3832 Thes.
823 3793 859 3832 cx
871 3776 1014 3849 Ilosyehio
1032 3782 1156 3846 affertur,
1174 3782 1238 3835 Mu·

120 3867 180 3922 suri
200 3866 338 3921 comestio
358 3874 414 3931 est3
439 3867 515 3936 apud
533 3862 663 3918 Photium
683 3870 835 3933 τιεριστωος
857 3864 961 3935 legitur
984 3874 1015 3920 ut
1039 3865 1067 3919 in
1086 3867 1181 3920 Schol.
1202 3865 1236 3918 Il.

180 3951 229 4006 lV.
245 3953 305 4004 Ἀθ.

118 3952 398 4106 ΧΧ13)11ροοτιὶς.
422 4036 499 4104 quod
517 4034 674 4105 Hesychius
696 4032 840 4106 πρόσεισιν
859 4035 1071 4107 interpretatur,
1090 4028 1238 4100 perspicue

122 4142 185 4179 cum
203 4127 354 4193 προστῆναι
373 4124 515 4176 cohaeret.

192 4212 236 4275 lt)
246 4210 311 4265 Hoc
322 4208 460 4281 incertum
474 4213 614 4260 vestemne
626 4206 713 4260 Coum
725 4203 865 4272 significet
878 4220 913 4254 an
926 4202 1039 4271 pallium
1057 4197 1241 4271 ι’·ποκιιμενω

121 4296 180 4350 sive
197 4294 310 4367 pignori
329 4301 449 4364 captam.
