2736 4778
190 287 263 357 164
551 279 871 349 DISSERTATIO
903 280 932 345 1.

189 466 368 531 derivatum
390 487 462 532 esse
485 464 584 530 statui
606 466 649 531 ad
667 465 792 553 Phryn.
814 466 887 532 294.
913 475 946 530 et
967 485 1123 529 assensus
1144 467 1307 534 cstButt-

187 591 336 634 mannus.
379 569 432 633 Ao
454 567 599 632 similiter
621 561 735 653 ‹idwdri
753 567 795 633 ab
818 561 945 645 ridenda,
973 559 1083 652 ὂκιοχή
1116 564 1157 630 ab
1179 558 1305 652 ὅκωχα,

188 669 278 754 quod
303 691 414 735 omnes
435 667 469 732 in
492 666 657 734 homerico
681 664 816 751 ὀχιοκώς
845 675 1038 753 agnoscunt
1081 665 1172 732 Hinc
1193 680 1304 736 antem

185 781 446 855 argumentamur
468 769 509 834 de
528 769 673 854 reliquis,
696 766 815 857 ἕδωδή,
838 769 927 854 quod
945 768 986 833 ab
1007 769 1108 833 altera
1123 769 1212 836 verbi
1236 767 1304 838 ἔδον

185 871 368 959 propagine
391 867 518 958 ἐόνγόιόν
537 869 646 935 differt
669 881 765 957 tropa
784 871 906 936 vocalis
931 881 968 935 ut
986 864 1098 957 ἂριογὴ
1118 869 1158 934 ab
1178 866 1303 960 ἆρήγον,

186 973 292 1058 deque
315 966 443 1058 ἀγωγή,
476 970 529 1035 cui
554 970 635 1036 nihil
664 972 801 1038 vicinius
823 983 872 1038 est
894 994 992 1057 quam
1017 970 1163 1036 doricum
1184 963 1302 1058 ἅγηχα,

185 1086 218 1139 et
239 1069 370 1159 ἀκωκή,
400 1070 453 1136 cui
482 1073 606 1137 nullum
637 1073 770 1158 quidem
798 1073 961 1140 antecedit
990 1072 1171 1159 perfectum
1193 1063 1301 1159 iixpxn

79 1179 83 1190 “
185 1175 245 1239 sed
267 1195 372 1258 aeque
392 1172 524 1238 insolita
545 1182 621 1238 sunt
641 1197 725 1259 quae
747 1176 802 1242 ille
822 1175 978 1263 proponit
999 1173 1202 1240 substantiva
1222 1167 1302 1259 ἀκή,

181 1271 259 1368 ᾀγή,
282 1271 341 1361 ἐόή
366 1283 399 1339 et
420 1275 511 1359 quod
533 1274 652 1340 oblitus
677 1287 726 1340 est
746 1271 820 1363 ὀδή.
863 1278 982 1362 Itaque
1009 1287 1119 1340 manet
1138 1274 1303 1340 sententia

184 1375 397 1442 haecomnia
418 1398 438 1439 a
458 1376 609 1462 perfectis
633 1389 739 1442 ortum
760 1376 881 1442 habere
900 1379 953 1444 vel
972 1378 1101 1443 usitatis
1122 1376 1174 1442 vel
1194 1375 1299 1442 usita-

183 1489 290 1542 torum
320 1476 443 1541 formae
475 1477 668 1542 assimilatis.
724 1477 827 1561 Quod
860 1491 967 1544 autem
999 1477 1221 1564 Goettlingius
1254 1475 1298 1541 ad

184 1577 352 1644 Theodos.
380 1600 415 1665 p.
442 1577 516 1642 215.
546 1578 716 1644 contendit
743 1576 868 1667 ἐδαδή,
897 1574 1023 1666 ὀπωπή
1046 1601 1113 1643 non
1133 1576 1300 1664 duplicata

182 1702 254 1744 esse
280 1678 340 1743 sed
368 1699 538 1764 paragoge
561 1689 598 1742 ut
624 1674 768 1767 οὗχιολή,
799 1678 987 1767 θαλπωρή,
1011 1681 1048 1744 id
1069 1703 1109 1745 co
1129 1678 1296 1756 refellitur,

183 1780 273 1863 quod
294 1800 483 1865 paragogae
504 1779 538 1843 in
557 1767 642 1864 ὦό-νγ,
665 1767 733 1867 ω-γνγ
759 1790 820 1847 etc.
846 1780 935 1845 nulla
955 1780 1163 1846 inveniuntur
1185 1802 1297 1845 exem·

181 1880 238 1967 pla
267 1891 299 1944 et
325 1879 416 1964 quod
443 1880 477 1944 in
504 1879 694 1966 geminatis,
725 1902 808 1964 quae
831 1880 916 1959 dixi,
939 1883 1023 1948 duae
1045 1893 1207 1947 extremae
1229 1880 1297 1964 syl-

179 1980 275 2047 labae
305 1981 442 2054 eandem
472 1979 594 2046 habent
621 2003 815 2059 consonam,
847 1982 881 2046 in
903 1982 1080 2069 paragogis
1108 2004 1184 2046 vero
1214 1978 1297 2045 haec

181 2082 332 2171 epallelia
360 2093 491 2147 cavetur
515 2082 630 2148 sedulo
658 2077 784 2149 deitato
811 2079 999 2170 θαλπωρή,
1027 2081 1119 2177 ἔλαιον
1146 2077 1294 2169 ἐλπωρή,

180 2185 240 2249 sed
259 2183 374 2266 σέρπιο
396 2181 574 2276 τερπινιῖή.ο
606 2182 671 2247 His
695 2205 729 2247 se
752 2183 932 2249 admiscent
952 2184 1101 2259 nomina,
1130 2203 1214 2268 quae
1236 2203 1294 2247 eo-

179 2285 314 2348 hacrent
348 2281 481 2366 quidem
512 2305 586 2348 cum
615 2282 722 2348 verbis
757 2284 816 2348 sed
849 2284 967 2349 levius:
1003 2282 1099 2371 παρὰ
1133 2282 1171 2350 τὸ
1198 2278 1293 2369 γράω

178 2389 297 2470 γραῖνα
328 2383 385 2449 καὶ
411 2382 446 2450 ἐν
468 2384 706 2470 διπλασιασμῷ
728 2383 909 2470 γάγγραινα
929 2385 1008 2450 ΕΜ.
1029 2383 1103 2462 219,
1125 2383 1178 2448 28.
1201 2380 1291 2468 quod

178 2485 232 2550 alii
246 2484 383 2550 forsitan
399 2482 442 2548 ad
458 2480 582 2570 γραίνω
598 2483 717 2548 referre
732 2483 847 2549 malint
865 2495 901 2548 ut
917 2481 1102 2573 παμφαίνιο
1118 2481 1219 2549 Proll.
1236 2481 1291 2547 35.

175 2599 243 2652 not.
266 2586 383 2671 35.2²)
414 2584 556 2650 sedilia
585 2585 698 2671 potior
716 2585 809 2650 ratio.
857 2584 1057 2669 Neutiquam
1078 2607 1154 2650 vero
1179 2607 1292 2651 assen-

177 2689 240 2753 tior
266 2685 357 2772 quod
385 2686 473 2750 idem
500 2685 577 2751 dicit
607 2710 640 2772 p.
663 2687 736 2764 482,
759 2687 811 2751 37.
839 2683 1003 2772 κάγκανον
1025 2685 1122 2774 παρὰ
1142 2685 1181 2753 τὸ
1205 2685 1292 2752 καίιο

177 2782 250 2854 κατ’
276 2783 590 2869 ἀναδιπλασιασμὸν
613 2786 671 2853 καὶ
692 2789 894 2874 πλεονασμῷ
915 2773 1023 2872 aori]
1040 2785 1195 2850 namhoc
1214 2808 1290 2870 par-

175 2909 309 2974 agogen
335 2885 464 2951 videtur
495 2907 515 2949 a
540 2881 651 2972 κάγκιιν
680 2887 847 2971 καγκαίνω
874 2886 976 2952 Proll.
1002 2887 1073 2951 184.
1117 2885 1291 2956 Vocatium

174 2988 448 3077 prostheticarum
465 2988 566 3054 altera
582 2998 632 3053 est
647 2988 792 3075 epsilon3
812 2989 950 3072 βέβαιος
964 2987 1059 3073 παρὰ
1081 2987 1120 3054 τὸ
1139 2990 1191 3071 βῶ
1211 2981 1288 3051 κατ’

173 3087 488 3175 ἀναδιπλασιασμόν
514 3090 595 3158 ΕΜ.
619 3091 691 3168 193,
715 3092 765 3155 10.
796 3089 886 3175 quod
911 3099 1077 3175 antepono
1105 3086 1291 3153 Herodiani

173 3193 352 3260 sententiae
374 3192 416 3257 ad
436 3192 477 3258 ll.
499 3193 542 3258 V.
564 3190 616 3256 64.
637 3193 774 3275 βέβαιος
793 3188 889 3280 παρὰ
910 3189 948 3257 τὸ
969 3190 1112 3275 βέβηκα,
1137 3186 1199 3252 etsi
1220 3198 1288 3252 sta-

172 3294 305 3360 bilitatis
328 3293 419 3358 notio
441 3312 509 3357 non
534 3292 697 3378 praesenti
726 3290 873 3376 subjecta
895 3302 945 3355 est
972 3291 1032 3356 sed
1061 3289 1206 3377 perfeeto
1231 3290 1290 3372 βέ·

170 3400 258 3479 βηκα
280 3416 341 3482 pro
363 3386 398 3461 εὖ
416 3393 543 3480 βέβηκα
569 3413 599 3456 v.
622 3390 757 3458 Jacobs.
779 3390 821 3455 ad
840 3390 995 3456 Philostr.
1017 3391 1091 3457 307.
1135 3391 1230 3457 Idem
1251 3414 1287 3476 p.

172 3486 244 3572 194,
268 3498 296 3561 1.
320 3489 390 3563 ἀπὸ
412 3497 471 3562 τοῦ
491 3497 544 3578 βιῦ
564 3489 659 3581 βήσιο
682 3488 786 3579 βηλός
806 3491 863 3558 καὶ
882 3493 1124 3580 διπλασιασμῷ
1145 3492 1289 3579 βέβηλος

170 3588 189 3660 ὁ
214 3591 358 3677 βάσιμος
388 3592 506 3672 παντί,
534 3594 622 3683 πρὸς
651 3586 905 3678 ἆντιδιασνολὴν
934 3597 994 3659 τοῦ
1023 3587 1163 3670 ἀδύτου,
1195 3591 1290 3676 quod

168 3693 269 3778 vulgo
290 3689 415 3775 ἶν’βανον
435 3705 578 3760 vocatur.
623 3691 845 3780 Κεκρύφολος
866 3691 978 3760 Schol.
1000 3693 1074 3760 Nic.
1098 3692 1199 3758 Ther.
1210 3693 1287 3758 579.

168 3795 249 3860 ΕΜ.
271 3793 345 3871 501,
368 3794 418 3858 10.
441 3790 511 3862 ἀπὸ
533 3798 594 3860 τοῦ
625 3791 796 3877 κρύπτειν,
824 3793 912 3858 unde
940 3792 1054 3882 κρύφα
1085 3804 1118 3859 et
1145 3790 1286 3882 κριῗφος.

170 3896 266 3980 Quae
288 3894 315 3960 si
337 3916 413 3958 vera
439 3904 488 3959 cst
510 3893 695 3981 explicatio,
718 3893 843 3979 syllaba
864 3894 1008 3960 secunda
1022 3894 1142 3960 rectius
1153 3893 1195 3959 ab
1208 3895 1286 3959 Ηο-

167 4020 257 4064 mero
287 3996 460 4084 corripitur
487 4017 584 4082 quam
613 4016 633 4058 a
659 3991 802 4061 Comicis
823 3995 1030 4083 producitur,
1060 4018 1169 4083 neque
1198 4015 1286 4081 opus

234 4213 282 4282 22)
299 4215 362 4270 Hoc
378 4220 484 4291 γραίνω
504 4211 601 4269 nescio
620 4214 762 4284 quomodo
781 4212 885 4269 excidit
905 4213 1127 4270 inTeclrn.12l.
