2736 4778
124 332 201 412 562
484 328 803 402 DISSERTATIO
834 328 877 401 V.

124 526 187 588 τοῦ
202 507 236 588 ὀ
249 515 590 608 διιρὴ.’Ῥοόιόπολις
607 518 697 606 quod
716 541 737 583 a
752 515 863 587 Ῥοόιά
881 512 987 595 πόλις
999 526 1130 583 tantum
1151 516 1244 585 distnt

128 621 284 712 quantum
312 619 564 701 Παλαιόπολις,
594 634 632 688 ut
660 643 747 686 nunc
769 620 926 706 scriptum
949 630 1000 684 cst
1020 619 1143 686 Diosc.
1167 623 1243 687 Mat

125 730 168 796 V.
192 726 263 799 145.
293 748 313 790 a
342 722 484 792 Παλαιὰ
509 718 626 805 πόλις,
657 722 777 809 quibus
805 721 930 786 accedit
953 721 1087 786 tertium
1109 722 1244 789 Παλιό·

86 833 226 919 ,πόλις
253 820 359 912 livorna
388 818 497 892 τόπου
526 824 619 892 Suid.
669 827 745 890 Hoc
777 846 880 911 genus
918 823 997 888 nihil
1028 823 1243 891 dubitationis

126 929 227 996 habet
252 929 310 995 sed
338 926 558 994 controversia
586 926 736 992 consistit
756 927 840 991 inter
859 926 1049 1013 parathesin
1076 929 1244 1015 propriam

128 1043 161 1099 et
185 1030 414 1119 impropriam,
438 1051 521 1114 quae
543 1028 615 1094 solo
640 1040 775 1094 accentu
799 1029 1044 1115 dignoscuntur.
1079 1031 1144 1096 Ad
1167 1030 1243 1096 haur

126 1134 290 1224 pertinent
306 1131 517 1217 Καινήπολις
536 1131 636 1196 Paus.
659 1132 724 1197 III.
743 1132 795 1209 21,
815 1131 844 1194 7.
868 1130 938 1196 sine
953 1130 1020 1195 ulla
1037 1129 1244 1197 dissensione

128 1238 299 1324 scriptum,
317 1227 505 1320 Ἶιοόπολις
525 1232 680 1298 Philostr.
703 1234 745 1299 V.
769 1232 873 1319 Soph.
890 1234 936 1298 II.
953 1234 1005 1310 24,
1018 1232 1095 1297 606.
1114 1229 1243 1301 ‘Potit-

127 1340 228 1415 πολις
255 1337 290 1402 in
318 1334 483 1421 Inscriptt.
505 1335 630 1421 Lyciis,
656 1329 831 1414 Νεόπολις
851 1336 982 1421 Scyron.
1009 1335 1149 1423 Perieg.
1176 1334 1243 1401 269

129 1451 161 1507 et
189 1438 262 1504 659.
288 1436 455 1504 Plutarch.
482 1437 525 1504 V.
551 1437 653 1504 Dion.
681 1456 709 1501 c.
731 1436 784 1500 49.
828 1437 869 1505 Id
891 1458 967 1502 vero
989 1434 1246 1507 schaeferusin

126 1543 252 1611 Adnot.
278 1541 320 1604 ad
344 1539 376 1604 lr.
396 1539 417 1604 l.
440 1539 482 1603 T.
504 1539 565 1607 IV.
588 1538 662 1603 451.
684 1538 719 1602 in
739 1537 819 1602 duas
843 1539 1002 1604 dictiones
1019 1539 1245 1605 diducendum

126 1656 237 1734 putat,
269 1643 358 1729 quod
389 1640 538 1728 pluribus
566 1641 638 1705 aliis
671 1640 749 1706 fecit
776 1639 920 1707 Simonis
948 1663 1015 1706 non
1040 1640 1115 1706 sine
1149 1640 1242 1709 codd

128 1769 275 1813 assensu.
299 1744 494 1828 Eodemque
507 1764 569 1808 nos
584 1744 706 1807 ducunt
722 1763 896 1807 numerosa
910 1742 1080 1809 nominum
1098 1764 1141 1808 ex
1158 1756 1243 1808 ntra·

129 1870 193 1935 que
216 1858 308 1935 parte
332 1844 564 1909 declinatorum
586 1844 736 1932 exempla
755 1843 793 1912 τό
816 1846 890 1912 Νέα
912 1844 1014 1921 πόλις
1037 1845 1098 1912 καὶ
1112 1839 1242 1932 Ἄρτιος

127 1948 238 2035 πάγος
262 1944 322 2015 dria
343 1950 427 2031 μέρη
449 1943 548 2032 λόγου
570 1943 654 2014 εἰσὶν
675 1945 792 2034 ἐπειδὴ
814 1947 870 2012 καὶ
890 1943 1019 2014 ἔσωθεν
1037 1944 1097 2011 καὶ
1117 1944 1242 2028 ἔξωθεν

126 2044 147 2140 ι)
171 2049 299 2139 κίνησις
318 2048 428 2134 Epim.
454 2048 481 2112 Ι.
504 2048 577 2114 299.
599 2048 639 2114 τὸ
661 2046 735 2114 Νὲα
754 2043 868 2127 πόλις,
891 2043 1025 2135 ἀγαθός
1040 2047 1177 2134 δαίμων
1192 2046 1242 2115 καὶ

126 2152 169 2219 τὰ
187 2148 289 2235 ὅμοια
309 2147 368 2217 δύο
384 2143 531 2230 ὀνόματα
548 2147 583 2215 ἐν
602 2144 704 2226 ἰδίοις
719 2142 830 2226 τόνοις
853 2147 905 2226 dig
921 2149 1066 2215 κλίνεται
1083 2150 1240 2237 Apollon.

129 2254 222 2339 Synt.
244 2252 290 2316 II.
311 2252 363 2328 23,
388 2252 458 2316 171.
481 2252 545 2316 III.
571 2250 623 2326 32,
639 2249 712 2314 289.
737 2250 840 2335 (292.)
863 2251 972 2335 qualia
993 2272 1059 2315 non
1082 2252 1241 2338 paueain

128 2354 247 2421 nostris
271 2374 402 2438 quoque
423 2352 515 2418 libris
537 2351 761 2419 inveniuntur:
790 2352 953 2440 Μεγάλης
981 2350 1117 2431 πόλεως
1141 2377 1175 2421 v.
1203 2354 1241 2419 od

127 2457 206 2524 Phr.
235 2455 308 2519 604.
353 2455 443 2540 Νέης
472 2454 604 2531 πόλεως
628 2453 754 2517 Hcrod.
784 2452 829 2517 ΙΙ.
861 2452 1021 2547 91.1V11.
1047 2454 1120 2519 123.
1139 2449 1241 2541 Ἱερᾶς

127 2557 259 2635 πόλεως
280 2557 320 2620 Ρ.
344 2555 448 2622 Sileut
469 2555 567 2619 Amb.
590 2577 619 2619 r.
642 2554 693 2619 52.
719 2551 809 2619 Νὲιιυ
831 2553 931 2619 πόλιν
959 2554 1064 2618 Thuc.
1088 2556 1171 2621 VII.
1194 2556 1240 2620 50.

127 2659 250 2726 Athen.
273 2659 334 2723 VI.
356 2658 428 2721 250.
451 2657 496 2721 D.
518 2657 566 2723 Ut
587 2668 696 2721 tumen
716 2654 796 2719 hacc
815 2654 974 2740 scriptura
993 2655 1146 2721 omnibus
1164 2657 1241 2722 locis

128 2761 302 2826 inducatur
322 2782 388 2823 non
409 2758 502 2822 facilc
529 2759 718 2845 pomrittunt
747 2779 840 2822 casus
868 2756 991 2841 obliqui
1017 2761 1075 2843 τῆς
1104 2755 1241 2826 Νεαπό-

128 2866 211 2944 λειυς
232 2886 261 2927 v.
285 2862 327 2926 ad
351 2862 429 2926 Phr.
453 2862 525 2926 605.
549 2857 582 2927 ἐν
599 2855 784 2945 Ἱεραπόλει
796 2859 909 2924 Diosc.
921 2859 1004 2923 Mat.
1018 2860 1080 2923 Ill.
1092 2860 1145 2924 26.
1161 2860 1240 2945 (29.)

128 2969 169 3034 V.
202 2967 273 3031 122.
301 2966 359 3055 τὴν
383 2960 571 3051 ‘septinnio
600 2961 664 3026 ΠΙ.
695 2962 746 3025 90.
772 2961 875 3045 (100.)
906 2959 1013 3027 Strab.
1042 2962 1145 3027 XIII.
1171 2962 1240 3027 630.

128 3068 216 3134 unde
238 3066 419 3153 colligimus
442 3088 537 3131 casus
560 3076 666 3131 rectos
680 3059 868 3140 Νεόπολις,
891 3058 1152 3151 Μεγαλόπολις,
1177 3086 1241 3129 non

128 3169 293 3259 parathesi
315 3189 463 3233 connexa
486 3167 545 3232 sed
566 3188 640 3232 rere
659 3165 828 3248 solideque
846 3164 1029 3250 composita
1047 3186 1121 3229 esse
1138 3165 1241 3232 vocali

129 3270 334 3358 conjunctiva
349 3271 382 3333 in
401 3281 453 3334 eta
468 3268 519 3332 vel
540 3266 638 3354 alpha
652 3269 786 3352 longum
805 3277 958 3352 corrupta
975 3278 1010 3328 ut
1029 3265 1066 3328 fit
1083 3266 1117 3331 in
1136 3288 1242 3332 rerum

129 3373 347 3442 communium
368 3370 535 3436 vocabulis
559 3369 756 3455 icpu.·rri).o;·‚
781 3364 978 3455 λυροιγόρος,
1002 3369 1156 3456 ιἐαγτιιῇς
1177 3369 1241 3434 sivo

130 3472 295 3566 ιιεηγειός,
329 3467 570 3558 προιίοιγγειής
600 3480 660 3534 etc.
704 3469 810 3553 quue
832 3470 1040 3533 confirmatur
1062 3469 1158 3534 ctiam
1182 3471 1241 3536 hoc

130 3587 321 3664 argumento
356 3574 445 3659 quod
479 3593 646 3655 nunquam
681 3567 921 3647 Νιος,·ιόλιιις,
955 3573 1148 3639 Νιόιπολιυ
1183 3572 1241 3638 sub

129 3701 195 3745 ano
222 3689 357 3744 accentu
380 3675 501 3761 scripta
519 3673 713 3760 reporimus3
743 3695 816 3735 narn
844 3696 904 3758 pro
929 3673 1112 3739 accusativo
1136 3677 1242 3759 Mequ-

130 3783 268 3864 leapolr'u
290 3780 356 3843 sive
379 3779 618 3861 Meqolempolr'a
640 3775 712 3839 Liv.
734 3773 890 3840 XXXII.
913 3777 950 3853 ι’),
974 3778 1004 3841 5.
1029 3777 1145 3842 merito
1169 3800 1241 3844 cor·

128 3883 245 3970 rigitur
263 3882 490 3964 Meqolopolia‚
513 3888 681 3960 totumque
703 3875 765 3940 hoc
784 3899 888 3962 genus
906 3879 1088 3964 parathesis
1106 3879 1242 3946 Graecis

127 3984 294 4070 abjudicat
322 3980 511 4045 Priscianus
539 3980 580 4044 V.
612 3980 665 4053 12,
695 3978 768 4042 206.
792 3980 896 4064 (otto.)
927 4003 968 4047 cu
995 3994 1130 4065 atroque
1150 3994 1241 4065 parte

129 4090 303 4152 ιλιιΙιῗιιυιιιι
318 4087 523 4164 compositura
539 4094 573 4146 ut
590 4084 763 4162 respublica
779 4085 966 4165 reipublicae
979 4121 1017 4130 -—
1032 4086 1115 4165 qnod
1129 4069 1246 4148 Gracci

131 4207 293 4269 nunquam
313 4188 452 4268 [acinon
476 4204 661 4268 quanquam
683 4189 859 4268 respublica
870 4206 937 4250 non
953 4184 1172 4270 compositum
1184 4200 1242 4253 cst.

131 4287 240 4352 utillo
270 4286 364 4360 (licit,
396 4286 452 4348 sed
476 4282 536 4349 όόο
559 4285 806 4370 συνεζευγμένοι,
835 4309 942 4372 nequo
971 4285 1069 4351 hodie
1093 4285 1140 4352 sio
1163 4285 1241 4353 seri·

620 4604 632 4637 l
