2736 4778
456 400 779 470 escensurum
822 400 895 489 se.
1144 381 1151 394 ‘
1175 397 1237 467 eso

123 569 255 647 πτῶμα,
280 562 385 649 δμώς,
410 564 551 651 dodone,
576 565 783 653 ἐρίγδουπος,
816 571 850 631 et
870 563 1008 631 vicissim
1031 581 1126 646 quum
1148 562 1240 628 facile

120 685 177 732 nos
191 666 340 733 Germani
363 670 575 735 connectimus
596 667 899 759 consonesGreecis
920 665 1133 732 insociabiles:
1156 654 1238 748 zinci,

121 766 237 832 Selenen
260 776 293 835 et
310 771 416 852 plures
429 772 523 836 etiem
545 773 578 837 iu
601 772 770 854 synthetis:
795 768 1042 849 moucheim,
1065 768 1239 857 Erbttniffi

125 871 379 956 Herbsffritedie‚
414 873 675 959 Aoqctoclrwcr'ss,
709 892 791 956 quae
824 874 850 939 si
884 872 1079 938 audivissent
1116 869 1241 948 Graeci,

123 975 241 1040 dictum
264 974 380 1041 facturn
402 975 604 1058 ablegassent
625 976 666 1041 cd
682 975 788 1042 Ceres
832 975 970 1040 Maxime
986 973 1150 1055 utriusque
1173 991 1240 1038 ser·

123 1078 224 1141 rnonis
247 1077 414 1143 diversitos
437 1083 570 1159 apparet
590 1079 623 1143 iu
646 1097 692 1158 eo,
714 1077 799 1159 quod
811 1076 924 1144 Graeci
946 1077 1048 1143 tribus
1059 1076 1152 1142 modo
1168 1093 1239 1142 con-

123 1180 209 1244 sonis
232 1181 384 1246 vocabulu
405 1182 576 1247 terminare
599 1179 647 1246 ius
679 1180 811 1261 habeut,
845 1200 902 1247 nos
936 1180 1055 1263 utimur
1087 1179 1240 1245 omnibus.

124 1280 157 1345 Si
180 1300 254 1346 vero
270 1283 427 1347 rationum
443 1282 576 1362 illerum,
598 1301 678 1365 quus
699 1284 800 1347 nostri
812 1283 894 1349 docti
917 1284 967 1348 vel
989 1300 1028 1347 ex
1039 1299 1241 1366 numerorum

124 1384 327 1465 dispositione
350 1385 400 1450 rel
422 1404 460 1451 ex
482 1386 647 1452 literarum
669 1391 742 1450 sese
759 1385 1168 1466 contingentium'concentu
1191 1402 1239 1448 re-

124 1491 232 1566 petere
255 1487 366 1566 solent
389 1489 477 1553 nulla
497 1489 576 1553 sutis
592 1489 754 1569 explorato
775 1487 876 1552 videri
898 1493 1012 1569 potest,
1034 1505 1131 1551 unum
1153 1503 1240 1551 rece-

125 1592 214 1667 ptum
235 1588 389 1655 habemus
412 1591 469 1655 sed
490 1610 552 1657 non
564 1592 756 1656 tutissimum
779 1589 820 1654 ud
843 1588 982 1667 codices3
1004 1587 1061 1653 sed
1082 1588 1141 1653 hos
1162 1605 1239 1670 que·

123 1708 185 1770 que
219 1708 313 1771 saepe
345 1693 520 1757 deserimus
553 1693 634 1756 falsu
665 1692 849 1756 suadentes:
889 1691 1059 1774 θρυλλεῖν,
1094 1684 1240 1767 devocer,
1275 1734 1297 1775 ,-

125 1785 286 1872 diuitem,
310 1791 472 1876 docuero,
494 1792 658 1885 ‚imii‘ffl‘io
677 1791 879 1876 Ὀλυμπιᾶσι
904 1797 962 1856 etc.
1006 1791 1088 1868 Quid
1110 1791 1241 1871 scripto·

124 1912 176 1958 res
199 1895 259 1975 ipsi
281 1915 405 1978 quoque
427 1898 459 1961 in
481 1897 548 1962 loeo
569 1896 741 1976 posuerint,
764 1894 839 1974 quid
861 1891 1009 1973 deinceps
1031 1893 1071 1958 ob
1094 1895 1239 1972 excepto·

125 1997 221 2076 ribus,
255 2005 366 2078 posteo
389 2017 408 2062 a
430 1997 631 2063 collatoribus
654 2002 687 2062 et
708 1993 936 2060 correctoribus
964 1995 1104 2063 codicum
1127 1995 1238 2058 inunu—
1263 1993 1268 2005 '

114 2107 225 2166 toturn
248 2101 298 2179 sit
322 2101 491 2165 multonem
515 2100 691 2164 seculorum
714 2099 881 2171 interiectu
903 2097 1084 2162 occluditur.
