2736 4778
135 338 201 404 DE
219 335 487 405 PROSTHESI
509 332 572 400 ΕΤ
597 331 859 401 APHAERESI.
889 330 928 399 C.
940 332 983 399 V.
1004 333 1030 417 ἧ.
1044 330 1073 396 1.
1121 333 1171 408 79

60 524 243 608 proximum
268 532 338 588 erat
366 517 470 602 νόμα,
500 518 558 583 sed
583 517 660 602 quia
680 516 880 582 substantiva
904 519 938 582 in
963 505 1016 600 {a}
1033 517 1170 605 brachy-

61 625 233 711 paralecta,
257 646 342 710 quae
366 621 498 706 quidem
523 619 647 704 antiqui
666 617 882 706 probaverint,
904 642 1068 708 perpauca
1087 637 1171 703 sunt,

59 747 89 790 v.
113 727 234 791 Parall.
256 726 332 790 426.
362 722 446 787 hanc
474 744 605 786 causam
630 721 731 785 fuisse
757 720 907 806 suspicor
928 744 984 786 cur
1004 747 1064 809 pro
1087 723 1171 806 νόμα

60 828 251 893 succederet
274 820 380 907 ἷῖνομα
401 824 436 887 id
458 835 507 888 est
526 833 606 888 nota
625 846 690 908 qua
710 845 763 886 res
789 823 937 907 singulae
960 823 1172 891 determinan-

60 938 123 993 tur.
169 927 326 994 Similiter
347 925 402 1010 qui
428 947 447 989 a
468 924 566 989 verbo
583 926 698 1013 τλῆναι
717 923 912 1007 adjectivum
928 925 1052 1011 fingere
1068 926 1173 990 inten-

60 1029 177 1094 derent
200 1051 219 1091 a
241 1027 411 1114 participio
434 1019 513 1103 ιλᾶς
531 1025 603 1089 soni
625 1024 767 1109 quodam
785 1025 873 1090 flexu
897 1026 1093 1105 distinctum,
1117 1028 1175 1091 ad-

60 1131 241 1194 ditamento
263 1129 308 1192 uti
331 1127 434 1193 coacti
457 1138 533 1191 sunt
552 1135 609 1190 aut
630 1127 828 1214 paragogico
851 1127 983 1215 τλήμων
1003 1140 1059 1193 aut
1080 1152 1175 1216 prae-

59 1231 204 1318 positive
228 1224 329 1307 <iring
349 1228 401 1294 vel
421 1222 531 1307 orlac.
574 1228 680 1293 Hoc'
671 1229 771 1314 rgitur
795 1255 813 1295 ο
835 1228 962 1292 format
940 1239 1040 1294 tivum
1069 1242 1175 1297 estut

60 1331 199 1420 alpha
190 1355 223 1395 ιιι
254 1327 432 1418 ἅσπερχης
485 1329 553 1396 Sed
577 1352 637 1416 pro
660 1327 752 1409 ὀδάξ
777 1331 866 1415 quod
889 1327 999 1398 Schol.
1023 1332 1109 1399 Vict.
1133 1334 1175 1397 ad

60 1434 101 1499 ΙΙ.
132 1433 233 1499 XIII.
262 1431 335 1496 291.
368 1454 442 1496 cum
470 1425 572 1507 ὀιλάς
602 1424 730 1515 (ιίτλιις)
761 1432 901 1510 confert,
934 1433 1052 1497 dicitur
1078 1435 1174 1499 etiam

62 1535 135 1616 ὀάξ,
156 1557 229 1599 raro
252 1533 384 1619 quidem
409 1533 468 1597 sed
500 1541 716 1618 congruenter
744 1533 905 1619 primitivo
933 1531 1056 1611 δάκνω,
1088 1536 1175 1601 unde

61 1660 146 1723 quae
170 1644 404 1724 propagantur,
426 1634 511 1698 inter
529 1645 696 1720 utramque
716 1635 860 1701 vocalem
875 1637 1041 1712 fluctuant,
1061 1631 1175 1716 ἂδάξω

61 1751 95 1803 et
118 1734 238 1818 διδάξω,
262 1736 345 1801 sicut
365 1730 512 1822 ἇσταφίς
538 1746 569 1799 et
594 1731 755 1824 ὀσταφίς,
788 1737 878 1822 qnod
896 1737 1087 1805 Athenaeus
1109 1739 1174 1806 III.

63 1840 135 1905 105.
176 1840 216 1905 Β.
252 1838 385 1903 atticum
417 1834 580 1922 perhibet,
618 1862 719 1924 τρυγη
748 1832 868 1926 ὂτρύγη
904 1835 1034 1905 Hes'
1019 1841 1174 1925 οτρυγίας

62 1940 152 2007 Gud.
182 1943 406 2029 τρυγηφάγος,
437 1935 668 2026 ὀτρυγηφάγος
686 1941 722 2024 ²)
757 1952 789 2004 et
823 1934 1057 2027 ἇτριγηφάγιις
1088 1943 1170 2007 Hes.

62 2036 232 2125 όσιλιγγες
267 2040 299 2108 ol
331 2041 509 2128 βόσιρυχοι
541 2038 635 2123 παρὰ
662 2040 794 2124 Φιληιᾷ
827 2040 883 2105 διὰ
914 2043 975 2105 τοῦ
1008 2067 1029 2105 α
1062 2040 1173 2107 Schol.

62 2142 177 2229 Apoll
206 2143 234 2207 Ι.
266 2143 359 2206 1297.
391 2164 411 2204 a
441 2138 542 2205 verbo
576 2136 710 2223 σιρέφω
741 2138 871 2202 mutatis
903 2140 1111 2209 antistoechis
1142 2158 1177 2212 ut
1277 2203 1281 2213 .

63 2269 211 2329 σιρευγω
249 2244 406 2329 Prolegg.
443 2240 515 2305 140.
573 2241 642 2308 Sed
677 2239 790 2323 στλίγξ
818 2238 1117 2327 monosyllabum
1110 2271 1176 2314 non

64 2345 198 2421 dicitur3
228 2366 336 2430 neque
362 2343 468 2430 magis
489 2342 617 2428 μέργω,
646 2340 1175 2432 quodEustathiusponit1608‚

63 2447 115 2512 54.
140 2446 200 2511 ssd
222 2444 355 2533 ἆμέηγω
379 2456 412 2510 et
433 2442 668 2529 significatione
691 2443 835 2530 paullum
859 2445 986 2510 diversa
1012 2447 1177 2536 μόργιυμι

64 2561 161 2634 atque
180 2543 365 2635 ὀμόργνυμι
377 2570 407 2612 v.
420 2543 545 2612 Techn.
557 2545 609 2609 54.
627 2567 688 2609 nec
701 2545 826 2610 diversa
838 2546 989 2612 videntur
996 2543 1177 2638 ’Ἀμοργμα

64 2647 232 2734 σύλλεγμα
248 2647 284 2735 ⁸)
306 2659 339 2713 et
359 2647 510 2733 Μύργμα
533 2653 652 2736 ψῆγμα
674 2650 756 2714 Hes.
798 2649 851 2713 Ac
871 2649 972 2774 latipo
993 2649 1091 2716 verbo
1113 2672 1177 2719 me·

58 2753 128 2834 jere
151 2750 217 2816 duo
239 2749 442 2836 respondent
461 2770 579 2871 graeca
596 2745 731 2834 Ἀμιξαι
754 2746 896 2838 ουρῆσαι
919 2779 938 2838 η
931 2746 1077 2837 ὂμίξαι
1093 2755 1176 2820 Hes.

65 2847 146 2936 ἀμίς
179 2850 273 2935 παρὰ
305 2849 342 2916 τὸ
375 2845 480 2933 ὀμιχιῦ
513 2845 559 2929 ὡς
592 2845 738 2974 <inpulere
772 2846 936 2936 ἀκριόεις,
970 2855 1026 2921 καὶ
1062 2850 1177 2938 duchat

64 2947 210 3038 οἰιρῖσαι
235 2951 315 3017 ΕΜ.
346 2950 403 3029 83,
427 2952 480 3017 32.
531 2943 646 3020 Sed
628 2948 834 3039 οκριόειςει
861 2949 955 3041 ὅκρις
983 2943 1177 3024 vocalemo

63 3051 115 3117 vel
143 3062 259 3117 natura
285 3052 416 3118 insitam
443 3054 495 3118 vel
521 3076 562 3118 ex
582 3053 690 3117 nativo
714 3080 735 3118 a
761 3074 949 3117 conversam
968 3053 1088 3119 habent
1101 3077 1177 3142 per-

135 3327 165 3394 2)
181 3323 245 3380 Hoc
254 3321 388 3395 scriptum
399 3321 477 3379 estin
485 3318 649 3379 Anchilochi
659 3320 784 3379 versibus
794 3320 1178 3397 Fragmhxxntlxxxt.

66 3409 188 3482 Bsrglr.)
203 3408 263 3471 ὤμ’
285 3406 351 3465 ὄνου
369 3415 512 3481 Πριηνέως
528 3407 648 3479 avitum
666 3408 825 3484 ἔπλήμυρον
845 3411 1056 3487 ὂιρυγηφάγου,
1077 3417 1179 3487 quibus

67 3515 140 3569 quae
162 3496 191 3549 in
213 3496 322 3550 Aneed.
345 3495 433 3551 Paris.
456 3494 661 3552 substituuntur
682 3500 769 3552 verba
789 3501 998 3572 corruptissima
1018 3503 1045 3557 ot
1065 3504 1094 3559 dl
1117 3506 1211 3583 οἱσιικ

66 3578 158 3651 θήκην
178 3575 193 3635 ‘d
212 3586 341 3653 σημαίνει
358 3578 439 3636 ιόνου
451 3577 571 3649 κήλωνος
589 3585 628 3654 (v.
644 3583 848 3639 Schneidewin.
866 3585 954 3641 Beitr.
976 3605 1027 3641 zur
1044 3589 1117 3645 Krit.
1129 3593 1180 3646 dsr

67 3666 133 3739 hyr.
154 3668 210 3732 89.)
232 3685 329 3721 corum
348 3667 471 3737 quinque
489 3668 594 3739 primae
613 3668 736 3740 syllabas
757 3669 901 3726 dimidium
920 3690 1016 3728 versus
1035 3675 1179 3731 continere

67 3752 201 3808 videntur
221 3751 260 3806 ric
282 3751 495 3823 redintegrandi
519 3755 611 3809 αἰδοῖα
631 3752 658 3808 δ’
680 3742 755 3828 {fid
773 3763 816 3811 est
833 3755 884 3825 uis)
902 3762 1042 3830 Πριηνέως
1060 3760 1181 3828 triturae

66 3837 231 3910 ἐπλὴμυρον
252 3835 465 3911 ὄιρυγηιηιὶγοιι,
487 3841 541 3896 hoc
559 3849 602 3895 est
626 3844 749 3912 inguina
768 3841 921 3899 stillabant
935 3849 1088 3917 pnrrterrtt
1103 3845 1181 3900 velut

66 3928 157 3979 aslno
182 3923 366 3978 admissario
390 3932 420 3977 ut
436 3923 570 3997 Virgilius
588 3924 658 3980 dixit
676 3929 712 3982 de
729 3927 808 3999 equis
829 3927 1053 3999 ἱππομανούσαις
1071 3929 1181 3985 lentum

66 4008 205 4063 destillat
225 4009 262 4064 ab
279 4014 400 4081 lupulae
417 4015 497 4065 virus
517 4012 622 4082 Georg.
643 4013 694 4067 III.
714 4016 774 4068 282.
796 4022 825 4069 et
845 4016 880 4069 ds
895 4014 1011 4070 muliere
1033 4012 1180 4071 libidinosa

65 4094 214 4149 Juvennlis
228 4093 275 4149 Vl.
290 4096 332 4148 ct.
346 4095 398 4149 XI.
416 4098 471 4150 tto.
490 4094 597 4153 Tuccia
613 4103 728 4153 nealcae
745 4117 804 4153 ιιοιι
822 4105 949 4172 tmperat
968 4106 1022 4152 etc.

137 4198 166 4265 3)
179 4194 329 4264 Σὺλλιγμιι
349 4197 442 4253 dicere
461 4198 571 4253 videtur
588 4200 695 4256 faecem
713 4198 769 4254 olei
785 4200 841 4255 sive
860 4196 1054 4273 ιὴνιὶμὸργην,
1068 4221 1140 4276 quae
1151 4205 1180 4265 in

66 4283 156 4337 fundo
170 4281 321 4351 colligitur.
