2736 4778
181 367 245 435 222
561 361 839 431 DISSERTATIO
860 362 931 431 vn„

183 535 242 597 νοῦ
264 532 304 615 ό.
336 534 370 595 et
390 547 448 610 per
469 546 504 594 se
525 525 732 610 improbabile
754 532 805 593 est
826 531 860 592 et
880 524 1037 593 refellitur
1057 523 1243 591 llerodiani
1265 525 1313 590 in·

181 633 368 700 terdictione
398 630 568 718 μηδέποτε
601 630 643 696 τόν
676 631 781 697 διπλᾶ
815 628 1011 711 πλεονάζειν
1043 627 1115 694 ΕΜ.
1152 626 1230 693 184.
1261 625 1312 694 30.

181 736 293 819 ltaque
316 732 482 823 όοοόρόξ,
516 751 578 817 quo
600 733 667 800 solo
688 731 848 798 Nicander
874 732 976 797 utitur
1007 731 1040 796 iu
1073 731 1161 797 exitu
1184 747 1317 814 versus,-

181 844 218 905 ut
240 838 451 906 Callimachus
473 855 611 919 quoque,
645 839 731 902 certe
752 853 815 900 non
837 853 876 901 ex
896 833 1065 900 llomerioo
1087 829 1232 922 ὑπόδρα
1263 832 1311 900 ia-

182 947 267 1008 ctum
288 941 425 1025 putavit,
455 938 512 1006 sed
534 940 742 1005 contrarium:
760 934 970 1023 Ἡρωδιανὸς
991 938 1085 1023 λέγει,
1110 931 1162 1004 ὅτι
1187 934 1228 1005 ἐν
1251 942 1312 1007 τοῦ

184 1040 338 1131 όποόρόξ
359 1041 486 1131 γίνεται
513 1036 671 1122 όξυτόνου
692 1041 765 1107 ΕΜ.
787 1040 859 1107 781.
882 1039 939 1120 47,
961 1039 998 1106 ei
1020 1040 1165 1107 Rhemat
1191 1040 1246 1107 63.
1271 1079 1310 1090 -

182 1148 292 1234 Πέριξ
312 1164 407 1229 saepe
433 1144 562 1226 quidem
597 1145 839 1229 praepositionis
869 1143 963 1210 modo
996 1161 1067 1210 cum
1100 1145 1247 1211 secundo
1279 1152 1314 1213 et

182 1253 296 1331 quarto
317 1266 394 1313 casu
415 1247 628 1330 coniungitur,
661 1249 718 1316 sed
740 1255 848 1316 tamen
869 1249 951 1315 alius
985 1248 1126 1314 merismi
1147 1253 1203 1315 est
1237 1266 1312 1316 oon·

183 1367 355 1431 sonumque
376 1367 439 1415 non
460 1350 686 1432 pleonasticam
708 1350 818 1433 habet,
846 1351 904 1418 sed
925 1350 1124 1419 formauvam
1146 1355 1186 1416 ut
1208 1350 1314 1418 multa

183 1452 417 1520 adverbiorum:
440 1450 529 1542 γρόξ,
551 1450 637 1542 γνόξ,
661 1455 774 1540 κουρίξ
794 1461 862 1537 etc,
884 1475 913 1521 v.
935 1454 1050 1520 Parall.
1076 1453 1137 1520 123
1160 1460 1197 1520 et
1224 1455 1297 1522 131.

586 1812 694 1895 llus
733 1813 907 1897 lumba

501 1987 580 2064 De
620 1987 970 2067 vocalibus.

268 2176 497 2244 Voealiumuni
512 2176 658 2243 adiicitur
680 2178 745 2243 iota
765 2177 800 2242 in
822 2178 908 2243 exitu
919 2177 1016 2242 trium
1027 2175 1314 2259 praepositionum,

122 2338 125 2346 ,
183 2301 263 2365 quas
285 2281 486 2348 Herodianus
518 2281 560 2347 ad
581 2280 617 2346 ll.
639 2278 673 2345 Il
693 2277 758 2345 824
780 2285 945 2347 accentum
965 2279 1201 2362 primitivomm
1235 2280 1313 2347 reti·

182 2403 258 2452 nere
281 2385 370 2451 dicit:
404 2380 514 2465 ναυσί,
538 2380 656 2468 πυροί,
680 2377 778 2450 ὑπαί·
813 2379 848 2450 οἱ
869 2381 931 2472 γόρ
955 2382 1140 2468 προθέσεις
1162 2380 1311 2464 adgni-

182 2517 280 2575 μενοι
304 2489 360 2556 διὰ
383 2492 440 2554 τοῦ
465 2490 490 2558 ἶ
514 2483 717 2575 φυλάττουσι
741 2486 799 2552 τόν
832 2480 1063 2553 celebrabar.
1119 2486 1313 2568 Apollonius

184 2595 271 2678 Synt.
293 2594 338 2658 IV
360 2594 389 2656 2.
412 2589 474 2656 309
499 2591 590 2674 (304)
614 2596 646 2654 et
668 2590 779 2670 ceteri,
814 2591 868 2672 qui
901 2588 940 2654 de
974 2588 1165 2670 anastrophe
1201 2596 1311 2673 agunt,

183 2699 318 2763 duarum
338 2699 462 2760 tantum
485 2693 675 2757 mentionem
691 2691 818 2772 iaciunt
840 2689 961 2758 κοοσί
983 2698 1014 2757 et
1039 2687 1131 2768 ὑπαί,
1157 2692 1312 2759 aLehrs

186 2797 313 2875 Quaest
336 2797 386 2878 71,
413 2813 547 2878 quarum
568 2794 624 2859 illa
645 2812 707 2859 non
728 2795 845 2876 legitur
866 2803 993 2877 praeter
1015 2795 1226 2877 compositum
1249 2822 1310 2862 κσ-

183 2896 351 2988 coelicos,
374 2919 436 2982 quo
459 2899 525 2965 solo
547 2898 659 2963 nititur
681 2897 777 2963 schol.
788 2897 915 2981 Dionys.
937 2918 967 2981 p.
980 2897 1051 2979 928,
1075 2899 1211 2980 simplex
1234 2918 1311 2966 vero

183 3006 216 3070 in
239 3023 276 3070 eo
298 3022 410 3069 sersus
433 3002 509 3082 loco,
533 3001 587 3067 ubi
610 3000 732 3083 syllaba
745 3001 851 3067 brevis
862 3003 929 3083 ipsa
943 3002 1027 3067 vocis
1040 3001 1220 3068 sublatione
1236 3022 1310 3086 pro-

184 3108 328 3172 ducitur:
352 3107 435 3170 καιὰ
459 3111 631 3194 συφεοῖσιν
653 3101 765 3189 ἐέργνυ
794 3110 866 3183 etc,
891 3123 919 3169 v.
943 3104 1129 3187 Bernhardy
1151 3106 1194 3170 ad
1218 3105 1311 3172 Dion.

184 3230 211 3275 v.
234 3210 307 3273 572.
332 3244 368 3256 -
391 3203 522 3282 Ὑπαό,
546 3208 629 3290 quod
646 3206 718 3271 EM.
741 3205 811 3271 782.
835 3205 875 3271 59
904 3226 942 3272 ex
954 3203 1021 3275 όπό
1034 3226 1221 3274 conversum
1233 3210 1312 3276 dicit

183 3312 365 3394 pleonasmo
387 3317 420 3376 et
434 3318 525 3393 trope
547 3313 653 3382 τσῦῖ
678 3305 725 3389 εἷς
746 3311 781 3388 ἱ,
804 3309 978 3393 Aeschylus
989 3313 1155 3394 usurparit
1166 3313 1309 3395 saepius,

184 3417 238 3482 ubi
259 3416 353 3497 longa
375 3413 497 3497 syllaba
517 3432 595 3495 opus
618 3418 701 3492 erat,
732 3414 788 3477 sed
810 3414 896 3478 nulla
930 3414 1083 3481 eiusmodi
1115 3416 1311 3482 necessitate

189 3519 320 3583 adactus
332 3516 561 3598 Aristophanes
574 3516 650 3581 Aah.
664 3515 727 3581 970
739 3511 853 3599 εἴσειμ’
879 3511 957 3583 buci
981 3513 1203 3606 πιιρόγωνειι
1215 3524 1314 3600 poeta

183 3619 319 3685 fortasse
341 3620 481 3701 Aeolico,
515 3621 569 3702 qui
591 3616 662 3687 όοα
685 3620 825 3702 scripsit;
841 3652 844 3658 ·
858 3620 919 3701 ipsi
941 3621 1069 3703 quidem
1095 3620 1196 3687 fulcro
1229 3621 1312 3688 nihil

184 3742 263 3806 opus
274 3721 373 3788 fuisse
384 3723 523 3789 ostendit
534 3717 599 3789 ὑπὸ
613 3720 782 3809 πτερύγων
806 3723 882 3788 Avi.
898 3722 1027 3804 1126.*)
1065 3721 1180 3799 Quinto
1193 3714 1311 3806 Vffl,

184 3827 214 3913 ll
237 3826 298 3891 315
322 3844 405 3891 nunc
426 3831 584 3891 exemtum
607 3832 670 3907 est3
693 3827 830 3933 Homero
852 3844 917 3891 una
938 3844 1010 3891 cum
1031 3826 1146 3892 ceteris
1168 3825 1311 3894 evellere

254 4083 279 4151 *γ
299 4085 341 4137 Ibi
357 4102 456 4155 qaoque
474 4081 546 4139 όοοι
560 4085 718 4141 reihandam
734 4101 786 4140 eote
806 4102 839 4140 οι
856 4085 968 4155 Ber-plaic
984 4084 1086 4155 quoidam
1111 4084 1220 4138 credidit
1239 4087 1311 4143 Mei·

183 4171 280 4224 οιόὶυι.
299 4200 330 4210 -
350 4171 480 4240 Sophoclis
496 4173 563 4226 idua
579 4173 666 4243 Antip.
685 4172 752 4228 10³5
769 4174 824 4227 τῶν
845 4170 914 4226 ὑπαὶ
932 4176 1030 4242 γένους
1048 4168 1241 4240 ἐξημπόλημαι
1270 4193 1314 4230 ον·

183 4258 247 4312 iecra
264 4259 337 4312 certic
354 4259 386 4313 de
402 4261 487 4314 cauae
504 4260 627 4314 Meinclcii
650 4259 793 4313 coraieduro
811 4259 936 4312 Lebreirce
962 4259 1090 4314 emendat.-
1117 4262 1172 4316 τῶν
1207 4257 1315 4335 buty-

121 4352 125 4357 '
184 4363 265 4413 γυος
283 4344 380 4412 lippa.
