2736 4778
329 328 394 391 nr:
418 327 709 395 rrnrnrrmsr.
753 326 792 395 c.
818 330 862 393 ιι.
895 334 920 415 ς.
943 334 974 395 2.
1134 334 1211 409 oo7

93 511 245 597 conjungi
269 534 337 577 non
359 524 514 597 possunt;
544 533 563 574 a
584 522 700 576 natura
721 524 891 597 acceptum
913 510 1014 579 habet
1033 513 1209 599 leguminis

92 636 227 687 nomen,
250 613 380 697 dequo
405 612 552 679 Galenus
574 613 608 677 in
627 612 734 699 Hipp.
756 614 798 677 de
819 612 942 678 Artior.
964 614 1061 681 LXI.
1084 640 1117 703 p.
1132 616 1206 683 574.

91 714 132 779 T.
160 714 296 781 XVIII.
322 714 363 779 P.
394 715 424 779 1.
445 712 485 779 τὸ
519 712 703 800 οερχνώόος
728 708 797 781 ἀπὸ
821 717 881 801 τῆς
903 716 1035 797 κέρχνος·
1061 722 1206 801 γέγονεν·

90 809 177 881 οὕτω
199 813 237 880 δὲ
259 810 458 898 ὀνομάζουσι
479 814 538 900 τὴν
553 816 687 899 κέγχρον
705 812 737 880 oi
750 805 911 893 ’Ἰωνες-
923 815 958 881 ἐν
974 816 1012 884 δὲ
1028 824 1101 895 τοῖς
1120 814 1208 905 πρό-

89 920 173 981 σθεν
197 917 383 998 γέγραπται
405 914 587 1001 armoricae
607 914 743 1001 γεγονὸς
763 910 834 983 ἀπὸ
865 923 925 983 τοῦ
952 919 1113 1003 κέγχρων,
1147 942 1207 1006 pa·

88 1014 231 1099 riterque
252 1015 392 1081 variatur
412 1016 447 1081 in
467 1016 721 1081 Anaxaudridae
743 1015 876 1101 Fragm.
894 1017 935 1082 T.
949 1018 1014 1083 111.
1029 1019 1100 1084 183.
1112 1043 1141 1085 v.
1153 1020 1206 1087 27.

87 1115 179 1181 Hinc
206 1117 394 1203 asperitudo
423 1118 582 1203 quaedam
611 1117 767 1204 gutturis,
799 1140 883 1201 quae
913 1119 1008 1202 quasi
1030 1142 1206 1201 granorum

88 1216 300 1283 insidentium
316 1242 447 1285 sensum
463 1219 612 1305 praebet,
630 1223 764 1303 κέρχνος
780 1218 898 1285 dicitur
911 1221 1090 1288 masculine
1105 1236 1205 1307 atquc

89 1316 221 1381 verbum
250 1318 393 1404 κέρχνειο
418 1320 487 1387 sive
517 1322 640 1403 κέρχειν
665 1342 726 1407 pro
754 1321 890 1387 stridere
897 1345 907 1397 ;
937 1334 1031 1387 etex
1054 1323 1203 1390 hocior-

89 1432 175 1485 tesse
201 1421 286 1498 avis,
316 1442 413 1505 quam
439 1421 553 1487 Latini
582 1421 803 1487 tinnunculum
830 1422 1014 1507 appellant,
1047 1426 1201 1511 κερχνηΐς.

86 1520 156 1587 Sed
177 1522 312 1587 fluctuat
330 1522 428 1588 etiam
449 1544 568 1588 nomen
589 1522 653 1588 loci
670 1520 837 1609 Κέγχρεεο
860 1535 893 1587 et
908 1524 1067 1608 Κέρχοειο
1079 1526 1202 1591 Aeseh.

83 1623 195 1688 Prom.
223 1622 297 1689 676.
325 1624 420 1691 Duas
447 1635 555 1691 mutas
583 1623 752 1710 transponi
780 1633 868 1687 vetat
889 1636 1005 1689 natura
1026 1626 1201 1703 sermonis3

84 1724 158 1809 quis
189 1725 275 1790 enim
303 1748 404 1791 sonus
431 1726 492 1790 erit
522 1726 550 1791 si
577 1725 651 1810 quis
682 1721 822 1810 ῥάβδος,
853 1720 945 1812 l'yrlp,
976 1721 1077 1811 ἀκοή,
1103 1719 1200 1815 ὄχθη,

83 1818 200 1914 diois,
226 1824 366 1905 λεπτός,
396 1825 511 1905 λεπτός
541 1838 574 1893 st
600 1825 719 1892 similia
746 1840 934 1891 convertere
959 1826 1058 1892 velit?
1085 1828 1199 1897 Tertio

83 1928 157 1993 loco
189 1928 345 2014 ponenda
372 1940 447 1992 sunt
474 1928 650 2005 vocabula,
676 1928 710 1991 in
738 1926 858 2011 quibus
880 1950 1097 1993 consonarum
1119 1952 1199 1995 cou-

82 2050 239 2093 nexarum
267 2030 368 2094 altera
396 2052 464 2096 non
491 2030 598 2095 solum
622 2050 801 2095 consonam
835 2027 898 2092 sibi
930 2030 1111 2113 proximam
1140 2030 1200 2097 sed

83 2129 181 2195 etiam
208 2130 353 2196 vocalem
386 2130 462 2197 huic
494 2131 695 2216 adjacentem
725 2129 981 2214 supergreditur.
1034 2129 1137 2211 Quod
1164 2131 1201 2196 lit

84 2231 207 2318 duplici
223 2232 334 2309 modo,
358 2244 415 2297 aut
431 2232 642 2318 procedendo
666 2242 723 2295 aut
738 2231 934 2308 recedendo,
956 2232 1048 2295 utin
1071 2232 1199 2299 duobus

83 2332 269 2400 nominibus
296 2355 380 2419 quac
400 2335 528 2399 Auctor
551 2333 592 2397 de
603 2331 738 2399 Barbar.
756 2332 879 2417 profert
896 2331 1027 2398 inMus.
1041 2332 1198 2401 Cantabr.

82 2434 124 2501 Τ.
145 2435 206 2503 lv.
231 2436 302 2500 109.
323 2431 556 2519 βαρβαριομός
577 2434 647 2501 ἐστι
672 2433 749 2517 περὶ
770 2434 971 2516 μετάθεσιν,
994 2430 1030 2501 si‘
1045 2460 1095 2513 τις
1113 2435 1198 2523 (peip

81 2532 249 2623 κότραφοο
265 2534 322 2602 τὸν
337 2534 507 2621 κρόταφον
525 2538 583 2601 καὶ
605 2535 726 2623 opimos
744 2535 801 2601 τὸν
820 2536 940 2619 δίφρον
950 2536 993 2617 ⁴).
1018 2535 1200 2618 Κότροφος

80 2638 109 2703 si
137 2637 212 2723 quis
244 2637 429 2725 usurpavit,
459 2658 635 2701 consonam
663 2635 704 2701 ab
732 2657 772 2700 ea
802 2634 944 2721 syllaba,
971 2636 1007 2701 in
1035 2658 1100 2721 qua
1122 2652 1199 2702 nata

80 2750 148 2815 est,
181 2739 345 2825 promovit
378 2738 411 2802 in
445 2749 653 2823 sequentem,
686 2759 753 2822 quo
788 2737 888 2803 modo
920 2737 1030 2825 Epim.
1063 2738 1092 2803 I.
1125 2741 1196 2805 173.

79 2836 216 2919 ‹ills-sios
237 2842 357 2905 lactum
378 2840 458 2904 dicit
480 2862 521 2903 ex
542 2844 687 2917 νοθεῐος.
732 2839 801 2905 Sed
827 2837 890 2903 hoc
916 2838 1107 2905 remittimus
1135 2842 1198 2906 lin·

78 2940 182 3027 genti.
225 2940 374 3007 Certiora
395 2953 472 3005 sunt
492 2941 591 3005 haec:
616 2940 742 3022 θίδροξ
767 2961 827 3024 pro
856 2937 1000 3020 δρίῧαξ,
1032 2944 1198 3007 οοεκλοῑο

79 3064 142 3129 pro
172 3044 353 3121 οπλεκοῦν,
390 3050 535 3126 Δοὶτρον
567 3037 690 3115 πύελος
721 3036 837 3124 σκάφη
868 3040 951 3102 Hes.
985 3061 1046 3124 pro
1082 3042 1197 3127 δροίοο

78 3142 261 3229 eademque
282 3144 409 3209 ratione
430 3138 573 3229 στιφράς
594 3160 615 3201 a
635 3139 768 3225 οτρέφω
793 3138 974 3203 derivatum
995 3149 1046 3205 est
1070 3138 1197 3207 Techn.

77 3244 133 3310 56.
161 3266 223 3311 neo
249 3243 402 3311 abhorret
429 3240 592 3308 Athenaei
615 3239 800 3322 conjectura
819 3234 940 3323 βρύτεα
959 3238 1052 3324 παρὰ
1073 3240 1112 3307 cri
1133 3238 1195 3319 ,lii-

80 3370 155 3433 τρυς
181 3346 228 3411 Il.
257 3346 311 3411 66.
339 3346 385 3413 D.
415 3342 563 3429 quamvis
590 3352 714 3407 mutato
748 3361 869 3427 genero
900 3350 933 3405 et
958 3341 1195 3415 terminatione,

79 3469 257 3533 eorumque
278 3447 336 3533 qui
358 3444 519 3531 adjectivo
542 3442 710 3528 ἔκπαγλος
731 3452 938 3528 praestruunt
958 3441 1116 3507 indictum
1138 3440 1193 3507 ἔκ-

79 3550 208 3635 ολογος
229 3572 258 3613 v.
280 3548 401 3614 Parall.
423 3572 456 3635 p.
478 3547 509 3611 9.
554 3546 667 3629 Quum
694 3566 771 3610 vero
803 3566 863 3629 pro
890 3541 1011 3628 δίφρος
1034 3544 1195 3615 diceretur

78 3652 216 3737 ορίρος,
246 3650 335 3736 quorl
358 3648 571 3735 Syracusanis
594 3645 754 3721 tribuitur,
776 3644 836 3707 rho
860 3644 970 3709 literas
993 3645 1050 3732 phi
1074 3660 1106 3713 ot
1126 3646 1194 3712 iota

77 3762 294 3818 transvectum
315 3752 349 3817 in
371 3750 530 3835 syllabam
553 3747 701 3813 ascendit
723 3746 934 3834 superiorem.
979 3748 1067 3813 Huic
1089 3748 1193 3813 simile

77 3852 268 3939 suppeditat
288 3852 367 3917 EM.
390 3853 464 3927 214,
484 3852 538 3917 44.
558 3848 726 3934 βράταχος
746 3849 803 3915 καὶ
824 3846 989 3933 μρόοαχος
1010 3872 1104 3931 παρα
1128 3850 1194 3915 Ξε-

77 3954 212 4041 νοφάνει
236 3950 309 4018 ἀντὶ
329 3956 388 4017 τοῦ
409 3952 576 4035 βάτραχος
597 3946 680 4017 καθ’
702 3944 965 4035 ὕπερβιβοομόι·.
1002 3950 1072 4013 Nec
1095 3946 1192 4011 omit·

146 4191 175 4255 l)
191 4190 253 4244 Hoc
268 4206 324 4241 uno
340 4186 469 4255 cxcmplo
485 4186 572 4240 utitur
584 4187 746 4257 An0n>ums
760 4188 795 4237 dc
806 4184 921 4237 Barbnr.
935 4180 963 4233 in
977 4181 1086 4235 Anecd.
1095 4180 1190 4237 Boias.

77 4276 112 4330 T.
132 4276 181 4329 lll.
197 4277 257 4327 2¹3⁸.
