2736 4778
156 364 221 430 DE
244 361 463 447 SYNCOPE
484 360 629 427 UNIUS
651 358 872 429 vocans.
896 358 935 427 C.
953 360 998 426 ll.
1021 362 1046 446 1.
1067 361 1096 425 7.
1120 366 1193 439 261

82 549 224 617 arescot
245 546 357 634 γέγονε
379 543 465 612 κατὰ
488 537 665 629 συγκοπὴν.
714 542 803 609 Huic
832 543 1008 629 Oppianus
1031 543 1114 629 Cyn.
1136 545 1196 612 IV.

82 649 156 717 246.
179 647 374 732 adaequavit
404 643 598 730 singularem
630 641 666 708 ἐν
695 640 859 710 oae'i'xci
881 642 1007 723 -nisi
1034 642 1197 711 homerico

84 753 166 836 σπῆι
189 770 270 813 usus
294 756 344 811 est
366 767 426 831 pro
446 743 631 831 pyrrhichio
654 754 691 809 ut
709 743 888 829 Antipater
909 734 1004 829 ὀλίγῃ
1019 741 1071 829 νηὶ
1093 744 1197 811 λεπτὰ

78 842 238 932 1ματεύων
259 845 361 912 Anth.
385 845 461 913 Vll.
489 843 562 911 637.
590 843 649 909 sed
677 844 741 909 hoc
768 843 912 910 elevatur
939 841 1100 928 Scaligeri
1128 863 1199 907 cor-

84 948 231 1014 rectione
259 946 323 1026 rel,
354 945 406 1027 eui
435 945 491 1031 qui
517 968 537 1008 a
562 943 721 1024 Jacobsio
752 954 966 1032 opponuntur
993 944 1202 1030 anapaestiea

89 1044 170 1134 ἧίων
202 1056 235 1112 et
262 1043 371 1134 δηίοις
401 1045 499 1130 (adde
525 1041 621 1133 ληίου
645 1044 793 1132 Oppian.
826 1042 909 1129 Cyn.
937 1046 965 1111 Ι.
996 1043 1086 1129 526.)
1116 1068 1200 1111 nuu-

91 1169 189 1231 quam
211 1145 335 1234 epsilon
356 1147 536 1232 accipiunt3
559 1145 614 1211 ille
636 1156 743 1211 autem
763 1145 891 1211 dativus
919 1146 1068 1231 sequitur
1095 1148 1201 1213 nomi-

87 1247 232 1313 natiaum
270 1268 366 1332 quem
396 1245 554 1313 Technici
584 1257 713 1333 ponunt
738 1246 837 1313 verbo
873 1245 935 1313 νέω
967 1259 1201 1334 congruentem

89 1350 169 1427 νεῢς,
191 1348 279 1413 unde
299 1348 446 1433 pendent
467 1347 593 1432 obliqui
615 1342 696 1425 νεός,
720 1346 796 1427 νέα,
823 1346 893 1425 νέες
913 1370 942 1411 v.
962 1349 1109 1415 Meinek.
1129 1350 1200 1416 De·

89 1449 161 1514 lect.
185 1448 255 1513 137.
278 1457 310 1512 et
327 1448 401 1512 214.
444 1448 586 1513 Bredov.
608 1447 696 1513 Dial.
719 1447 845 1512 Herod.
871 1446 1008 1533 260.⁸⁹)
1051 1443 1109 1517 Ἐν
1137 1452 1204 1538 spol

87 1546 183 1635 κείνῳ
205 1547 255 1612 bis
276 1545 396 1634 legitur
417 1548 453 1613 in
477 1548 595 1616 Oracc.
618 1547 734 1632 Sibyll.
762 1547 916 1632 idemque
942 1551 1036 1615 tertio
1060 1550 1203 1635 quodem

86 1649 159 1714 loco
186 1671 294 1736 nuper
323 1649 507 1714 restitutum
538 1660 588 1715 est
615 1672 677 1736 pro
709 1648 744 1715 ἐν
772 1643 852 1737 φάει
884 1671 914 1711 r.
942 1649 1133 1717 Alexander
1160 1650 1203 1717 sd

86 1749 239 1815 Prooem.
267 1772 298 1814 v.
328 1748 378 1814 18.
410 1787 448 1800 -
468 1741 571 1816 ’Όσσε
604 1751 632 1815 si
663 1761 711 1815 est
739 1749 865 1815 numeri
893 1746 999 1815 dualis
1032 1774 1075 1817 ex
1100 1764 1201 1818 meta·

86 1849 213 1936 plasme
236 1873 297 1936 pro
320 1840 411 1915 licem
435 1849 578 1937 positum
600 1862 636 1915 ut
656 1855 755 1939 μῆρε,
779 1850 869 1937 quod
891 1851 1101 1918 Aristarchus
1122 1855 1202 1920 serl-

90 1952 155 2036 psit
173 1951 213 2017 ll.
225 1952 253 2017 Ι.
274 1949 349 2017 464.
373 1973 432 2037 pro
454 1945 559 2037 μήρω,
581 1962 693 2017 nostra
715 1951 906 2037 quaestione
926 1950 1008 2020 nihil
1024 1954 1202 2038 attingitur.

91 2051 159 2116 Sed
181 2050 329 2138 plerique
356 2075 376 2115 a
398 2061 512 2116 neutro
541 2048 580 2116 τὰ
611 2043 711 2131 ὅσσος
741 2051 863 2114 factuam
889 2051 1003 2116 volunt
1023 2050 1070 2119 roi
1095 2045 1203 2133 doces,

89 2152 165 2217 hiuc
189 2143 441 2228 leae-ottae
470 2150 554 2217 κατὰ
578 2148 756 2237 σνγκοπήν,
784 2150 899 2229 θέλεις
927 2144 1003 2217 κατ’
1027 2146 1204 2242 ainonensis

90 2252 200 2338 Epim.
222 2252 267 2319 Π.
293 2252 366 2317 397.
390 2250 565 2317 Certamen
588 2251 745 2315 detrectat
755 2250 976 2329 Herodianus,
995 2243 1118 2340 ἄδηλον
1142 2250 1204 2341 γάρ

92 2374 176 2441 «spos
201 2351 239 2419 τὸ
260 2347 377 2429 πάθος
396 2353 490 2416 Eust.
515 2351 611 2428 1746,
634 2352 685 2416 24.
730 2352 800 2419 Sed
821 2353 931 2420 Schol.
959 2353 1027 2420 Od.
1051 2354 1112 2421 lv.
1130 2354 1203 2423 662.

92 2453 127 2518 lI
150 2451 174 2519 1.
198 2450 650 2530 101.Xt.356.m1.635‚
675 2452 787 2552 54..ἰὰ
813 2454 934 2520 lactum
963 2476 1036 2519 esse
1064 2476 1203 2519 consen-

92 2556 177 2619 tiunt
194 2548 270 2623 κατ)
295 2546 473 2641 ἀφαίρεσιν
490 2558 551 2620 τοῦ
565 2555 696 2623 selesei
714 2580 739 2633 ε,
774 2578 840 2641 quo
867 2555 1000 2619 nomine
1032 2577 1206 2642 apocopen

92 2655 263 2744 significat.
307 2652 376 2720 Ubi
395 2652 472 2720 vero
493 2676 567 2721 cum
589 2655 733 2743 epitheto
756 2655 882 2722 numeri
902 2656 1037 2743 pluralis
1059 2657 1110 2721 vel
1133 2678 1206 2725 cum

87 2913 163 2981 μένη
182 2911 236 2962 εἴτε
254 2905 445 2967 ἆνεπέκταιος.
467 2909 575 2961 luscos
595 2905 832 2970 1111171113.
851 2925 903 2978 pro
917 2911 998 2962 σπέσι
1016 2915 1045 2960 et
1060 2908 1126 2962 Arc.
1148 2909 1205 2973 138,

94 2997 118 3048 1.
136 3010 189 3065 pro
200 2994 325 3060 Πηλεῦσι
335 2990 537 3047 scribendum.¹

162 3084 210 3154 39)
223 3084 280 3140 Pro
293 3089 400 3155 κληίζω,
414 3085 463 3140 ubi
474 3084 553 3140 brevi
565 3082 674 3153 syllaba
686 3100 757 3153 opus
771 3091 821 3143 est,
841 3080 973 3136 scribitur
986 3082 1089 3150 aloldo,
1103 3082 1209 3139 sistet·-

93 3169 324 3240 ζω,1πευκλεΐζω,
340 3177 532 3242 congruenter
548 3167 708 3223 nominibus
727 3171 813 3234 κλέος,
836 3166 926 3234 Karta,
946 3168 1032 3222 semel
1043 3167 1165 3239 λεΐζομαι
1178 3168 1209 3225 in

92 3256 191 3328 Epigr.
207 3257 303 3327 sdesp.
315 3256 365 3311 vl.
381 3258 439 3311 169.
459 3257 509 3309 sed
522 3253 654 3326 adjectivi
668 3254 757 3308 forma
773 3253 880 3325 duplex
898 3251 970 3307 intra
987 3270 1092 3325 paucos
1110 3271 1207 3308 versus

92 3343 128 3396 Il.
142 3342 195 3396 IX.
208 3342 258 3395 too
273 3349 302 3395 et
313 3343 372 3395 1119.
392 3343 497 3410 ληιστοὶ
516 3337 642 3411 μὲνγὰρ
660 3338 690 3393 iu
708 3338 847 3410 principio
860 3355 966 3404 versus,
986 3333 1049 3393 οὔτε
1068 3335 1159 3407 letoni
1178 3339 1208 3394 in

95 3427 173 3482 exitu
185 3434 217 3481 ut
228 3443 303 3481 nunc
317 3426 433 3497 quidem
444 3426 551 3482 editum
563 3435 607 3482 est
618 3444 668 3497 pro
681 3423 784 3494 ληιστὴ,
801 3424 935 3493 idemque
950 3423 1072 3494 turpiter
1084 3425 1208 3496 corrupit

94 3511 251 3584 Hesychius
264 3509 388 3580 'Elstovi
404 3508 488 3580 lausai
508 3508 625 3580 (lqmvi).
656 3509 705 3567 Sic
725 3509 808 3565 etiam
827 3514 950 3579 Oofi'ooe
966 3509 1086 3565 Theocr.
1107 3511 1207 3583 EpIgr.

94 3598 189 3653 XVII.
206 3598 326 3654 Leonid.
344 3597 430 3653 Anth.
447 3596 511 3651 Vll.
529 3595 590 3651 669.
621 3595 722 3665 Νηρεΐς
738 3595 802 3650 vn.
821 3596 880 3650 560.
898 3594 990 3651 Noun.
1012 3595 1139 3654 711793.
1159 3598 1207 3655 VI.

94 3686 156 3741 259.
171 3683 211 3739 X.
226 3684 284 3737 125.
296 3680 428 3737 XLVIII.
443 3684 501 3737 191.
516 3699 542 3737 v.
555 3682 683 3751 Koechly
698 3683 736 3735 ad
749 3680 846 3745 Quint.
864 3680 901 3735 11.
916 3684 973 3736 121.
995 3681 1121 3740 Ellendt.
1138 3684 1209 3741 Lex.

92 3771 185 3842 Soph.
198 3788 222 3824 s.
234 3771 263 3823 h.
275 3787 302 3823 r.
317 3775 346 3825 et
363 3767 503 3823 interdum
521 3766 551 3821 in
568 3785 696 3823 sermone
714 3786 740 3822 v.
753 3766 872 3822 Dorvill.
889 3768 926 3822 ad
944 3766 1050 3823 charit.
1068 3769 1105 3823 11.
1127 3772 1152 3834 t,
1165 3770 1209 3823 to.

92 3857 148 3910 sed
160 3853 288 3910 Lucieno
300 3853 358 3910 Pro
369 3853 479 3925 lmsgg.
492 3853 516 3921 1.
531 3854 556 3906 7.
572 3870 588 3907 s
602 3853 686 3909 codd.
699 3852 841 3908 redditum
851 3862 895 3909 est
905 3853 1016 3925 quqlc.
1039 3853 1209 3914 ‹hartlcllun
1243 3832 1256 3856 ⁶

95 3940 157 4012 Iph.
177 3940 214 3994 Τ.
227 3942 288 3993 121.
308 3946 337 3994 st
353 3936 410 3995 alis
425 3957 453 3994 v.
471 3937 558 3995 Proll.
579 3939 639 3993 177.
658 3937 722 4008 (ubi
736 3939 851 4011 Κριθεΐς
868 3956 955 4011 praue
976 3938 1140 4009 impressum
1157 3954 1209 4007 pro

97 4023 228 4100 qutslc)
255 4041 376 4096 qnorum
394 4023 541 4081 immemor
562 4022 713 4097 Illmslejus
733 4026 770 4078 ad
791 4025 906 4080 Heracl.
922 4026 966 4078 81.
986 4021 1120 4077 feminina
1137 4021 1166 4075 in
1185 4011 1212 4087 ἦ

97 4110 256 4166 desinentia
267 4111 382 4165 brevem
394 4110 519 4164 vocalem
531 4118 595 4163 ante
607 4109 832 4164 terminationem
847 4111 951 4163 habere
962 4105 1173 4177 116311ῙΗχέεις
1181 4117 1213 4165 st

97 4201 231 4271 βρωμέεις
241 4195 421 4252 Herodianus
434 4194 601 4251 testificatur
611 4195 639 4249 in
651 4194 730 4251 Mon.
746 4195 788 4248 11.
801 4195 879 4262 quod
891 4194 929 4246 ad
941 4191 1100 4263 exemplum
1114 4192 1212 4251 critici

96 4282 186 4339 nostri
197 4298 251 4355 pro
265 4277 361 4355 ἠχήεις,
367 4274 499 4355 garritus,
512 4279 561 4335 ubi
574 4278 763 4353 amphimacro
775 4296 845 4350 opus
858 4285 915 4342 est,
937 4274 1062 4333 scribunt
1075 4268 1134 4343 ἱξᾶ.
