2736 4778
446 356 504 422 nn
527 355 726 425 saccom.
771 356 858 425 cu
881 359 950 444 51..
1188 360 1251 433 ara

132 518 344 600 reprehensus
366 523 499 585 estnon
520 520 685 600 immerito,
709 516 760 589 ὅτι
785 516 955 607 ἀναλόγως
979 525 1086 589 τοῦτο
1119 523 1249 612 ὄκφέροι

130 620 148 685 ὁ
174 617 329 709 ποιητὴςε
353 620 500 703 Κάλχαν,
523 614 616 688 Αἶαν
636 622 731 689 schol.
753 622 833 689 XIII
856 622 907 689 68.
951 623 1000 690 De
1015 625 1111 692 vinibit)
1138 644 1249 693 versus

131 716 222 790 Alae
241 719 403 807 Ἰδομενεῦ
425 748 461 790 es
482 724 594 791 XXIII
615 723 678 791 493
700 726 775 807 quid
797 726 851 791 ille
883 726 1045 807 statuerit,
1077 729 1250 810 nescimus3

132 827 160 891 si
182 830 326 892 constare
349 826 409 892 sibi
431 828 537 907 voluit
561 822 637 894 Al'c
660 828 824 909 scripserit
844 846 975 895 necesse
1008 834 1067 910 est,
1101 835 1139 897 ut
1159 830 1248 897 Hoff-

131 946 264 994 mannus
287 926 418 1005 Quaest.
439 927 531 994 Hom.
553 929 569 995 I
593 930 663 1011 101,
685 930 839 1013 producta
859 931 960 997 vocali
982 931 1102 999 ultima
1145 932 1190 999 Et
1203 934 1252 1000 sic

130 1031 237 1095 Latini
258 1048 382 1112 quoque
393 1036 506 1112 poetae
516 1031 653 1098 faciunt:
676 1054 694 1097 o
718 1030 844 1115 Galata,
867 1055 885 1099 c
908 1033 995 1115 Acti,
1018 1055 1035 1096 ο
1058 1032 1168 1114 Palm
1190 1036 1248 1103 scd
1289 1110 1301 1121 ‚

129 1134 225 1199 iidem
246 1134 340 1215 vulgo
361 1137 494 1200 utuntur
515 1135 695 1217 trisyllabis.
735 1134 844 1213 ,Quare
877 1135 957 1203 haec
982 1137 1016 1203 in
1047 1136 1248 1205 heteroclito·

129 1254 200 1300 rum
222 1253 388 1301 numerum
410 1236 612 1320 aggreganda
633 1242 715 1303 sunt
759 1235 843 1303 Hinc
855 1236 1163 1321 differuntsyntbeta
1183 1241 1247 1323 illa

128 1356 261 1419 quorum
284 1357 365 1404 unus
387 1339 520 1405 vocandi
541 1357 634 1406 casus
650 1339 811 1405 interdum
832 1339 874 1405 ad
894 1340 1030 1421 primam
1040 1343 1249 1411 translabibrr

128 1444 163 1506 et
182 1440 215 1505 id
236 1459 299 1506 ncn
321 1459 423 1523 aequa
444 1442 657 1508 techniconrm
683 1441 881 1522 assensione,
915 1447 953 1507 ut
973 1442 1127 1526 Didymus
1148 1445 1249 1514 refert

128 1542 169 1608 ad
191 1541 254 1607 XII
275 1540 336 1608 231
362 1541 570 1627 Πουλυδάμα
593 1540 628 1611 οἳ
646 1537 866 1631 Ἀριστάρχου
884 1543 986 1629 χωρὶς
1007 1548 1067 1612 τοῦ
1091 1549 1119 1619 ἶ
1153 1547 1247 1635 παρὰ

128 1643 185 1731 τὴν
197 1642 388 1732 ἀναλογίαν·
411 1641 595 1732 Ζηνόδοιος
616 1646 654 1712 δὲ
676 1645 731 1712 καὶ
743 1644 944 1729 Χαμαιλέων
965 1647 1025 1713 σὺν
1043 1650 1090 1734 τῷ
1112 1650 1134 1721 3
1155 1652 1247 1718 Hev-

128 1742 286 1831 λυδάμον.
330 1746 422 1813 Hanc
442 1747 526 1812 enim
547 1748 673 1814 literam
695 1749 798 1830 poscit
818 1748 963 1831 analogia
974 1751 1172 1833 superiorum
1193 1771 1248 1819 ca·

127 1868 229 1929 suum,
251 1850 306 1932 qui
327 1853 513 1915 constanter
543 1842 658 1932 perr-1
682 1850 896 1932 declinantur,
928 1869 991 1917 non
1018 1852 1120 1921 solum
1152 1854 1246 1923 huius

123 1948 1245 2044 numiniasedsimiliumomniumt'Aorvdc'pacg,&acoddpc9,Edpvdci·

125 2078 202 2136 μσς,
213 2049 435 2136 Ἱπποδάμας,
451 2052 655 2135 Λεωδάμας,
666 2052 895 2142 Χερσιδάμας,
907 2056 1102 2141 eandemque
1112 2060 1248 2143 requirIt

126 2155 261 2222 schola
282 2156 325 2222 ad
345 2155 455 2223 XVIII
475 2156 540 2223 285
551 2155 760 2241 Πουλυδάμα
782 2155 851 2225 ἔδει
864 2154 1098 2244 Πουλυδάμον·
1120 2164 1246 2229 τοιοῦτο

126 2258 163 2326 dd
184 2258 238 2325 καὶ
249 2258 287 2323 τὸ
300 2257 472 2341 Λαοδάμα
484 2260 578 2348 παρὰ
600 2259 657 2326 τὸν
679 2258 785 2347 apertu
807 2255 916 2346 λόγον,
932 2266 967 2329 et
986 2266 1098 2343 apeme
1117 2281 1195 2345 prae
1211 2281 1247 2330 se

125 2362 189 2428 tert
208 2360 369 2427 vocativus
392 2353 420 2426 ὦ
440 2358 657 2447 erbonem,
681 2383 775 2446 quem
797 2363 1034 2431 Choerobcscus
1054 2384 1086 2448 p.
1110 2365 1180 2435 105.
1202 2366 1244 2433 35

126 2483 165 2530 ex
185 2464 302 2531 Alcaco
329 2461 467 2547 (Fragm.
489 2484 520 2546 p.
541 2465 604 2532 595
627 2467 676 2533 ed.
698 2466 714 2532 I
735 2465 860 2550 Bergk,
881 2484 912 2548 p.
936 2464 995 2532 731
1020 2466 1069 2533 ed
1091 2466 1138 2551 ΙΙ)
1171 2488 1244 2551 pro·

124 2567 206 2647 tulit
229 2567 286 2632 sod
307 2564 617 2649 offendItaccentus3'
631 2586 706 2635 nam
716 2569 816 2651 alpha
832 2568 925 2634 huius
936 2569 1166 2637 terminationis
1186 2590 1244 2638 na·

123 2675 197 2735 turra
217 2669 314 2736 breve
336 2674 394 2751 est
417 2669 474 2736 sed
494 2670 679 2752 producitur
699 2671 731 2737 in
754 2671 857 2753 prima
877 2672 1033 2754 positione
1044 2673 1086 2738 ad
1093 2673 1243 2756 supplen-

125 2772 200 2837 dum
221 2770 379 2857 deiectum
401 2790 556 2839 consonae
577 2792 619 2856 ny
641 2793 661 2840 a
682 2773 784 2857 sigma
804 2765 892 2840 finali
912 2776 1080 2857 expulsam
1112 2792 1194 2858 quae
1216 2777 1244 2842 si

123 2874 156 2939 in
175 2872 332 2940 declinata
339 2869 531 2961 restituitur,
553 2875 816 2958 nudamusaest
839 2878 915 2958 quin
924 2878 1041 2943 rocads
1053 2878 1244 2944 adnativam

122 2973 310 3041 brevitatem
320 2976 440 3056 redeat,
462 2976 749 3059 utinappcllatiyis
761 2971 963 3060 ἀνδριάντος,
985 2973 1130 3060 ἱμάνιος.
1175 2978 1245 3044 Ηοο

123 3082 231 3143 autam
240 3076 324 3145 tacto
336 3082 579 3145 consentaneum
601 3084 661 3160 est,
683 3079 836 3162 syllabam
848 3079 888 3144 ab
899 3084 1041 3145 extrem
1051 3081 1178 3147 tertiam
1190 3098 1242 3147 ac·

122 3184 249 3245 centum
270 3181 313 3246 ad
332 3198 369 3246 sa
388 3179 808 3265 reciperatllootddcpov),
830 3182 914 3248 sicut
927 3183 1157 3249 anominativis
1168 3201 1241 3264 par·

122 3282 265 3364 oxytonis
284 3277 505 3366 Ἀλκιμέδων,
538 3283 753 3365 ποντομέδων
775 3281 856 3351 dunt
887 3285 1020 3359 vccabvi
1051 3302 1241 3367 proparcxy·

122 3384 197 3450 toni.
241 3382 465 3468 Πουλυδάμα,
488 3384 573 3469 quod
588 3376 792 3452 Aristarchuc
813 3384 1084 3468 brachycatalecto
1105 3386 1242 3453 tortasse

101 3491 292 3568 propterea
312 3488 473 3571 praetulit
495 3489 571 3571 quia
592 3506 686 3555 aures
707 3489 808 3571 magis
820 3489 964 3569 complet
987 3493 1021 3554 et
1042 3506 1124 3572 quae
1135 3508 1240 3571 gram

122 3589 230 3654 matini
240 3589 369 3670 addunt,
381 3586 566 3674 Ἀλκιδάμο
578 3589 730 3657 Choerob.
745 3590 814 3655 105.
823 3589 874 3669 24,
883 3585 1013 3672 Ἀκᾶμα
1022 3590 1114 3683 Euat
1124 3588 1198 3658 902
1210 3594 1241 3674 7,

121 3691 224 3771 primo
245 3693 347 3758 ordini
368 3693 505 3783 adscribi
526 3698 651 3776 oportet
672 3694 755 3759 sicut
776 3698 849 3757 ante
871 3690 967 3755 allata
988 3686 1079 3769 Aia,
1104 3690 1241 3776 Κάλχας

121 3790 180 3856 sed
201 3793 277 3874 quia
297 3794 331 3859 in
353 3812 417 3859 uno
436 3798 562 3861 tantum
583 3814 658 3862 casu
672 3795 882 3881 reperiuntur,
904 3794 1103 3876 metaplasmi
1114 3797 1239 3860 nominc

122 3893 274 3978 distIngni
295 3897 454 3977 convenit3
487 3915 549 3978 quo
569 3903 696 3980 recepto
718 3897 854 3979 suspicio
875 3914 1033 3979 apocopae
1059 3904 1240 3961 removetur

121 3996 175 4082 [ct
196 4016 226 4079 p.
252 3996 337 4085 1941.
434 4076 439 4085 ‚
813 4012 816 4017 ·

208 4099 340 4166 Datiros
361 4100 457 4166 trium
478 4101 696 4183 pronominum
716 4100 856 4183 plurales
873 4097 1056 4180 Apollonius
1066 4099 1159 4165 Pron.
1177 4100 1237 4166 125

122 4207 156 4268 et
172 4202 252 4268 Idy.
275 4202 338 4269 574
360 4220 529 4269 consonam
549 4221 570 4267 a
590 4208 705 4268 natura
726 4206 887 4281 acceptam
908 4200 1026 4268 babere
1048 4202 1125 4271 dicit
1144 4222 1237 4287 prae·

124 4311 173 4370 ter
197 4305 324 4372 Aeolica
346 4296 432 4395 ὔμμι
455 4309 489 4370 ct
510 4296 603 4389 ῧμμι,
624 4304 738 4385 quibus
760 4304 788 4368 si
810 4301 991 4385 adhaereat
1012 4323 1071 4386 pro
1091 4303 1239 4373 afficticia
