2736 4778
195 367 242 436 vl
635 366 885 434 PRAEFATIO.

196 533 267 598 ticis
299 531 473 598 tractandis
495 536 671 612 versantur,
694 533 921 614 complecterer
940 549 1063 612 omnes,
1089 533 1275 614 quicunque
1297 532 1331 598 in

193 653 253 719 hoc
274 652 354 717 libro
376 653 427 717 vol
450 652 660 717 emcndantur
679 653 731 717 vel
753 653 949 733 explicantur
970 653 1021 717 rel
1043 652 1085 717 ad
1102 654 1328 734 quaestionem

194 773 389 854 propositam
412 771 632 837 illustrandam
654 770 853 837 adhibentur.

279 891 393 956 Restat
424 896 464 956 ut
493 909 575 973 quac
609 891 673 955 iam
706 909 789 956 nunc
821 891 871 956 vel
903 910 973 957 mco
1005 891 1055 956 vel
1085 890 1325 973 typothetarum

196 1030 303 1076 errore
325 1015 457 1093 peccata
478 1010 672 1091 deprehendi
694 1011 880 1092 corrigenda
901 1029 1074 1093 proponam
1096 1010 1222 1076 omissis
1239 1030 1323 1091 quae

193 1130 309 1195 nemini
332 1129 440 1196 fraudi
461 1129 528 1194 iore
551 1148 643 1211 spero
666 1128 797 1196 tahbus:
822 1126 957 1215 ἡμισέες
979 1138 1022 1212 tp.
1045 1131 1086 1195 57
1110 1131 1189 1213 en),
1224 1127 1323 1217 ἐρχῆν

194 1251 239 1332 (p.
264 1247 335 1316 194.
362 1247 427 1332 16),
450 1245 603 1336 οἴθησθα
625 1250 669 1331 (p.
692 1248 764 1316 268.
791 1249 853 1332 15).

235 1369 269 1434 Ρ.
293 1367 313 1434 6
334 1389 363 1434 v.
387 1366 407 1433 6
430 1387 505 1438 scu:
528 1369 642 1435 Parall.
664 1368 707 1433 88
731 1386 777 1450 sq.

236 1486 270 1553 P.
294 1487 335 1554 37
358 1510 386 1554 v.
410 1490 431 1554 2
452 1488 492 1554 ab
515 1507 562 1553 ox.
585 1506 660 1554 scr..
683 1484 773 1575 δῄων
794 1505 867 1568 pro:
890 1485 1003 1576 δηΐων.

234 1608 268 1674 Ρ.
291 1607 333 1674 48
354 1629 384 1674 v.
406 1607 427 1674 4
450 1607 490 1674 ab
512 1626 561 1672 ex.
584 1626 659 1673 scu:
684 1603 871 1687 ἀπεσόϊξε.

234 1726 271 1790 Ρ.
295 1727 336 1792 70
357 1747 386 1792 v.
409 1726 430 1792 8
452 1726 493 1792 ab
516 1745 562 1791 ex.
585 1745 662 1792 sca:
685 1729 721 1811 ᾗ
742 1727 824 1799 ini,

233 1847 267 1911 P.
293 1846 353 1912 103
375 1866 405 1912 n.
428 1848 448 1912 2
471 1864 545 1927 pro:
566 1845 669 1927 Epim.
691 1845 724 1911 II
746 1863 821 1912 son:
845 1843 955 1911 Choer.
979 1844 1066 1913 Orth

233 1965 313 2030 Tota
325 1965 453 2047 plagula
469 1966 516 2031 XI
539 1986 569 2048 p.
588 1964 755 2031 161-176
779 1985 841 2030 non
854 1965 958 2046 Capl
982 1965 1111 2050 (Partl
1132 1966 1216 2032 Diss.
1231 1967 1311 2049 VII)

318 2087 376 2152 sed
398 2087 465 2152 eius
494 2086 578 2168 quod
605 2087 690 2150 inest
711 2084 833 2166 Capitis
855 2086 888 2151 11
917 2087 1010 2152 titulo
1032 2086 1234 2152 inscribenda
1256 2093 1316 2150 est.

230 2205 265 2269 P.
291 2204 350 2269 177
375 2206 445 2270 adn.
468 2206 581 2271 melius
604 2211 674 2271 erat
696 2207 854 2272 omittere.

223 2323 265 2387 P.
288 2323 350 2388 207
373 2345 400 2389 v.
423 2324 443 2390 3
467 2324 542 2390 deh:
566 2331 599 2391 et
621 2325 707 2391 Suid.

231 2442 264 2507 P.
288 2444 352 2511 226
375 2464 405 2511 v.
429 2447 447 2508 7
470 2464 542 2526 pro:
566 2444 667 2525 Epim.
691 2445 723 2510 11
749 2444 809 2509 127
833 2444 1034 2516 scr.:„Cram.
1057 2445 1115 2511 hn.
1139 2445 1171 2510 11
1193 2444 1271 2514 127.

228 2563 262 2626 P.
286 2562 359 2629 230.
387 2564 423 2628 17
447 2581 518 2628 scr:
542 2564 632 2628 Dion.
656 2562 763 2645 Gomp.
787 2583 813 2630 c.
836 2563 881 2629 VI
903 2583 974 2646 pro:
997 2565 1066 2629 VII.

228 2682 262 2744 P.
285 2683 347 2745 255
371 2702 398 2746 v.
425 2682 464 2747 18
487 2683 562 2746 dci:
586 2687 619 2748 et
641 2683 837 2748 Eustathius.

228 2801 262 2864 P.
286 2803 349 2865 272
371 2821 399 2865 v.
423 2801 464 2865 22
488 2819 560 2867 son:
584 2803 702 2867 Anecd.
726 2802 847 2868 Crem.
870 2804 916 2870 IV
940 2803 1009 2869 171.
1032 2803 1062 2869 d.

227 2920 262 2984 P.
285 2920 349 2985 288
371 2941 399 2985 v.
426 2921 463 2985 17
487 2940 564 2988 scr:
586 2923 804 2989 barbarismis
829 2960 865 2970 —-
891 2924 933 2991 ib.
958 2944 983 2989 v.
996 2924 1038 2989 20
1060 2943 1133 2989 scu:
1157 2925 1225 2991 obv
1249 2927 1310 2991 00

313 3041 367 3106 καὶ
391 3040 451 3119 τὰς
473 3042 552 3126 κνῆ.

225 3161 260 3226 P.
284 3159 346 3225 316
369 3181 397 3226 v.
422 3162 440 3223 7
464 3162 503 3226 ab
526 3180 572 3226 cx.
597 3179 670 3227 scr:
694 3162 790 3228 Prisc.
815 3163 911 3229 v15.
934 3162 1019 3229 231.

134 3291 137 3296 ·
225 3280 259 3346 Ρ.
283 3278 346 3345 316
368 3300 395 3344 v.
421 3278 460 3344 13
483 3280 523 3345 ab
547 3299 595 3347 ex.
618 3298 692 3347 scu:
716 3282 830 3366 Phryn.
851 3302 881 3364 p.
905 3283 979 3348 207
1002 3302 1048 3365 sq.

267 3433 510 3515 Regimontii
539 3435 805 3502 Borussorum.

925 3595 953 3656 0.
976 3594 1003 3655 i.
1025 3593 1063 3657 ii.
1086 3592 1220 3658 hneiior.
