2736 4778
202 312 277 388 400
557 304 875 379 DISSERTATIO
904 311 964 381 IV.

201 494 312 561 Ambo
334 495 433 583 igitur
451 505 579 582 praeter
598 496 838 583 prothystoron,
856 497 946 582 quod
965 496 1008 561 ad
1026 495 1318 585 schematologiam

202 597 359 685 pertinet,
394 610 533 682 quatuor
564 597 660 684 hujus
693 621 713 663 a
744 609 900 665 consueto
934 599 1160 665 declinationis
1193 623 1318 688 genera

202 710 388 776 numerant,
415 699 554 787 primum
576 700 755 779 literarum,
785 702 920 767 alterum
941 699 1154 786 syllabarum,
1185 703 1317 767 tertium

201 801 281 866 illud
303 823 369 887 quo
391 801 623 868 vocabulorum
648 793 892 886 conjunctorum
918 817 1027 890 partes
1049 813 1315 890 transponuntur,

202 912 353 989 quartum
378 902 556 968 dictionum
585 915 814 990 separatarum.
862 904 991 969 Horum
1016 903 1082 971 duo
1108 915 1257 970 extrema
1283 905 1316 968 in

202 1003 291 1069 exitu
321 1002 417 1087 hujus
447 1003 677 1091 disputationis
708 1003 929 1072 necabuntur
960 1005 1019 1071 sed
1046 1004 1188 1071 breviter
1216 1006 1314 1072 modo

202 1104 402 1190 strictimque
430 1106 508 1190 quia
537 1107 579 1171 ad
608 1107 705 1171 alium
735 1107 844 1173 locum
872 1106 1053 1194 pertinent,
1084 1106 1149 1171 duo
1177 1106 1314 1193 reliqna,

203 1207 230 1271 si
255 1230 322 1272 rem
344 1218 543 1294 spectamus,
569 1231 670 1277 unum
690 1222 766 1273 sunt
788 1219 820 1273 et
841 1208 874 1271 in
899 1208 962 1275 hoc
983 1207 1170 1273 metathesis
1193 1230 1314 1274 nomen

202 1307 368 1394 propriam
387 1309 498 1373 sedem
515 1307 622 1375 habet.
667 1308 724 1377 Sic
740 1318 848 1373 autem
865 1308 1047 1395 appellatur
1066 1309 1316 1395 inconjugnrum

203 1408 411 1474 affectionum
438 1409 494 1474 illa
521 1433 618 1494 qnam
641 1409 811 1499 ,Iosephus
839 1404 993 1474 describit
1019 1409 1053 1473 in
1075 1408 1222 1496 Synops.
1241 1408 1315 1474 569.

204 1508 245 1575 Τ.
269 1510 333 1575 lll.
367 1509 417 1574 his
449 1511 556 1576 verbis
588 1507 769 1595 μετάθεσίς
799 1507 872 1575 ἐστι
904 1506 1069 1590 στοιχείου
1101 1509 1318 1596 μετακίνησις

204 1605 273 1678 dud
295 1614 355 1698 τῆς
378 1607 466 1689 ἰδίας
487 1608 612 1692 τάξεως
634 1606 690 1698 ἐφ’
716 1606 830 1696 ἑτέραν
852 1608 944 1689 τάξιν
966 1599 1038 1674 οἷον
1059 1605 1169 1695 δαρτσὶ
1196 1606 1314 1693 doctri,

204 1708 327 1797 ιιαρδία
355 1710 494 1797 κραδία,
524 1707 645 1794 κάρτος
672 1708 801 1793 κράτος.
850 1710 946 1775 Ηιιεσ
974 1708 1108 1795 quidem
1134 1708 1246 1775 omnia
1275 1709 1316 1775 de

203 1832 269 1875 uno
290 1832 410 1897 genere
429 1820 534 1875 sumta
549 1821 638 1888 sunt,
657 1833 722 1897 quo
743 1810 855 1876 literae
877 1809 1023 1896 ejusdem
1041 1808 1185 1896 syllabae
1206 1808 1317 1877 locum

202 1911 286 1977 inter
308 1934 344 1979 se
366 1921 572 1978 commutant.
621 1910 690 1978 Sed
714 1933 873 1999 persaepe
895 1911 992 1977 etiam
1017 1910 1147 1977 vocales
1174 1920 1209 1977 et
1237 1934 1317 1978 oon·

204 2036 305 2080 sonae
332 2036 373 2079 ex
399 2009 500 2079 altera
522 2012 646 2100 syllaba
669 2012 703 2076 in
724 2011 856 2077 alteram
880 2013 1110 2099 transmigrant
1117 2035 1127 2091 3
1157 2034 1224 2096 quo
1248 2012 1317 2079 dis·

204 2115 337 2180 crimine
369 2114 539 2180 observato
573 2112 773 2182 scholiastes
805 2112 847 2177 ad
878 2112 946 2180 Od.
970 2113 1035 2178 ΙΙΙ.
1065 2111 1136 2177 180.
1170 2122 1204 2177 et
1232 2111 1318 2180 Gre-

204 2217 316 2302 gorius
337 2216 412 2283 489.
435 2216 516 2282 duas
538 2215 634 2301 hujus
663 2212 843 2278 affectionis
872 2213 999 2300 species
1026 2213 1229 2279 constituunt
1256 2235 1316 2279 no·

204 2316 345 2382 minibus
369 2316 552 2381 distinctas:
576 2312 731 2400 διαφέρει
752 2314 937 2397 μετάθεσις
959 2309 1192 2401 ὑπερθέσεως·
1215 2306 1319 2401 ἡμίν

205 2416 265 2503 γὰρ
288 2415 323 2483 ἕν
344 2420 384 2505 τῇ
409 2410 492 2506 αὐτῆ
514 2416 663 2508 συλλαβῇ
686 2412 824 2498 γίνεται,
852 2407 871 2500 ἡ
895 2413 931 2481 δὲ
953 2409 1139 2500 ὑπέρθεσις
1161 2412 1195 2480 ἐν
1221 2408 1320 2504 ἑτέρᾳ

206 2512 251 2595 ιίις
278 2516 318 2585 τὸ
349 2522 483 2592 νοθείας
515 2510 658 2592 δθνεῖος.
709 2513 908 2598 Plerumque
939 2524 1047 2579 tamen
1076 2513 1157 2579 haec
1186 2513 1320 2580 nomina

205 2619 379 2684 indiscreta
400 2626 490 2694 sunt,
511 2636 572 2679 neo
591 2637 666 2680 raro
689 2627 926 2680 commutantur
942 2637 1015 2680 oum
1032 2615 1119 2679 aliis:
1141 2610 1319 2699 βάρδιστοι

205 2744 269 2784 κατ
274 2711 474 2786 ’ἀντίθεσιν
495 2721 555 2782 τοῦ
577 2741 595 2799 ρ
620 2712 664 2792 ὡς
686 2713 809 2798 κραδία
827 2717 909 2780 Hes.
930 2713 969 2783 τὸ
992 2710 1055 2804 ἧκα
1078 2713 1174 2801 παρὰ
1196 2712 1237 2782 τὸ
1256 2709 1319 2803 διο]

206 2843 268 2883 κατ
292 2810 525 2915 δντιστρσφίν
551 2815 630 2880 ΕΜ.
652 2816 730 2892 424,
754 2815 784 2881 8.
811 2812 937 2900 μσρτδς
958 2817 1016 2883 καὶ
1037 2841 1099 2881 και
1103 2811 1321 2904 ’ἐναλλαγὴν

206 2923 265 2987 τοῦ
297 2946 314 3006 ρ
344 2916 468 3003 μροιιίς
496 2916 648 3004 Theogn.
675 2914 755 2982 Can.
783 2917 841 2994 64,
869 2916 899 2981 2.
930 2909 1110 2983 ἀλλύεσκον
1142 2940 1202 2980 και
1234 2908 1316 2981 καθ’

143 3081 145 3085 ,
205 3016 459 3105 ὑπερβιβασμδν
489 3013 669 3086 ἀλλόκοτον
702 3017 817 3105 p.68,
847 3018 897 3082 17.
928 3027 961 3082 et
990 3016 1080 3101 qnod
1112 3037 1179 3080 non
1211 3015 1319 3080 minus

206 3124 353 3219 ineptum
370 3130 433 3184 est:
453 3114 578 3203 διλίγιο
596 3145 650 3184 και
643 3114 752 3185 καθ’
772 3113 1003 3203 ιιτερβιβασιἱ
977 3142 1028 3183 ισν
1047 3109 1192 3200 ἀγγέλλω
1206 3115 1320 3204 τροπῇ

206 3229 263 3289 τοῦ
289 3250 304 3287 ν
332 3219 380 3300 εἰς
406 3247 424 3308 y
449 3221 529 3285 EM.
552 3244 585 3307 p.
611 3221 645 3298 6,
667 3217 719 3285 55.
752 3218 868 3285 Zonar.
893 3241 926 3303 p.
949 3216 1001 3281 37.
1032 3210 1102 3282 dard
1134 3219 1192 3280 aad
1218 3209 1322 3292 τάλας

206 3318 281 3388 κατ’
313 3315 723 3408 αναγραιιιιατισμὸνὸ
701 3312 825 3399 Ἀιλας
850 3321 944 3385 Eust.
968 3316 1045 3395 962,
1070 3316 1122 3381 54.
1138 3313 1237 3400 2)ἐιι
1263 3316 1322 3383 τοῦ

209 3416 293 3509 δίκρα
321 3416 395 3488 κατ’
426 3415 745 3506 αναγραμματισμδν
773 3415 859 3504 κάρα
891 3443 924 3506 p.
948 3420 1020 3497 700,
1042 3417 1094 3484 57.
1143 3417 1215 3482 Nos
1245 3438 1321 3482 vero

208 3524 257 3589 his
274 3523 450 3599 vocabulis,
474 3522 592 3608 quibus
609 3521 755 3609 plerique
777 3521 855 3584 alias
875 3521 997 3586 formae
1016 3518 1197 3607 primitivae
1214 3528 1322 3583 muta·

209 3627 313 3691 tiones
338 3625 537 3710 significant,
564 3622 695 3688 omnino
718 3645 785 3688 non
807 3633 934 3686 utemur
955 3622 1015 3687 sed
1037 3620 1181 3687 contenti
1203 3620 1324 3684 erimus

208 3727 372 3791 tralaticiis
396 3725 482 3789 etin
505 3735 572 3788 arte
594 3724 667 3788 fixis
692 3723 838 3788 adhibita
859 3723 914 3786 illa
936 3723 1089 3809 Gregorii
1113 3720 1325 3786 distinctione

208 3826 411 3902 metathesis,
446 3847 530 3909 quae
564 3826 695 3912 proprie
729 3824 775 3887 ita
809 3824 991 3910 dicitur³),
1029 3837 1062 3890 et
1096 3820 1323 3909 hyperthesis3

209 3979 541 3997 Μ

276 4064 474 4136 ampinana
494 4070 537 4116 est
557 4060 632 4132 apud
649 4060 722 4128 Hes>
721 4054 844 4113 chium”
841 4056 957 4118 erlrte
946 4080 959 4112 ο
979 4054 1097 4130 αιολμος
1115 4053 1242 4126 ιἰνιειθὴς.

277 4170 305 4236 3)
324 4163 504 4223 Grammatici
525 4162 684 4235 saepissime
705 4163 760 4216 hoc
780 4161 891 4216 nomine
910 4160 1069 4231 significant
1090 4160 1243 4231 enallagen
1262 4161 1326 4215 lite

209 4272 301 4310 rarum
315 4252 564 4325 qualiumcunque3
580 4249 664 4310 πίδαξ
679 4244 754 4321 παρὰ
770 4245 798 4302 τὸ
813 4247 986 4317 undrinnai&
1002 4243 1155 4316 μετάθεσιν
1173 4250 1218 4302 τοῦ
1231 4269 1248 4317 η
1263 4251 1322 4308 ιλςι
