2736 4778
418 366 555 434 INDEX
575 365 959 434 DISSERTATIONUhL
1193 367 1243 433 XI

121 530 287 633 hpilogns
314 529 358 606 de
383 526 671 629 interpunctione
702 553 783 606 eum
809 529 936 607 eneiisi
970 535 1007 608 et
1032 529 1246 632 synaloephe

500 646 689 724 coniurete
714 675 752 748 p.
781 651 868 723 319.

233 825 248 886 5
267 821 280 874 l
311 822 344 872 de
362 836 398 885 ny
417 819 594 885 ephelcystico
613 824 673 870 ante
691 822 859 886 parenthesin
883 826 910 873 et
932 824 960 873 in
978 824 1047 874 cuitu
1065 823 1122 873 eins
1139 840 1166 889 p.
1184 822 1245 887 etl,

310 908 342 958 de
369 910 479 956 accentu
507 904 581 955 verbi
615 909 691 974 φημί
719 908 746 957 in
779 907 928 973 parenthesi
960 909 1039 974 positi
1066 925 1091 974 p.
1116 906 1179 972 333,
1213 910 1247 961 de

315 998 425 1043 occentu
445 990 630 1042 vocabulorum
647 993 815 1058 parenthesin
832 993 1042 1045 antecedentium
1061 1001 1088 1046 et
1104 995 1136 1046 de
1155 997 1247 1047 enclisi

308 1079 381 1129 verbi
402 1079 478 1145 φημί
493 1093 518 1141 p.
536 1072 595 1128 32³.

239 1168 254 1228 5
273 1162 290 1215 3
318 1166 351 1216 de
370 1163 464 1215 enclisi
479 1177 596 1227 pronom.
616 1178 719 1228 person.
737 1163 811 1214 initio
829 1165 995 1230 parenthesis
1013 1167 1091 1232 positi
1109 1182 1133 1232 p.
1152 1164 1210 1220 335.

234 1254 250 1314 ξ
268 1250 285 1304 3
311 1251 344 1301 de
362 1255 475 1301 accentu
496 1247 579 1298 dativi
595 1251 648 1313 μοί
663 1250 793 1300 vocativis
810 1252 956 1315 possessivi
969 1267 1045 1317 pron.
1063 1252 1123 1303 loco
1132 1253 1240 1304 adiuuet

309 1353 334 1403 p.
355 1330 420 1398 336,
454 1335 486 1385 de
513 1340 625 1385 accentu
653 1340 798 1386 ceterorum
825 1350 919 1402 pronn.
946 1336 1127 1389 encliticornm
1152 1355 1245 1405 paren·

315 1422 402 1473 thesin
420 1425 499 1486 atque
516 1421 753 1486 interpunctionem
771 1421 984 1487 subsequentium
1001 1439 1029 1489 p.
1046 1420 1106 1475 338.

235 1511 250 1571 5
269 1510 284 1561 4
313 1509 346 1560 de
363 1508 473 1559 elisione
490 1507 591 1559 vocalis
609 1512 671 1558 ante
688 1508 927 1574 interpunctionem
944 1525 970 1575 p.
988 1505 1049 1560 333.

235 1593 285 1658 §5
311 1594 344 1646 de
364 1593 474 1645 elisione
485 1594 587 1646 vocalis
604 1593 712 1645 initialis
729 1598 790 1660 post
806 1594 1041 1661 interpunctionem
1058 1611 1084 1661 p.
1095 1593 1157 1648 335.

175 1814 385 1894 Dissertatio
411 1814 455 1893 de
482 1813 762 1916 orthographiae
789 1812 940 1891 deseese
965 1814 1202 1894 inconstantis

608 1961 646 2034 p.
676 1937 762 2009 339.

236 2107 282 2171 §i
314 2109 347 2159 de
363 2110 396 2159 iis
414 2107 570 2170 vocabulis,
597 2122 665 2172 qnae
682 2121 736 2156 non
762 2108 790 2156 in
809 2106 919 2156 dirersis
937 2105 1019 2168 loeis,
1047 2107 1139 2157 sedin
1157 2108 1248 2158 eadem

320 2194 427 2260 periodo
446 2195 531 2259 posita
549 2193 661 2261 singulis
680 2193 772 2244 litteris
788 2193 857 2243 inter
874 2208 903 2243 se
920 2192 1072 2257 discrepant
1092 2209 1117 2258 p.
1136 2190 1195 2244 343.

240 2284 255 2343 5
276 2280 292 2334 3
322 2281 354 2330 de
372 2281 403 2329 iis
421 2279 566 2341 vocabulis,
585 2294 653 2344 quse
670 2279 790 2345 pluribus
807 2279 900 2330 titteris
919 2277 1042 2329 differunt
1059 2294 1083 2343 p.
1102 2274 1161 2331 346.

241 2369 256 2429 ὅ
275 2364 292 2418 3
320 2366 352 2417 de
370 2366 459 2416 censis
476 2366 595 2415 variatae
612 2366 757 2431 scripturae
775 2381 800 2430 p.
818 2362 878 2417 351.

369 2584 577 2663 {Dissertatio
604 2583 647 2661 de
674 2556 842 2687 epithetis
868 2584 1005 2663 otiosis.

231 2762 271 2812 De
287 2760 425 2810 adiectivis
443 2775 468 2824 p.
487 2756 547 2821 353,
564 2757 597 2809 de
615 2758 786 2809 substantivis
806 2775 831 2823 p.
849 2754 910 2811 363.

248 2978 413 3057 hddeuda
438 2985 475 3055 et
500 2976 711 3078 corrigenda
735 2977 772 3053 in
798 2976 895 3053 hom.
923 2976 938 3053 Ι
965 3005 1002 3077 p.
1031 2982 1103 3052 367
1110 3035 1117 3049 .

609 3230 758 3313 indices.

237 3375 250 3424 1
286 3375 366 3424 Index
386 3389 471 3424 rerum
490 3389 514 3436 p.
534 3369 592 3424 387.

225 3461 253 3512 11
288 3461 369 3511 Index
388 3458 617 3526 grammaticorum
635 3474 661 3524 p.
679 3454 739 3509 413.
