2736 4778
125 333 202 413 622
490 321 811 392 DISSERTATIO
834 325 877 391 V.

124 510 270 599 positum
300 503 454 594 διάτριχα
479 510 555 593 jure
587 510 693 595 rejicit
723 510 917 598 Spitznerus
949 506 993 573 ad
1022 505 1064 571 ll.
1091 503 1141 571 IL
1170 501 1238 567 655.

127 609 406 698 praepositionem
425 632 500 675 omn
519 608 620 678 verbo
635 611 799 698 jungens,
829 610 921 697 quod
945 608 989 674 ad
1017 627 1133 673 omnes
1152 604 1238 670 locos

125 711 277 779 convenit
284 734 293 787 ;
319 706 475 793 διάνδιχα
502 710 551 776 sio
572 721 609 777 ut
626 702 746 793 ίίνδιχα
766 733 936 797 nunquam
958 707 1159 795 discerpitur
1181 703 1239 771 nisi

125 836 186 901 per
206 811 431 900 peremptosin
454 811 513 879 διὰ
535 807 568 878 δ’
592 805 712 894 ι’ίνδιχα
732 813 816 879 Hes.
840 813 933 899 Opp.
945 811 998 875 23.
1019 805 1238 875 Numerulium

124 914 267 1003 primum
299 934 373 977 cum
408 911 708 1000 praepositionibus
737 913 887 1002 pluribus
922 909 1127 979 eonnectitur
1164 906 1237 973 sori-

124 1026 223 1103 ptura
233 1012 373 1099 duplici:
396 1011 534 1093 ε’ςοίπαξ,
557 1010 707 1101 ἐφάπαξ,
728 1010 906 1095 καθάπαξ,
926 1024 1135 1099 etpersaepe
1153 1030 1237 1073 oom-

127 1139 214 1204 page
234 1116 341 1181 solnta
360 1136 390 1178 v.
418 1113 560 1201 Interpr.
591 1115 635 1179 ud
657 1114 782 1182 Aeseb.
803 1116 916 1181 Prom.
939 1115 1011 1179 750.
1042 1110 1150 1197 (775.)
1173 1110 1239 1175 sine

125 1220 193 1285 ullo
220 1219 263 1283 ad
290 1226 438 1282 nostrum
467 1215 599 1301 quidem
628 1239 761 1283 sensum
782 1216 968 1283 discrimine
997 1214 1062 1281 uisi
1095 1212 1188 1299 quod
1208 1210 1239 1275 in

126 1318 316 1405 hujusmodi
338 1316 486 1382 oratione
517 1310 672 1384 ἀπειπών
698 1314 747 1397 τίς
777 1314 873 1395 ἅπαξ
901 1314 948 1405 μὴ
977 1312 1129 1399 βαδίζειν
1155 1311 1240 1398 πρὸς

129 1414 232 1487 αὐτόν
255 1419 291 1485 id
313 1428 363 1484 est
388 1421 481 1485 semel
508 1422 543 1484 ιἰι
563 1432 752 1503 perpetuum
772 1416 893 1484 Liban.
921 1428 1035 1483 eontra
1061 1416 1149 1481 Lue.
1170 1410 1239 1481 206.

127 1521 254 1589 T.111.
275 1519 328 1586 vel
352 1512 371 1586 ὁ
392 1518 538 1607 ποιητὴς
567 1512 628 1585 οὐκ
654 1516 704 1599 είς
732 1518 829 1599 ἅπαξ
858 1516 1038 1606 παρορίζει
1065 1513 1104 1583 τὸ
1133 1502 1241 1583 διινδν

127 1616 215 1689 ἀλλὰ
245 1619 323 1699 τοὺς
345 1613 400 1687 eici
430 1612 681 1703 ἀπολλυμένους
709 1616 943 1707 ιῖιιονογραφιῖ
977 1638 1044 1684 non
1068 1618 1164 1683 remei
1190 1617 1241 1681 ord

127 1727 254 1804 ιοιρίιιι
277 1719 422 1805 Longin.
445 1719 491 1784 X.
514 1718 545 1783 0.
570 1732 630 1785 etc.
654 1719 828 1806 disjunctio
851 1717 1096 1787 convenientior
1115 1716 1242 1781 videtur

128 1844 228 1907 quam
249 1820 306 1885 ubi
328 1841 403 1885 oum
421 1819 561 1907 simplici
582 1817 678 1900 ἅπαξ
699 1820 890 1889 commutari
900 1829 1011 1906 potest
1025 1830 1063 1884 ut
1079 1814 1130 1896 εἰς
1150 1813 1242 1895 ἅπαξ

127 1921 187 1988 καὶ
213 1916 365 2005 δεύτερον
393 1920 493 1985 semel
521 1920 704 2006 iterumque
739 1922 873 1987 Heliod.
901 1921 961 1988 vl.
989 1919 1021 1986 6.
1048 1919 1124 1985 262.
1154 1916 1242 2003 quud

129 2021 206 2087 alibi
228 2021 299 2086 eine
321 2021 565 2109 praepositione
587 2021 705 2087 dieitur
732 2018 830 2103 ίίπαξ
852 2020 912 2087 καὶ
934 2017 1085 2107 δεύτερον
1105 2016 1242 2109 πληγείς

127 2123 253 2189 Mcmn.
274 2121 364 2187 Hiet.
385 2123 519 2189 XLIX.
543 2122 594 2188 70.
615 2121 858 2211 προηττημένοι
881 2117 941 2191 oria
962 2116 1011 2201 τίς
1029 2116 1129 2199 δίπαξ
1141 2120 1240 2187 Dion.

129 2221 207 2289 Chr.
233 2223 300 2289 XI.
329 2222 403 2289 357.
431 2218 571 2313 ἐφάπαξ
592 2233 625 2287 et
654 2217 822 2303 καθάπαξ
848 2223 975 2289 divulsa
1001 2245 1071 2288 non
1093 2222 1242 2308 legimus,

130 2326 190 2391 sed
210 2323 369 2389 novitium
391 2319 575 2410 προςοίπαξ
593 2324 690 2389 Paul.
712 2325 800 2410 Aeg.
821 2324 850 2389 l.
871 2326 930 2403 40,
954 2324 1025 2391 189.
1048 2323 1138 2388 idem
1159 2325 1243 2409 πρὸς

129 2422 225 2505 ἱίπαξ
251 2424 401 2491 scribitur
420 2424 518 2489 Alex.
542 2424 643 2488 Trall.
666 2426 731 2490 111.
755 2425 789 2503 7,
822 2424 896 2491 292.
921 2422 1079 2503 σονδπαξ
1107 2424 1145 2491 in
1171 2424 1241 2491 loco

127 2548 196 2591 non
227 2525 305 2591 satis
335 2525 445 2591 lucido
477 2525 594 2591 Galen.
628 2525 669 2590 de
701 2525 802 2590 Adm.
854 2528 954 2591 Anat.
989 2526 1031 2589 L.
1051 2525 1116 2590 ΙΙΙ.
1154 2548 1183 2591 c.
1212 2524 1241 2589 5.

129 2651 163 2713 p.
185 2628 258 2692 381.
288 2627 329 2691 Τ.
353 2628 398 2694 ΙΙ.
432 2662 472 2675 -
502 2625 654 2689 Duorum
682 2628 988 2713 congregetivorum
1015 2649 1102 2713 quae
1132 2626 1241 2693 Schol.

127 2729 230 2794 Dion.
254 2751 287 2813 p.
311 2728 383 2806 948,
408 2730 461 2794 23.
486 2728 621 2792 diversis
644 2726 790 2791 attribuit
811 2727 1002 2814 generibus,
1027 2725 1066 2793 τδ
1088 2725 1152 2812 μὲν
1175 2726 1241 2811 ἅμα

127 2828 287 2914 χρονικδν,
308 2826 346 2894 τὸ
368 2821 401 2895 δ’
426 2823 510 2912 ὁμοῦ
533 2822 683 2905 τοπικίν,
708 2827 771 2892 hoe
793 2829 929 2894 alterum
947 2829 990 2894 ad
1007 2839 1154 2894 nostram
1167 2852 1241 2895 oau-

129 2952 199 2995 sam
220 2928 302 2995 nihil
322 2930 456 3007 confert,
479 2927 537 2993 sed
555 2924 624 3011 ἅμα
637 2927 663 2993 si
677 2950 718 2994 ex
729 2930 816 2993 affini
830 2929 926 3008 ἅπαξ
945 2930 1241 3015 (v.Diss.11.P.1.

128 3033 197 3097 ο.3.
213 3034 238 3116 1.
248 3030 278 3095 5.
291 3032 362 3117 fin.)
385 3030 604 3105 restituamus,
627 3030 848 3097 numeralibus
870 3032 1014 3097 accedet.
1037 3033 1127 3097 Huic
1150 3055 1241 3120 prae·

127 3132 249 3220 positio
274 3132 420 3216 ejusdem
440 3131 613 3219 potestatis
633 3154 720 3197 nuno
742 3133 953 3220 postponitur
973 3131 1046 3216 ἅμα
1066 3133 1125 3201 σὺν
1150 3130 1240 3201 Βάκ-

127 3258 204 3317 χαις
229 3235 309 3299 Eur.
348 3236 421 3299 Ion.
446 3234 518 3298 718.
547 3254 634 3297 nune
669 3236 878 3321 anteponitur
915 3246 1051 3300 accentu
1081 3233 1143 3300 sub
1178 3257 1240 3300 uno

128 3336 228 3421 idque
251 3335 349 3401 modo
373 3333 540 3412 absolute,
571 3333 703 3420 saepius
736 3336 848 3402 addito
873 3337 982 3402 dativo
1013 3336 1073 3401 sed
1093 3348 1241 3401 neutrum

128 3437 290 3503 constanti
312 3436 474 3523 scriptura
495 3434 553 3501 σὺν
576 3433 647 3518 ἱίμα
670 3436 793 3503 πολλοὶ
818 3436 881 3516 τὰς
900 3435 1075 3524 τρικυμίας
1100 3434 1240 3518 διεξιόν-

126 3563 180 3616 ιις
200 3539 340 3603 Lucian.
371 3539 412 3603 de
439 3538 544 3602 Mero.
568 3536 675 3602 Cond.
699 3541 724 3624 §.
750 3539 780 3603 l.
806 3533 1053 3623 πλουσιώτερος
1085 3537 1145 3604 σίν
1173 3538 1241 3622 ἅμα

126 3639 282 3724 Κροίσων
312 3633 490 3703 ἑκκαίδεκα
515 3636 646 3704 Timon.
669 3642 695 3724 ξ.
723 3639 776 3705 23.
806 3636 864 3705 σὺν
893 3635 965 3723 ίίμα
995 3634 1131 3706 πάντων
1163 3639 1241 3705 διει-

126 3735 292 3824 λεγμένον
315 3739 430 3802 Herm.
458 3742 484 3823 §.
508 3740 539 3805 3.
573 3739 692 3825 quibus
721 3741 804 3805 locis
834 3740 889 3805 alii
922 3736 1053 3823 σίναιια
1080 3740 1240 3814 scribunt;

127 3860 201 3903 cum
223 3837 332 3902 dativo
360 3845 434 3914 ταῖς
462 3837 501 3903 δὲ
522 3874 563 3888 -
586 3845 705 3926 ταῦροι
727 3837 847 3922 σι·νοίμ’
883 3835 1080 3923 ἐστιχόωντο
1102 3841 1241 3907 Theocr.

125 3940 243 4006 XXV.
267 3938 338 4003 126.
371 3936 428 4003 ubi
447 3939 481 4002 in
504 3939 577 4004 cod.
601 3942 676 4007 Vat.
699 3941 760 4007 σὺν
782 3935 854 4026 ἅμ’,
886 3942 922 4008 in
946 3943 1035 4009 Edd.
1057 3940 1242 4009 novissimis

128 4035 247 4125 σι’·ναμ’
274 4040 431 4128 scriptum
463 4050 530 4117 est,
561 4041 621 4105 sed
649 4041 706 4107 illo
728 4043 827 4108 modo
857 4040 924 4131 ὅτῳ
950 4042 1007 4110 σίν
1036 4036 1096 4127 ἅμ’
1121 4042 1242 4110 ἕσπετο

125 4139 231 4230 πέτρη
260 4144 364 4209 Anth.
395 4143 473 4225 vn.
506 4142 537 4206 9.
567 4152 664 4227 atque
695 4146 778 4211 adeo
809 4145 843 4209 in
872 4144 979 4209 soluto
1007 4166 1158 4210 sermone
1188 4142 1243 4212 σὺν

126 4234 197 4323 ἅμα
220 4246 268 4330 τῷ
298 4240 381 4311 ἰδεῖν
403 4246 494 4312 Sext.
518 4266 545 4311 c.
568 4243 645 4309 Eth.
678 4245 749 4310 720.
777 4246 880 4330 (577.)
914 4245 1005 4331 quod
1029 4268 1096 4313 non
1130 4246 1241 4312 deien-
