2736 4778
202 309 250 387 64
565 301 881 372 DISSERTATIO
918 301 944 371 Ι.

200 492 276 559 iieat
302 489 361 557 sed
393 487 605 556 substantiam
631 501 667 555 ut
696 489 865 577 notqu).
915 487 1063 557 Delicias
1094 487 1171 555 iacit
1198 489 1252 557 illa
1278 489 1313 557 in

200 596 308 680 Etym.
330 592 419 661 Gud.
443 589 514 669 164,
534 592 586 657 40.
609 590 721 675 ὥςπερ
749 587 899 659 ἀπὸτοῦ
923 592 989 670 ἕεις
1011 591 1134 677 γίνεται
1157 585 1206 671 εἷς
1228 593 1313 661 κατὰ

201 696 354 781 στέρησιν
381 696 441 760 τοῦ
458 679 492 770 ἶ,
512 691 600 760 οὕτω
624 691 681 759 καί
703 687 772 759 ἀπὸ
796 697 854 760 τοῦ
878 691 1003 761 ἐείκοσι
1025 689 1141 760 εἴκοσι.
1185 694 1312 781 imper·

200 797 320 863 fectum
346 787 385 883 ἠν
405 817 446 860 ex
471 790 527 882 ἔην
547 804 660 858 natum
681 814 754 863 esse
772 792 920 879 plerique
940 793 1155 871 consentiunt,
1178 795 1237 860 sed
1258 796 1313 861 alii

200 898 305 964 erasin
331 896 515 985 appellant,
546 894 600 959 alii
630 893 824 980 aphaeresin
846 905 878 959 et
899 915 973 959 eum
991 898 1073 983 χρήν
1097 908 1312 982 componunt,

200 999 263 1068 ἐών
282 997 320 1065 τὸ
346 992 572 1079 ἐντελέσισρόν
594 991 682 1063 ἔστιν
702 990 771 1064 dno
785 1000 856 1064 τοῦ
876 992 930 1074 ἔω,
952 995 990 1062 ιδ
1015 996 1052 1063 δὲ
1072 989 1118 1063 α’ίν
1139 997 1224 1064 κατὰ
1240 1023 1313 1065 σαν-

201 1098 330 1188 αίρεσιν
360 1099 440 1166 EM.
467 1097 541 1176 350,
569 1097 621 1163 31.
676 1098 861 1183 Utrumque
889 1118 966 1162 vero
1001 1097 1127 1183 epsilon
1159 1109 1192 1164 et
1224 1086 1314 1185 quod

193 1200 366 1279 ,vocalibus
396 1198 611 1288 praemittitur
646 1209 679 1263 et
711 1199 801 1286 quod
834 1197 1103 1275 consonantibus,
1143 1197 1184 1265 ab
1217 1200 1314 1287 alpha

202 1301 403 1390 pleonastico
433 1301 496 1367 hoc
525 1300 632 1366 differt
662 1301 752 1386 quod
781 1300 1051 1387 significationem
1083 1300 1314 1368 vocabulorum

201 1403 290 1469 nulla
316 1414 409 1490 parte
433 1402 589 1467 immutat.
640 1402 725 1468 Nam
753 1402 842 1488 quod
861 1402 896 1467 in
916 1402 1025 1488 Epim.
1049 1402 1076 1466 Ι.
1101 1402 1174 1468 202.
1197 1403 1314 1468 dicitur

201 1505 238 1572 εδ
265 1505 358 1574 θέλω
387 1504 458 1573 ἐστί
484 1505 521 1573 τὸ
550 1501 669 1583 δειλῶς
697 1501 865 1587 βούλομαι
894 1494 968 1570 οἷον
988 1504 1081 1570 θέλω
1104 1512 1313 1591 περιπατεῖν,

201 1605 239 1675 τὸ
261 1605 298 1673 δὲ
321 1606 429 1674 ἐθέλω
451 1604 488 1671 set
514 1605 551 1685 ἐξ
572 1602 675 1682 ἔθους
696 1602 753 1671 καί
775 1599 849 1671 κατ’
874 1598 1034 1692 δινάγκήν,
1056 1604 1165 1672 ἐθέλω
1185 1613 1313 1693 φαγεῖν,

203 1708 363 1775 somnium
392 1716 450 1770 est.
500 1706 591 1771 Inter
620 1699 666 1783 ὥς
695 1715 727 1768 et
751 1703 815 1782 ἕως
842 1704 966 1789 aliquid
987 1707 1192 1792 cognationis
1214 1707 1312 1774 inter-

202 1807 335 1885 cedere,
363 1829 458 1873 nemo
487 1807 580 1873 facile
609 1804 784 1891 negaverit.
839 1806 908 1872 Sed
930 1828 998 1871 non
1023 1808 1098 1873 ideo
1121 1809 1314 1875 assentimur

201 1908 374 1978 Eustathio
406 1907 498 2008 3055,
528 1908 578 1974 12.
608 1903 645 1972 τδ
675 1896 714 1994 ἠς
744 1904 801 1992 ἕης
829 1904 895 1995 ἔφη
923 1902 967 1985 ὡς
992 1907 1030 1973 vd
1060 1904 1107 1987 ὥς
1129 1908 1192 1988 ἕως
1214 1888 1340 1978 criso-⁸

201 2015 318 2100 νασμῷ
339 2013 398 2081 τοῦ
421 2034 438 2079 a
459 2004 601 2088 ἆττικιῦς
621 2006 661 2073 cf.
685 2006 727 2072 ad
748 2007 803 2091 Aj.
826 2029 856 2071 v.
881 2007 974 2073 1117.
998 2031 1032 2094 p.
1053 2009 1127 2073 442.

651 2274 762 2343 CAP.
798 2274 862 2342 111.

613 2429 665 2505 De
691 2433 809 2505 cocali
831 2442 898 2504 eto.

288 2619 313 2701 t.
336 2615 366 2679 1.
409 2615 458 2681 Ut
478 2616 530 2679 via
552 2627 669 2702 coepta
690 2637 825 2703 pergam
846 2614 985 2701 primum
1005 2609 1195 2677 examinabo
1217 2632 1314 2676 voca-

204 2717 281 2783 bula
290 2716 325 2781 in
337 2715 455 2801 quibus
467 2729 519 2781 eta
534 2716 604 2780 aliis
615 2716 780 2782 vocalibus
792 2715 1005 2804 praemissum
1018 2723 1159 2800 putatur.
1188 2713 1315 2797 Hujus·
1344 2802 1349 2807 .

204 2818 295 2884 modi
318 2828 367 2882 est
388 2817 478 2902 quod
499 2817 578 2884 ΕΜ.
601 2818 675 2895 420,
698 2816 728 2883 6.
751 2816 874 2904 profert
896 2811 1006 2903 ἠειρεν
1032 2813 1147 2903 ἔδησεν
1167 2808 1234 2882 ἀπὸ
1255 2816 1316 2881 τοῦ

205 2915 307 3008 ἠείρω
333 2920 535 3004 πλεονασμῷ
565 2906 672 3006 soii]
695 2912 741 2996 ὡς
762 2914 867 3006 ἠμδιιι.
911 2915 998 2981 Illud
1013 2917 1083 3001 jam
1103 2914 1316 2991 removimus;

205 3043 279 3088 cum
299 3017 374 3105 μίαν
397 3013 491 3107 ἠμιίισ
512 3019 621 3107 Epim.
641 3019 668 3085 l.
691 3019 764 3085 416.
788 3018 956 3107 componit
977 3012 1069 3106 ἠδειν
1082 3017 1159 3103 (sic)
1183 3011 1316 3104 ἠείδειν.

203 3123 293 3190 Huic
320 3120 560 3211 diphthongum
591 3122 768 3189 accrevisse
798 3134 910 3189 censet
935 3119 1015 3187 EM.
1037 3119 1111 3197 419,
1133 3118 1184 3182 55.
1209 3113 1315 3204 ἠείδει

205 3220 418 3306 πλεονασμός
443 3218 514 3288 ἔστι
540 3226 601 3309 τῆς
618 3209 669 3290 ἐἰ-
689 3223 725 3291 ἐκ
752 3227 812 3292 τοῦ
833 3216 908 3312 ᾔδει
932 3218 977 3299 ὡς
1000 3218 1058 3287 ἐπὶ
1078 3223 1139 3287 τοῦ
1161 3214 1238 3306 ἑξής
1264 3213 1317 3300 ἑξ·

206 3321 285 3409 είής,
308 3343 404 3406 quem
425 3331 560 3407 apparet
577 3344 644 3387 non
661 3317 736 3413 ἠδει
754 3322 924 3408 scripsisse
937 3321 995 3385 sed
1017 3313 1092 3409 ἠδει
1112 3320 1196 3385 siout
1216 3340 1317 3407 saepe

206 3420 241 3483 in
269 3419 356 3486 Edd.
384 3420 524 3504 antiquis
553 3422 708 3509 seriptum
737 3421 898 3488 invenitur
928 3419 1086 3509 probante
1114 3430 1151 3488 ut
1175 3421 1210 3485 in
1234 3420 1316 3487 EM.

208 3520 324 3587 dicitur
350 3521 541 3607 Apollonio.
593 3524 715 3589 Verum
744 3535 776 3589 et
804 3523 867 3589 hoc
893 3525 1047 3609 rejectum
1075 3534 1125 3588 est
1150 3522 1235 3587 etin
1257 3521 1316 3586 ad-

206 3620 328 3700 verbio,
352 3623 441 3707 quod
461 3623 514 3689 ille
533 3624 679 3711 apponit,
703 3625 926 3713 diphthongus
944 3624 1084 3690 insiticia
1100 3646 1183 3710 quae
1201 3623 1319 3688 dicitur

207 3747 274 3790 non
296 3722 503 3809 subsequitur
523 3725 667 3790 vocalem
692 3728 750 3793 sed
770 3728 942 3794 antecedit.
976 3728 1069 3791 Haec
1084 3726 1184 3812 igitur
1197 3724 1318 3790 rectius

206 3826 305 3894 verbo
335 3826 385 3890 vel
419 3825 617 3890 extrinsecus
651 3829 761 3894 addita
792 3831 843 3895 vel
869 3853 909 3894 en
938 3828 1042 3916 epsilo
1070 3838 1146 3892 nata
1175 3836 1318 3912 putatur,

207 3925 321 4018 ἠείδης
351 3921 422 3993 cirri
450 3930 511 3992 τοῦ
538 3921 667 4014 ἠσίσιιι
688 3927 761 4013 μετ’
791 3929 977 4008 inardescas
1000 3918 1110 4016 τοῦή
1135 3926 1246 3995 Schol.
1275 3927 1316 3991 Il.

200 4050 538 4066 ——n—-

277 4106 322 4172 23)
336 4100 476 4158 Chosrob.
490 4099 558 4154 Can.
573 4099 631 4151 5⁹3.
642 4095 813 4169 Ἡρωδιανὸς
824 4100 898 4166 λέγει
913 4093 952 4150 ὅτι
968 4092 998 4150 ιδ
1013 4095 1098 4150 ἔολπα
1115 4093 1229 4151 δίναισι
1246 4089 1318 4151 εἶναι

208 4187 245 4252 sic
260 4187 316 4245 ἀπὸ
335 4190 431 4243 lituos.
473 4185 521 4242 Sio
541 4184 624 4240 etiam
642 4182 736 4238 dicere
758 4188 870 4253 poterat
889 4177 989 4251 ίσχμός
1008 4179 1062 4235 ἀπὸ
1082 4184 1129 4237 soti
1147 4183 1245 4254 ἔεχμαι
1262 4187 1318 4236 eto.

207 4293 233 4330 v.
251 4275 313 4342 §.b
341 4272 398 4329 Sed
415 4269 474 4336 ἅλις
490 4266 580 4344 δρυός.
