2736 4778
301 336 366 408 DE
387 334 666 406 PARECTASL
711 334 750 406 0.
772 337 834 408 VI.
866 340 892 427 ί.
913 337 945 407 t.
1105 342 1181 421 483

10 536 26 602 'a
70 511 145 610 άρξι
169 525 202 590 in
226 524 374 611 synthesi
394 547 462 590 non
480 524 650 613 reperitur.
688 524 782 590 Haeo
797 523 898 611 igitur
912 525 940 589 si
956 546 1181 613 comparamus

10 664 24 705 ,
70 651 143 692 cum
154 624 351 712 άρχέκακος,
366 628 565 713 φερέποιος,
584 622 833 711 ἐγρεκύδοιμος,
849 626 1068 711 μενέχαρμος,
1082 627 1182 695 tidem

10 768 22 809 ,
70 729 241 814 acquirunt
262 727 318 811 qui
339 724 496 810 syllabam
509 712 761 810 {interjectam
781 747 853 790 cese
872 723 1075 793 arbitrantur.
1110 728 1181 797 Nec

10 868 20 908 ,
69 844 175 894 tamen
209 827 466 894 obliviscendum
497 838 548 892 est
577 824 811 892 vocabulorum
849 827 1085 912 compositores
1114 850 1183 894 non

10 970 18 1011 ,
68 930 317 996 architectorum
342 929 461 995 similes
486 949 559 995 esse
579 949 687 1014 neque
716 926 869 992 habuisse
890 927 1125 1014 perpendicula
1150 938 1183 995 et

10 1072 15 1112 2
67 1054 199 1097 normas
221 1041 255 1096 et
274 1031 403 1116 regulas
425 1030 468 1095 ad
489 1051 571 1115 quae
590 1051 692 1116 opera
709 1051 768 1093 sua
787 1027 956 1113 exigerent
970 1030 1029 1094 sed
1048 1028 1181 1115 saepius

69 1132 181 1217 specie
203 1132 345 1216 quadam
372 1130 543 1218 analogiae
570 1130 645 1195 duci
669 1129 938 1229 quam-veritate.
981 1130 1180 1197 Praelucen-

67 1231 156 1296 tibus
181 1232 280 1318 igitur
300 1231 465 1316 adjectivis
490 1254 563 1298 cum
584 1231 691 1296 futuro
714 1231 748 1295 in
774 1256 839 1298 ισω
859 1243 998 1297 exeunte
1018 1233 1179 1320 copulatis

66 1328 324 1417 άκεσίμόροτος,
364 1326 588 1419 άρκιοίχοιος,
627 1325 810 1420 όλεοήιωρ,
850 1334 1084 1418 τιλισίόρομος
1116 1345 1177 1400 etc.

63 1433 153 1497 haud
174 1433 355 1497 mirandum
376 1444 427 1499 est
448 1455 469 1498 a
488 1431 596 1498 verbis
619 1433 710 1520 puris
733 1430 976 1497 similitudinem
998 1434 1179 1499 traductam

64 1556 138 1600 esse
161 1534 204 1599 ad
224 1557 292 1600 nou
314 1556 396 1620 pura
414 1528 657 1618 ἇρχεσίμολπος
679 1544 740 1599 etc.
783 1533 838 1599 De
855 1530 1105 1618 πηχεοίμαλλος
1124 1535 1180 1601 vix

64 1636 181 1721 aliquis
205 1635 359 1702 decernat
379 1645 486 1699 utrum
510 1657 551 1699 ex
569 1634 781 1723 πηξίμαλλος
799 1634 996 1722 productum
1017 1635 1060 1701 sit
1081 1659 1123 1702 an
1142 1648 1180 1703 ut

63 1738 118 1802 ille
136 1737 223 1802 dicit
262 1736 331 1804 Sed
352 1736 565 1822 synecdrome
587 1735 727 1801 maxime
749 1737 898 1803 convenit
919 1738 1055 1826 proprio
1075 1743 1179 1826 Πριο-

63 1839 233 1915 ττσίλαος,
269 1838 360 1923 quod
392 1858 506 1902 omnes
533 1837 738 1903 consentiunt
770 1838 1005 1905 conformatum
1034 1861 1107 1906 esse
1134 1840 1178 1906 ad

65 1937 249 2024 exemplum
270 1938 502 2023 adjectivorum
524 1959 598 2003 cnm
620 1939 726 2004 dativo
747 1939 936 2023 junctorum
962 1935 1177 2026 ἀνθεσίχρως,

63 2033 291 2124 άλγισίόιορος
306 2039 374 2125 (cui
393 2040 580 2126 appositum
598 2052 648 2105 est
666 2035 905 2128 άλχεόόιορος),
928 2038 1176 2127 ἕρνεσίπεπλος,

63 2138 280 2225 ἐντεσίερχος,
315 2140 534 2228 ιαυσιβάιης,
567 2135 801 2224 ὀρεσίτροφος,
837 2141 1073 2226 Γαλαξίδωρος
1105 2153 1176 2207 tan-

62 2262 161 2325 quam
181 2261 202 2304 a
220 2240 327 2305 dativo
351 2245 423 2318 τοίς
446 2237 563 2324 γάλαξι
584 2238 703 2305 Parall.
715 2239 788 2306 278.
809 2244 991 2328 eodemque
1008 2241 1176 2311 aberrasse

60 2341 197 2406 nomina
211 2342 334 2428 primae
352 2339 578 2405 declinationis
596 2342 838 2428 ποεοίτροιρος,
862 2341 1073 2430 ποεοίχροος,
1095 2338 1176 2429 ὥρι-

62 2440 221 2530 σιόιότης,
247 2442 338 2527 quod
359 2452 410 2506 est
421 2440 587 2528 Apollinis
609 2442 678 2507 sive
698 2442 786 2509 Solis
809 2443 979 2531 epitheton
999 2455 1175 2532 tempesta·

61 2554 131 2608 tum
151 2544 287 2610 rectoris
305 2541 501 2609 sicutCeres
522 2542 771 2629 cognominatur
791 2539 983 2634 ὡρηφόρος,
1007 2561 1173 2631 postremo

60 2641 311 2730 άελληοίίλυμος
332 2664 392 2731 pro
416 2641 627 2726 ἇελλόθιιμος
652 2645 704 2729 (ut
725 2639 938 2731 άιλλόποιις).
980 2645 1109 2712 Eadem
1125 2647 1175 2712 vis

60 2745 296 2829 syneedromae
325 2756 462 2831 apparet
488 2745 523 2809 in
551 2743 765 2830 μοριοντάκις
791 2767 851 2833 pro
882 2749 1054 2835 μυριάκις,
1084 2749 1175 2834 quod

60 2846 284 2911 assimulatum
305 2857 355 2911 est
374 2845 527 2912 adverbio
551 2846 742 2912 immutabili
769 2843 999 2928 ἑκατοντάκις,
1029 2865 1062 2914 et
1089 2873 1174 2936 quae

60 2970 134 3013 cum
156 2947 273 3013 eodem
293 2968 414 3031 genere
431 2947 645 3013 numeralium
667 2946 842 3013 cohaerent
860 2944 1173 3037 ἓκατοντοκάρηιος,

58 3043 312 3133 μυριόνταρχος,
340 3042 565 3135 χιλιοιταετής
591 3069 621 3111 v.
645 3048 689 3111 ad
710 3048 789 3113 Phr.
812 3048 884 3112 765.
908 3047 1071 3114 abshacta
1098 3062 1175 3116 sunt

59 3149 103 3214 ad
125 3147 368 3214 similitudinem
390 3168 501 3213 eorum
523 3170 608 3233 quae
630 3169 650 3212 a
670 3147 864 3232 τριάκοντα,
888 3146 1090 3238 πεντήκοντα
1112 3163 1172 3217 ete.

62 3251 219 3316 oriuntur.
261 3249 403 3315 Prorsus
421 3270 662 3334 supervacanea
686 3259 737 3315 est
757 3245 945 3335 epenthesis
972 3271 1037 3335 qua
1060 3250 1171 3318 Schol.

59 3350 99 3415 Il.
120 3350 201 3418 XV.
223 3349 296 3415 526.
317 3350 418 3414 utitur
438 3346 714 3438 Λαμπετίίδης
688 3373 735 3427 ως
762 3344 871 3431 πάχος
898 3348 1044 3430 πάχετος
1071 3353 1173 3419 πλεο·

59 3453 178 3566 ιασμηῑ
203 3454 265 3516 τοῦ
266 3476 317 3548 ιι,
340 3472 401 3517 scr.
423 3446 577 3532 Λάμπος
590 3450 780 3534 Λάμπετος
801 3443 1048 3531 ὡς-πάχετος
1068 3453 1172 3520 πλεο·

58 3553 173 3636 scopo]
189 3554 250 3617 τοῦ
266 3577 282 3618 ι
299 3552 355 3619 καί
370 3578 397 3618 τ.
420 3551 478 3619 sic
490 3551 576 3617 enim
587 3550 718 3637 saepius
731 3549 914 3615 terminatio
925 3549 1088 3636 primitiva
1101 3553 1171 3619 sine

58 3650 124 3715 ulla
149 3650 331 3716 intellectus
352 3652 530 3718 mutatione
551 3652 756 3739 protenditur
784 3650 918 3717 ulterius
945 3649 1060 3741 χαμριὴ
1087 3680 1171 3739 χαμ-

58 3747 162 3839 φηλὴ,
188 3748 286 3830 κόλος
304 3744 509 3836 κολοβός,”
485 3775 628 3837 απειρος
649 3749 840 3837 ἀπείριτος,
869 3750 1029 3841 ἔμπειρος
1052 3754 1169 3835 ἐμπεί-

57 3876 164 3937 ραμος
187 3862 220 3916 et
242 3851 307 3916 alia
328 3874 412 3937 quae
427 3874 468 3919 ex
482 3851 583 3918 Proll.
602 3852 670 3940 peti
686 3863 834 3939 possunt.
867 3853 935 3921 Sed
953 3855 1042 3919 nulla
1057 3855 1170 3920 harum

56 3953 218 4018 rationum
240 3952 375 4018 solvitur
395 3974 515 4018 nomen
543 3954 632 4039 quod
653 3954 733 4019 EM.
754 3953 828 4032 356,
845 3955 900 4019 41.
928 3966 1085 4022 consueto
1117 3977 1169 4019 ar·

56 4054 157 4119 tificic
182 4054 323 4120 enodare
343 4053 467 4120 studet:
490 4050 614 4141 ἐπητής
635 4050 652 4119 ὁ
677 4053 806 4140 λόγιος·
837 4054 932 4141 παρὰ
958 4056 998 4121 τὸ
1030 4052 1101 4121 into
1129 4056 1168 4122 τὸ

56 4156 141 4238 λέγω
164 4153 288 4240 γίνεται
311 4151 410 4244 ἕπης·
436 4152 505 4222 ἔδει
527 4154 586 4240 γὰρ
610 4150 843 4238 ίσοουλλαβείν
867 4157 914 4240 τῷ
942 4151 1082 4242 ῥήματι·
1112 4156 1169 4223 καί

55 4257 258 4344 πλεονασμῷ
287 4259 348 4343 τῆς
371 4245 422 4342 ’τη
444 4252 584 4342 ἐπητής,
618 4255 709 4341 quod
736 4254 792 4321 alii
820 4250 1169 4423 ἐπήηης.ιαιίριαιιιιιι
