2736 4778
428 331 640 400 PATHOL.
662 274 861 402 PROOEiM.
1176 340 1201 443 9

90 538 187 603 quam
208 538 308 583 causa
326 519 485 604 requirat,
511 540 619 603 neque
636 517 742 583 minus
758 541 855 603 quam
869 542 1004 588 necesse
1023 523 1074 589 sit.
1117 524 1201 591 Dia·
1277 572 1280 579 -

89 620 245 686 lectorum
272 621 431 707 idiomata
458 631 495 685 ut
524 620 735 685 excludantur
765 632 878 687 auctor
907 623 1064 691 mihi.est
1091 627 1201 692 Hero·

89 722 206 788 dianus
233 722 274 787 dc
303 722 449 788 dichron.
469 721 542 787 288.
571 722 607 788 τό
629 717 760 810 Ἀθηνᾶ
791 722 847 789 κατ’
874 728 940 804 ιινᾶ
956 725 988 809 ἵ)
1019 724 1088 792 ἐστι
1118 726 1202 796 τιατά

89 823 220 903 πόθος,
242 823 281 890 τό
305 825 343 890 δὲ
358 820 469 892 Ἑλένα
491 820 574 889 κατὰ
593 820 764 889 διάλεκτον
783 835 814 888 et
834 823 875 888 de
887 823 1007 910 Parog.
1019 826 1200 911 genitaao.

88 919 109 1013 ἡ
132 924 243 1013 τροπὴ
266 930 434 1008 πανταχῶς
455 924 587 1010 γίνεται,
611 922 695 988 κατὰ
715 921 845 1002 πόθος,
870 924 1097 1013 ἐλαφηβόλος,
1119 927 1202 997 ιιατά

89 1022 264 1091 διάλεκτον
286 1017 418 1107 ἀίοιρος
440 1036 500 1090 etc.
515 1025 564 1109 Β),
589 1047 654 1109 quo
677 1024 808 1091 nomine
830 1026 1053 1112 significantur
1074 1027 1202 1095 dialecti

90 1124 273 1211 gentilicias
295 1125 505 1213 topicaeque,
532 1148 600 1192 non
625 1122 644 1213 η
668 1124 777 1212 κοινή,
805 1149 890 1211 quae
913 1127 954 1193 ab
977 1129 1124 1195 Homero
1149 1153 1201 1196 re·

88 1229 224 1313 petitur,
246 1250 352 1314 neque
374 1228 471 1315 hujus
493 1227 691 1294 moderatrix
714 1226 811 1292 attica
825 1228 868 1312 ⁹).
913 1229 982 1296 Sed
1004 1253 1045 1296 ex
1066 1232 1129 1297 illis
1151 1243 1201 1298 ta·

85 1352 161 1395 men
184 1353 252 1397 non
277 1353 383 1418 panea
396 1332 587 1398 asciverunt
612 1329 786 1417 scriptores
807 1330 949 1396 numeris
973 1333 1087 1412 soluti,
1115 1357 1199 1420 quos

85 1431 253 1518 negligere
279 1435 369 1500 nullo
398 1435 497 1501 modo
525 1455 718 1521 possumus,
751 1432 833 1496 alins
862 1432 1032 1500 archaismi
1062 1438 1199 1523 matiam

84 1556 269 1621 aucupans,
299 1535 382 1602 nlius
406 1537 614 1602 assuetudine
643 1533 801 1600 sermonis
829 1534 1016 1621 popularis,
1045 1537 1199 1623 inquom

85 1636 230 1700 omnium
250 1635 318 1701 fere
340 1636 551 1703 dialectorum
572 1636 666 1702 rivuli
688 1637 929 1713 confluxerunt,
952 1660 1037 1723 quac
1058 1641 1198 1727 Apollo·

84 1737 157 1801 nius
180 1747 277 1803 vocat
303 1737 344 1805 τά
367 1739 610 1823 novendialia
632 1743 696 1804 τών
722 1738 902 1804 διαλέκτων
925 1738 965 1802 de
986 1739 1087 1805 Pron.
1111 1766 1143 1829 p.
1166 1745 1197 1810 3.

82 1833 348 1918 τοΙυὶΕύξεινας,
363 1832 570 1928 ἀπηλιώτης,
586 1836 783 1916 πανδακτύς,
796 1838 1197 1932 Hsaepctsrig(Trajeotus),

83 1941 185 2019 νειός,
207 1937 378 2019 καμιιύειν,
397 1937 607 2024 Διόςκιιιιριιι,
627 1935 787 2025 ταύρειον,
805 1938 877 2004 alia.
922 1939 1039 2026 Itaque
1058 1944 1100 2008 ad
1118 1943 1199 2011 hoec

84 2062 217 2129 quoque
247 2040 413 2106 attendere
441 2052 474 2106 et
501 2050 633 2127 oportet
661 2049 802 2126 etopus
827 2048 886 2105 est.
937 2041 1027 2105 Hinc
1055 2044 1201 2111 succedit

152 2232 182 2299 1)
198 2229 262 2284 Ηοο
278 2226 483 2282 restituendum
500 2230 543 2278 est
556 2221 678 2277 Arcadio
690 2224 733 2288 lt,
746 2225 788 2278 2⁴.
802 2221 835 2279 τά
848 2209 936 2287 εῒςῖἀ
946 2221 1106 2300 βαρύνεται,
1122 2231 1147 2285 εἰ
1157 2228 1197 2304 μη

82 2315 152 2374 κατὰ
170 2309 540 2384 πόι1οςγένοιτο,·Ἁθηνιῖ,
560 2313 646 2379 μηνιὶ.
686 2309 742 2365 Hic
761 2327 851 2365 canon
868 2308 979 2383 plenius
999 2315 1051 2368 sed
1070 2332 1127 2369 non
1145 2335 1196 2373 suo

81 2405 146 2459 loco
167 2398 305 2474 repetitur
322 2418 350 2471 p.
367 2398 424 2464 101,
438 2399 460 2451 l.
472 2396 520 2452 ubi
535 2413 607 2481 qnae
621 2397 795 2469 praecedunt
816 2394 847 2450 τὰ
866 2398 904 2458 εἰς
920 2384 1068 2474 ἀμαυρόν
1083 2399 1123 2475 μὴ
1140 2400 1197 2457 ἀπὸ

82 2476 240 2562 συμφώνου
256 2482 398 2556 ἀρχόμενα
414 2481 486 2551 πλὴν
503 2485 550 2538 τοῦ
568 2504 584 2557 ρ
603 2477 897 2554 παροξύνεται,Ἥρα,
912 2478 1008 2555 ὀπώρα
1014 2527 1022 2554 ,
1033 2481 1129 2570 χώρα,
1147 2505 1196 2543 ne·

81 2575 175 2648 qniter
186 2572 316 2628 mutilate
327 2577 399 2625 sunt.
435 2569 563 2624 Fuerunt
576 2568 649 2624 enim
664 2570 720 2623 duo
733 2584 871 2633 canones,
889 2587 960 2623 unus
979 2567 1011 2624 ιά
1031 2572 1069 2632 εἰς
1085 2593 1121 2645 ρει
1139 2596 1197 2646 μη.

56 2662 61 2670 “
80 2660 150 2735 aspir
161 2664 256 2732 μακρᾷ
271 2653 487 2741 παραζηγόμενα
503 2655 684 2726 παροξύνεται
699 2651 755 2708 ἀπό
770 2650 926 2726 συμφώνου
940 2653 1097 2727 ἀρχόμενα,
1110 2658 1194 2731 πήρα,

75 2746 173 2822 χώρα·
186 2745 259 2813 πλὴν
275 2747 322 2800 τοῦ
341 2766 364 2816 φ
382 2741 428 2799 σιὰ
446 2740 474 2796 ri
493 2739 816 2812 ψηρά(οτ1τὶταοοταα).
832 2741 904 2795 alter
916 2740 1028 2797 τιό-ἀπό
1038 2741 1197 2815 φωνήεντος

80 2832 223 2908 ἀρχόμενα
242 2829 423 2901 παροξύνεται
436 2827 519 2898 Ἥρα,
533 2826 600 2900 ὥρα,
616 2823 721 2897 ὀπώρα,
734 2826 900 2899 quibuscum
912 2827 1118 2888 continuandae
1131 2840 1196 2888 sunt

79 2921 199 2993 regulae
216 2919 435 2991 ρ.116,16.οτρ.
453 2916 510 2980 1⁰1,
525 2917 565 2967 to.
580 2912 710 2985 scriptae.

149 3007 180 3074 8)
197 3001 297 3058 Tertio
317 3002 380 3057 loco
398 3001 512 3073 ponitur
529 2997 597 3054 κατὰ
615 2994 786 3069 παραγωγήν
805 3002 876 3069 λέγω
897 2996 990 3069 λόγος,
1009 3009 1110 3073 quarto
1125 3003 1194 3058 ιιατά

78 3083 348 3160 πάθοςὲλιιιύη-υτον
358 3084 530 3156 ἰλαώηυτον,
541 3101 614 3155 quae
627 3084 794 3152 corrigenda
806 3092 872 3137 aunt
887 3084 953 3139 κατὰ
969 3084 1101 3142 σύνθεσιν
1116 3087 1194 3157 ἡλίου

79 3176 170 3251 φυτόν
186 3172 343 3245 ἦλιόφυτον.
367 3173 431 3228 Ηοα
444 3172 558 3244 plantae
572 3187 674 3225 nomen
687 3168 749 3231 ruit,
766 3168 843 3239 cujus
857 3167 946 3222 facilis
961 3171 1113 3243 corruptio,
1128 3175 1195 3246 quia

78 3265 177 3334 lingua
196 3261 302 3317 rustica
324 3261 402 3314 tiara
426 3258 455 3312 in
475 3260 549 3325 tito,
575 3258 770 3325 ἓλαιοτριβεῖον
794 3253 823 3309 in
847 3256 1024 3328 ἐλιοτριβεΐον
1046 3260 1192 3329 pervertit.

77 3350 189 3406 Nomen
207 3347 299 3409 πόσος
319 3364 354 3401 ex
372 3344 517 3418 superiore
534 3361 616 3398 versa
635 3341 784 3414 repetitum
804 3350 854 3397 est.

148 3437 176 3501 o)
190 3431 286 3487 Schol.
298 3429 379 3486 Piud.
394 3433 499 3487 01.1[1.
510 3434 552 3485 81.
566 3428 581 3497 ἡ
594 3426 770 3500 γραμματικὴ
784 3430 828 3483 inl
842 3425 915 3505 μόνη
928 3432 958 3504 τῇ
970 3434 1047 3506 κοινῇ
1061 3432 1192 3507 διαλέκτῳ

79 3518 109 3576 τό
122 3517 219 3594 κρότος
235 3521 290 3590 ἔχει
306 3524 352 3574 καὶ
370 3519 402 3575 δι’
418 3517 502 3587 αὐτὴν
518 3511 686 3584 συνεστάθη·
700 3513 768 3585 πρὸς
780 3516 834 3585 γάρ
848 3514 894 3577 uic
905 3512 1003 3582 latos,
1018 3513 1067 3584 τὴν
1076 3523 1192 3593 Δωρίδα

78 3611 125 3661 καὶ
143 3607 262 3661 Antron
281 3609 328 3658 καὶ
342 3603 462 3672 Ἀττικὴν
479 3608 525 3658 καὶ
540 3600 630 3670 Ἰώδα,
651 3604 707 3673 ἔχει
725 3600 891 3662 ύσυντελώς·
910 3600 957 3657 διὰ
976 3605 1054 3658 τοῦτο
1073 3605 1118 3659 inl
1136 3608 1192 3678 μὲν

80 3697 125 3759 τῆς
144 3696 237 3758 κοινῆς
259 3689 379 3752 κανόνας
401 3688 609 3760 ἀπαιτούμεθα,
635 3691 679 3743 ini
703 3689 733 3741 δὲ
757 3689 811 3740 τών
834 3682 926 3740 ἀλλων
947 3686 1022 3759 μόνα
1045 3689 1189 3764 ἰδιώματα.

78 3778 172 3834 Nihilo
184 3778 275 3833 secius
289 3776 354 3832 iliae
367 3797 384 3832 a
395 3777 573 3846 grammatica
586 3774 719 3831 canonica
731 3772 932 3838 aberrationes‚
945 3792 1014 3846 quas
1026 3777 1190 3836 affectiones

78 3865 261 3937 appellamus,
281 3863 406 3918 dialectis
423 3862 600 3933 assignantur
614 3860 675 3915 aliis
690 3859 776 3915 aliae:
794 3862 824 3913 nl
842 3866 980 3931 συγκοπαὶ
999 3865 1054 3916 ταῖν
1065 3867 1191 3920 Alciden

79 3956 149 4005 εἰσὶν
166 3952 249 4017 idum,
268 3951 298 4003 ui
315 3946 474 4017 ἀφαιρέσεις
491 3952 546 4002 τῶν
559 3944 673 4010 Ἰώνων,
692 3947 722 3999 αἱ
739 3945 881 4000 ἀποκοπαὶ
900 3946 1118 4010 colluctatione
1136 3952 1191 4004 τῶν

74 4036 202 4094 Ἀττικῶν
221 4038 306 4091 Exco.
321 4036 384 4091 Vat.
402 4036 480 4089 Baat.
495 4036 554 4087 ooo.
577 4032 670 4087 Schol.
687 4031 810 4105 Oppiau.
827 4033 891 4088 Hal.
907 4032 929 4086 1.
948 4034 1005 4086 186.
1025 4042 1053 4085 et
1071 4034 1117 4085 2³1
1135 4043 1188 4090 etc.

78 4124 136 4178 Sed
155 4141 241 4196 saepe
261 4121 343 4178 etiam
360 4122 560 4177 vocabulorum
576 4120 679 4173 formas
698 4118 804 4171 nativas
822 4127 850 4173 et
867 4117 994 4190 proprias
1015 4115 1043 4169 in
1062 4115 1189 4176 dialectis

77 4211 195 4283 reperiri
213 4211 331 4264 docent:
346 4211 392 4263 τοῦ
409 4209 515 4278 ἑταῖρος
530 4201 740 4277 ἀναλογώιερον
755 4204 781 4258 τό
795 4204 890 4276 ἓταρος
901 4204 1009 4258 Herod.
1020 4201 1099 4260 Mon.
1110 4208 1152 4274 21,
1162 4210 1187 4265 8.

78 4292 216 4371 ἀνάλογόν
233 4298 290 4352 ἐστι
307 4291 335 4351 τό
354 4291 445 4373 collos
463 4294 660 4368 τρισυλλαβοῦν
674 4292 718 4356 21,
730 4289 755 4344 3.
772 4297 826 4345 etc.
