2736 4778
128 320 203 395 tto
418 309 738 382 DISSERTATIO
768 310 815 378 11.
858 309 899 378 P.
922 308 951 377 Ι.

130 498 341 588 πλειστιῖρῃς.
386 497 635 587 Comparativos
660 495 848 586 χειρόιερος
876 508 909 563 et
932 495 1050 579 χείρων
1071 495 1253 584 dupliciter

128 606 263 671 affectos
285 602 414 669 dicunt:
434 604 563 686 χίρειος
575 598 782 685 χερειότερος
797 603 950 687 σνγιονιῇ
966 595 1023 664 καί
1040 600 1253 687 πλεονασμῷ

128 704 318 790 χειρότερος
347 703 423 772 Sch.
447 703 487 768 Il.
518 701 602 768 XX
630 698 705 766 436.
735 700 827 784 cujus
855 699 951 764 aliam
979 696 1115 765 eausam
1139 700 1253 767 reddit

127 807 330 876 Philoxenus
368 805 449 872 ΕΜι
481 804 562 882 675,
580 801 647 883 26.
685 799 723 867 τὸ
760 799 948 887 χειρίιερος
974 795 1134 879 Ἡσίοδος
1165 795 1253 881 ἴσως

129 907 269 999 ἐποίησε
292 905 388 989 παρὰ
410 904 446 970 τὰ
470 910 582 989 χοῖρος
603 898 649 981 ὡς
671 903 789 980 πλεῖος
811 900 1025 985 ulteriorque,
1049 901 1110 966 sed
1132 914 1251 967 neutra

128 1011 208 1078 satis
237 1007 392 1096 expedita
418 1016 477 1071 est
529 1004 585 1071 De
617 1003 718 1068 altero
749 1002 817 1088 agit
842 1002 1054 1100 Hem-dianna
1073 1001 1172 1069 Mon.
1195 1004 1249 1069 41.

129 1108 226 1181 οὐδὲν
247 1106 297 1188 είς
315 1095 366 1175 ὧν
384 1108 485 1194 λῆγον
505 1104 716 1190 συγκριτικὸν
739 1106 805 1190 πρὸ
828 1109 889 1170 τοῦ
910 1132 937 1170 ω
958 1103 996 1169 τὸ
1016 1129 1037 1189 ρ
1063 1100 1131 1185 ἔχει
1160 1104 1251 1192 πλὴν

129 1208 283 1298 μόνοντὰ
302 1207 437 1290 χείρων·
459 1202 567 1274 αἴτιον
589 1203 683 1272 δὲτὸ
706 1201 837 1283 πάθος,
858 1204 1039 1289 codemque
1055 1204 1130 1271 loco
1153 1204 1250 1291 pouit

130 1310 296 1397 γλιίσσιυν,
321 1307 495 1396 κρείσσων,
518 1301 680 1391 ἀμείνων,
711 1303 833 1396 ίίσσιυν,
862 1304 999 1386 μείζων,
1031 1327 1114 1391 quac
1146 1326 1250 1392 quum

130 1413 184 1479 alii
208 1436 249 1479 ex
271 1411 427 1497 γλυκίων,
450 1409 606 1493 κρατίιυν,
629 1408 753 1495 Ιιιεγίιυν
771 1420 831 1472 etc.
855 1418 1007 1493 corrupta
1025 1406 1145 1485 dicant,
1166 1427 1249 1473 con·

132 1527 322 1583 sentanenm
343 1522 394 1577 est
415 1511 505 1576 illum
535 1508 586 1574 his
616 1510 719 1576 simile
742 1520 943 1596 prototypon
967 1508 1176 1574 constituisse
1198 1508 1249 1575 vel

129 1614 265 1702 χερίιυν,
295 1613 348 1680 cui
378 1613 593 1700 superlativus
612 1615 765 1697 χίριοτος
789 1612 986 1700 respondet,
1014 1611 1065 1676 vel
1092 1612 1249 1709 συνοίει-ευ

129 1714 276 1802 χερείων.
309 1713 596 1796 Quemadmodum
613 1713 780 1798 gentilicia
796 1737 816 1778 a
832 1712 1017 1779 nominibus
1035 1713 1069 1776 in
1091 1739 1157 1793 εια,
1180 1739 1249 1783 ειον

133 1817 278 1883 derivata
307 1813 549 1902 diphthongum
577 1837 676 1902 saepe
706 1815 871 1895 omittunt,
897 1813 1097 1902 Ἡρακλείς,
1131 1811 1249 1901 Erycis

132 1931 193 1985 ete.
217 1917 305 1983 haud
327 1939 422 1984 secus
446 1916 721 2003 possessivorum,
744 1939 827 2003 quae
851 1940 871 1982 a
891 1916 1033 2004 propriis
1060 1916 1094 1980 in
1113 1901 1169 1996 io}
1189 1937 1249 1981 ex·

132 2019 284 2088 euntibus
314 2019 516 2099 derivantur,
543 2019 726 2085 terminatio
754 2019 877 2106 duplex
902 2029 969 2096 est,
1000 2040 1067 2083 una
1095 2015 1248 2083 omnibus

130 2122 277 2211 partibus
298 2143 454 2209 expressa
469 2121 691 2198 Ναννιλίιιος,
703 2114 866 2198 Ἡλίειος,
887 2119 988 2185 altera
1009 2119 1172 2186 concisior
1190 2117 1250 2188 dd·

132 2226 190 2302 λος
211 2220 390 2300 Ναύπλιος
411 2222 544 2288 Phelar.
565 2221 673 2307 Epist.
693 2221 758 2287 IX.
782 2220 820 2287 rh
835 2218 970 2301 Ἥλιον,
993 2219 1152 2289 τάἭί,ια
1174 2233 1208 2289 et
1228 2244 1250 2287 ι

129 2320 320 2407 Λικύμνιος
334 2345 401 2388 non
417 2336 454 2388 nt
468 2324 550 2389 ratio
565 2323 672 2410 poscit
686 2325 908 2402 Λινυμνίειος
923 2323 982 2390 sed
994 2320 1185 2407 Λικύμνιος
1200 2323 1248 2389 sic

130 2437 167 2489 ut
185 2422 338 2490 catulexis
352 2410 409 2502 Ῐιῖς
424 2424 596 2511 primariae
615 2423 764 2489 vocabuli
784 2425 868 2511 parti
880 2426 1027 2511 proxime
1040 2425 1247 2511 adjungatur.

131 2527 254 2595 Verum
277 2525 318 2590 de
339 2524 403 2590 hoc
422 2547 541 2612 genere
566 2525 701 2611 copiose
724 2525 790 2590 diri
814 2549 913 2609 quum
935 2538 1111 2613 praecepta
1128 2525 1247 2593 Gram-

130 2628 322 2692 maticorum
345 2627 529 2713 euphonica
549 2641 783 2693 commentarer
800 2627 920 2692 Purall.
937 2652 969 2715 p.
986 2629 1038 2693 25.
1051 2634 1060 2673 ¹
1071 2630 1102 2712 8)
1149 2628 1247 2711 Quae

130 2727 220 2794 nulla
240 2726 427 2811 hujusmodi
449 2728 575 2794 ratione
597 2729 754 2807 nituntur,
775 2742 929 2815 suspecta
950 2741 1034 2794 sunt.
1070 2729 1249 2817 Syncopae

132 2830 386 2916 compositorum
409 2830 551 2916 speciem
575 2830 732 2917 praebent
760 2831 884 2916 aliquot
908 2830 1069 2916 Ilesychii
1098 2831 1247 2917 glossae:

125 2928 329 3020 ’Λρθίσανοι
353 2926 608 3014 ἅπασχίσματα,
632 2928 936 3020 ἆοοβίασιήματα,
957 2933 1046 3018 quod
1062 2944 1150 2998 recte
1167 2956 1247 2999 con-

132 3034 233 3101 fertur
262 3057 335 3100 cum
361 3034 520 3121 Aeschyli
548 3057 628 3100 voce
663 3029 897 3123 ιἰρειίίύσαιοι,
935 3034 1015 3100 haec
1047 3047 1155 3100 sutem
1181 3058 1247 3100 non

130 3149 217 3202 recte
230 3137 404 3224 exponitur
414 3129 531 3221 ’Ἇρεος
543 3137 685 3204 drinaum
702 3133 804 3203 οἱονεὶ
821 3131 1066 3219 ίιποσχιίιματσ.
1094 3135 1247 3221 Aeschy-

130 3237 196 3304 lum
220 3239 305 3304 cnim
324 3238 411 3301 viros
433 3237 533 3303 fortes
555 3260 623 3303 non
642 3238 760 3303 Martis
782 3234 923 3301 fimbrias
948 3236 1015 3301 sive
1046 3237 1246 3324 appendices

131 3351 168 3404 ut
189 3340 400 3404 Hermaunus
423 3338 517 3402 vertit
541 3338 669 3426 Opusc.
699 3338 741 3404 T.
763 3338 823 3404 IV.
847 3338 919 3402 283.
946 3361 1081 3403 vocasse
1110 3336 1248 3403 arbitror

129 3463 190 3506 nec
207 3440 370 3506 conferam
388 3439 463 3503 huic
482 3439 563 3505 illud
580 3439 770 3506 Callimachi
786 3436 917 3502 verbum
937 3441 1101 3527 ζιοσιῆρες
1118 3434 1248 3518 Ἐνυοῦς

596 3542 608 3573 Ι

202 3676 246 3743 18)
265 3677 381 3732 Addere
401 3688 529 3750 poteram
548 3681 720 3745 Εἰλείθυιαν,
741 3676 819 3746 quod
838 3673 998 3728 Eustathius
1018 3676 1100 3730 affert
1119 3692 1133 3729 e
1153 3673 1246 3730 lexico

131 3758 280 3817 rhetorico.
318 3763 374 3817 Pro
396 3762 565 3835 ἐνήδρευσαν
583 3766 609 3825 tc
625 3761 673 3818 ιὸν
686 3758 828 3816 Ἐνυάλιον
843 3758 932 3814 Thuc.
947 3759 994 3813 IV.
1010 3762 1052 3814 137.
1078 3761 1180 3832 Poppo
1199 3760 1245 3814 vel

131 3849 160 3903 νίν
175 3841 320 3901 Ἐνυάλιον
333 3847 377 3901 vel
392 3845 421 3903 τὸ
436 3848 606 3904 Ἑνυαίιεῖον
623 3846 800 3901 scribendum
818 3854 907 3918 putat.
932 3846 1070 3902 Neutrum
1088 3846 1156 3902 alibi
1175 3846 1245 3917 legi·

130 3943 193 4002 tur,
218 3950 270 3987 nec
290 3932 379 4004 magis
400 3933 540 4003 cognitum
559 3938 718 4003 Hupntrnr,
742 3935 819 4003 quod
838 3933 998 4006 Stephanus
1021 3951 1043 3988 s.
1061 3929 1192 4006 Πειραιός
1210 3950 1246 3988 ex

131 4025 252 4093 Ιίειραία
272 4020 376 4074 sactum
396 4017 465 4072 dicit
484 4023 602 4086 Πειραία
620 4023 791 4089 Πειραιείιης
810 4019 877 4074 καθ’
900 4017 1050 4091 ὑφαίρεσιν
1068 4023 1114 4089 τῆς
1132 4007 1247 4075 illlec-

132 4113 232 4175 ραίιης.
264 4105 311 4158 Ἔν
331 4112 451 4176 ιαμίοισι
473 4103 629 4175 Apollinar.
651 4105 752 4159 l'sulm.
773 4106 885 4161 XXXI.
907 4110 946 4161 lt.
970 4107 1106 4163 incertum
1124 4126 1177 4179 pro
1198 4128 1247 4161 να-

131 4197 232 4260 μιείοις
245 4210 279 4245 ιο
294 4210 347 4264 pro
361 4198 483 4262 ταμείοις
496 4199 526 4245 ut
539 4197 699 4263 εαμιουχείν
714 4209 766 4263 pro
783 4198 966 4264 ναμειονχείν.
992 4193 1048 4249 Pro
1062 4195 1246 4267 ίλίηνοιαμία

131 4294 176 4349 up.
195 4275 329 4349 Xenoph.
349 4277 455 4333 editum
473 4286 515 4334 est
533 4277 740 4348 ίίίηνσιαμεία.
