2736 4778
200 305 273 377 158
557 297 883 367 DISSERTATIO
917 297 945 362 I.

197 485 398 570 πλεονασμῷ
421 486 481 550 τοῦ
498 470 677 569 Ῐκιγκρῶ,
701 492 738 548 ut
757 483 875 548 πἰπλιῦ
895 480 1049 563 uspulai.
1087 476 1315 544 Praesentium

197 606 275 650 vero
288 583 481 649 usitatorum
501 583 626 648 nullum
645 583 830 668 geminatur
850 579 930 665 quin
950 588 1093 644 mutetur
1111 578 1313 644 terminatio:

198 683 294 750 asiaco
308 682 456 768 (τένανα,
473 680 624 765 τέτανος)
637 680 784 758 struitur,
801 679 888 748 δέκω
902 678 1059 764 (δέχομαι
1076 674 1242 762 δείκνυμι)
1258 678 1315 744 δσ-

198 781 375 867 δίσκσμαι,
404 779 509 864 σεύχω
530 778 684 848 strumo.
728 779 959 867 Suspicionem
989 778 1129 844 afferunt
1150 799 1218 844 non
1239 799 1313 843 rnu-

196 893 264 947 tata
288 879 395 948 Τιτέει
415 883 496 967 τιμᾷ
519 890 553 945 01
568 875 738 945 Πεπδλων
760 880 838 964 (sic)
860 876 1049 966 κραδαίνων
1064 878 1148 942 Hes.
1173 898 1313 962 quorum

197 982 290 1047 alteri
322 977 450 1065 syllaba
480 977 631 1055 atiluxit,
664 978 757 1044 alteri
789 979 946 1055 defluxit;
985 976 1192 1043 scribendum
1225 977 1314 1043 enim

196 1077 394 1149 ἕπιπάλλων
424 1100 466 1143 ex
482 1077 604 1145 Aeseh.
624 1076 776 1166 Choeph.
798 1080 869 1144 159.
891 1077 972 1167 βέλη
989 1073 1183 1144 ’πιπδλλων
1197 1069 1312 1166 Ἄρης.

195 1176 387 1266 Μιμνήσκω
408 1200 476 1243 non
501 1177 543 1244 ab
565 1178 715 1246 obsoleto
735 1177 871 1267 μνήσκω
893 1179 952 1246 sed
979 1178 1067 1244 unde
1093 1177 1162 1247 dixi
1184 1178 1312 1244 deriva-

197 1293 266 1345 tum
288 1289 338 1344 est
366 1289 397 1344 et
417 1275 600 1366 asperiorem
624 1302 692 1345 non
717 1303 737 1345 a
756 1277 899 1369 potiosus
921 1279 981 1345 sed
1004 1301 1025 1344 a
1045 1277 1153 1364 priseo
1176 1275 1255 1367 φδω
1276 1288 1313 1343 111

196 1376 289 1468 βρδω
308 1374 504 1465 βιβρωσκω,
531 1375 598 1445 νόω
625 1377 711 1466 γνόω
739 1376 919 1466 γιγνώσκω.
962 1379 1089 1466 Migrat
1119 1389 1229 1444 autem
1249 1377 1313 1444 hoe

196 1474 380 1568 πιφαύσκω
401 1479 484 1544 duos
498 1499 650 1558 canones,
668 1479 810 1566 primum
820 1478 875 1545 ὅτι
887 1474 1052 1546 αὗδέπσιε
1068 1478 1102 1544 ἐν
1115 1484 1187 1556 τοῖς
1201 1477 1312 1547 rotori-

196 1602 269 1656 ιοις
291 1575 480 1665 δίφθογγας
502 1575 689 1664 εὑρίσκεται
712 1578 877 1646 Choerob.
902 1577 998 1646 Orth.
1023 1579 1094 1643 187.
1123 1587 1193 1644 tum
1221 1577 1312 1663 quod

196 1679 265 1744 iota
287 1677 378 1741 haud
398 1699 471 1742 raro
495 1678 649 1764 producit
668 1678 704 1744 in
725 1679 790 1744 arsi
806 1678 956 1764 thesique
973 1701 1003 1744 v.
1016 1678 1141 1744 Teehn.
1161 1679 1212 1745 83.
1230 1700 1310 1745 oon-

197 1790 247 1841 tra
267 1776 413 1861 regulam
435 1781 504 1855 πᾶς
532 1775 849 1861 ἆναδιπλασιασμὸς
881 1779 939 1845 διὰ
967 1778 1109 1864 βραχέας
1131 1778 1311 1864 ἐκφέρεται

198 1875 364 1944 Choerob.
387 1875 422 1940 in
442 1877 567 1942 Psalm.
589 1901 623 1964 p.
644 1879 704 1956 23,
725 1879 778 1944 33.
800 1879 880 1944 ΕΜ.
902 1880 976 1957 477,
999 1879 1051 1945 38.
1074 1878 1128 1943 oui
1148 1878 1229 1944 nihil
1251 1878 1310 1944 de·

196 1989 293 2064 rogat
312 1977 482 2043 Hesiodus
506 1975 707 2056 assultante
729 1979 841 2044 dicens
864 1980 1026 2067 producta
1054 1978 1159 2065 prima
1179 1977 1309 2063 Theog.

146 2109 151 2119 ·
198 2080 271 2145 209.
300 2078 337 2144 id
359 2078 446 2144 enim
468 2077 530 2144 sibi
552 2078 701 2164 permisit
726 2088 762 2143 ut
789 2077 865 2145 hino
886 2080 1042 2144 Titanum
1068 2101 1188 2144 nomen
1209 2078 1309 2145 extri·

198 2190 296 2244 caret.
340 2180 419 2245 Jam
441 2179 504 2244 alio
534 2179 608 2244 loeo
629 2179 728 2263 rejeoi
749 2181 841 2264 quod
861 2180 1043 2266 Gregorius
1064 2180 1165 2245 edicit
1183 2203 1217 2266 p.
1235 2179 1309 2245 276.

198 2290 231 2343 01
240 2277 357 2341 iisdem
367 2276 474 2342 verbis
486 2276 596 2345 Schol.
607 2278 748 2344 Theoer.
759 2281 801 2346 V.
816 2280 887 2344 117.
904 2279 997 2364 παρὰ
1010 2279 1047 2345 τὸ
1060 2283 1125 2365 γνῶ
1135 2277 1234 2368 γίγνω
1252 2278 1309 2346 καὶ

197 2379 265 2444 nto
282 2373 416 2462 κέγκλω,
441 2389 567 2441 namet
584 2377 648 2443 hoo
666 2378 854 2443 ementitum
874 2390 999 2445 estnec
1016 2379 1123 2444 minus
1140 2377 1258 2466 ytys'vo
1276 2388 1310 2444 et

197 2477 272 2543 huie
300 2476 419 2541 similia
440 2475 583 2560 μιμένω,
605 2476 751 2557 nautio,
774 2501 859 2563 quae
880 2479 1044 2545 Matthiae
1066 2479 1160 2566 ponit
1188 2482 1214 2564 ξ.
1238 2479 1308 2543 197.

197 2603 228 2644 n.
244 2580 274 2644 7.
296 2578 388 2642 Illius
405 2578 510 2643 forma
532 2577 694 2664 primitiva
715 2589 765 2642 est
785 2579 878 2665 γένω,
904 2602 989 2665 quae
1000 2579 1308 2644 remansitinlatino

198 2700 362 2754 sermone;
385 2677 519 2744 hine'
483 2703 636 2764 γιγνομαι
657 2677 809 2743 factum
799 2681 972 2746 iteratione
990 2701 1155 2747 consonae
1177 2679 1308 2745 initialis

199 2802 297 2864 quam
321 2779 533 2864 consequitur
554 2790 648 2863 trope
671 2778 797 2898 epsili
787 2803 822 2844 ru
844 2780 912 2846 iota
933 2791 970 2844 ut
995 2779 1088 2847 πέιω
1115 2804 1249 2860 πιπτω,
1270 2779 1308 2845 τὸ

198 2879 261 2965 γὰρ
286 2903 302 2944 ε
331 2903 366 2942 εν
394 2880 596 2966 πλεονασμῷ
626 2877 806 2964 σιμφώνου
836 2878 1006 2966 γινόμειον
1031 2877 1191 2993 τρέπεται
1219 2877 1300 2956 aiga

196 2981 276 3047 EM.
298 2979 379 3058 673,
402 2979 431 3043 9.
461 3001 528 3045 11011
556 2999 687 3063 semper
715 2979 847 3063 quidem
877 2979 937 3044 sed
967 2979 1157 3065 saepiusv.
1127 2977 1307 3044 vTeehn.
1316 3037 1322 3055 „

198 3082 269 3146 127.
315 3078 407 3162 Quid
429 3103 505 3146 vero
526 3102 643 3146 causae
665 3079 708 3144 sit
729 3102 787 3145 eur
808 3080 928 3146 Graeci
948 3077 1126 3164 βεβρώθω,
1147 3076 1308 3161 ιετραίνω

196 3181 337 3247 dixerint
348 3180 408 3246 sed
429 3180 619 3264 βιβρωσκω,
640 3179 774 3266 ιιιράω,
796 3178 942 3257 ιιιαίνω,
965 3179 1185 3246 demonstrare
1200 3179 1309 3242 nesci·-

195 3304 284 3359 mus;
308 3280 367 3346 sed
386 3279 450 3345 hoe
461 3280 561 3346 modo
577 3291 714 3367 apparet
735 3303 792 3347 eos
815 3292 891 3347 ante
912 3278 1021 3366 alpha,
1043 3281 1112 3345 iota
1132 3287 1165 3344 et
1178 3278 1311 3365 ypsilon

94 3390 100 3403 '
197 3382 311 3448 solitos
333 3399 405 3445 esse
426 3379 495 3445 iota
515 3401 639 3469 ponere
663 3380 866 3466 eandemque
888 3381 1034 3448 voealem
1055 3379 1220 3471 praemitti
1237 3402 1324 3446 ver··

194 3480 246 3545 bis
268 3482 302 3545 in
321 3466 363 3564 ’μί
386 3467 508 3548 01111ἶο
531 3481 735 3548 exeuntibus.
778 3481 850 3547 Neo
878 3481 985 3546 minus
1013 3481 1188 3546 obaemum
1208 3480 1309 3565 quare

195 3578 343 3663 βιβδζω,
365 3579 531 3664 διδάσκω,
551 3580 704 3662 strelam,
725 3578 903 3667 τετραίνω,
928 3579 1130 3665 δεδίσσομαι
1151 3578 1309 3665 syllabam

196 3681 451 3766 praepositivam
480 3683 516 3749 in
546 3683 711 3751 deelinatu
738 3680 916 3759 retineant,
951 3681 1015 3746 alia
1043 3701 1119 3747 vero
1151 3682 1309 3758 amittant,

195 3779 373 3867 praecipue
393 3781 493 3847 verba
518 3784 552 3852 111
578 3771 621 3868 ᾗ
646 3781 800 3850 exeuntia
828 3778 973 3866 exeeptis
995 3780 1145 3858 duobus,-
1172 3798 1310 3865 quorum

195 3902 296 3946 unum
328 3881 515 3967 Hesychius
553 3883 746 3971 suppeditat
777 3878 939 3968 Κιχρὴσιι
972 3880 1135 3960 δανείσω,
1173 3881 1309 3947 alterum

194 3983 360 4047 Homerus
382 3979 516 4049 διδώσω
537 3984 589 4051 bis
610 3984 645 4048 in
668 3981 825 4067 Odyssea
845 3979 1001 4068 seriptum
1023 3982 1082 4048 sed
1103 3980 1310 4070 improbante

195 4082 419 4169 Aristophane
448 4082 504 4168 qui
531 4080 670 4170 παρέξω
700 4079 867 4146 substituit
892 4103 922 4146 v.
944 4083 1066 4148 Buttm.
1094 4081 1153 4149 Gr.
1175 4082 1204 4149 Ι.
1233 4083 1308 4162 432.

197 4180 324 4273 Nauclr.
349 4184 451 4250 Arist.
482 4184 535 4251 58.
565 4181 767 4251 Scholiastes
795 4203 871 4248 vero
901 4181 951 4289 ad.
972 4181 1040 4250 Od.
1066 4181 1310 4249 1111135811
