2736 4778
94 287 211 422 '572
394 416 399 435 ,
493 333 813 406 umsnnunulo
841 334 885 407 v.

135 525 280 616 epitheto
297 544 443 592 seorsum
461 521 598 609 intelligi
615 535 755 610 possunt
769 523 880 589 addito
896 504 1017 611 copulo
1037 519 1170 608 ροπτός
1191 521 1247 591 καὶ

134 624 245 705 ἄλλως
272 619 449 702 ἀεικέλιος.
500 624 556 693 sie
585 624 682 691 etium
710 630 792 710 βοῦς
819 624 1036 711 πρωτοτόκος
1062 623 1179 714 κινυρή
1207 624 1245 693 It

133 729 248 798 XVII.
270 726 301 793 5.
330 724 505 813 exponitur
527 748 548 791 ε
571 724 683 793 Sehol.
709 722 770 815 ὑφ’
798 723 832 794 ἓν
860 728 915 793 ἵνα
940 716 961 814 ᾖ
990 723 1024 792 έν
1049 729 1097 812 τῷ
1125 723 1246 794 τίκτειν

132 833 306 918 θρηνοῦσα
329 822 350 915 ἢ
371 827 452 913 περὶ
476 824 532 892 τόν
554 824 653 893 τόνον
672 825 805 913 κινυρό·
833 850 941 913 neque
961 826 1175 894 infitiabimur
1194 827 1247 895 ina

133 931 278 1020 epitheto
298 928 417 994 aretino
438 927 523 994 inter
544 950 579 994 se
602 928 756 1015 oolligetn
777 951 850 995 εεεε
872 952 970 1017 quum
991 926 1122 1014 κύματα
1144 928 1246 1016 κυρτὰ

89 1102 97 1117 .
132 1030 379 1122 φαληριόωντα.
422 1031 475 1096 Ao
496 1031 600 1116 major
620 1030 716 1097 etiam
738 1032 947 1099 necessitudo
968 1029 1142 1098 intercedit
1163 1030 1247 1097 inter

132 1135 199 1202 duo
226 1143 329 1199 terrae
357 1153 499 1218 paeouee
528 1132 680 1199 attributa
703 1129 875 1219 αἰγίβοτος
895 1129 1008 1222 ἀγαθή
1032 1133 1068 1199 id
1090 1142 1142 1199 est
1169 1132 1245 1200 ἐπι-

131 1233 247 1322 τηδεία
272 1231 360 1317 πρὸς
385 1229 577 1318 αἰγιβοσίειν
599 1234 667 1301 Od.
689 1235 791 1300 XIII.
813 1235 887 1303 246.
915 1235 1153 1314 υευιυλλετιιω
1177 1234 1244 1301 nine

133 1337 233 1402 altero
254 1356 406 1401 maneum
434 1344 467 1400 et
494 1334 720 1422 imperfectum
742 1338 870 1423 est12).
914 1340 991 1404 Hoo
1012 1337 1244 1425 praetermisso

132 1438 178 1504 illi
207 1448 345 1504 nectent
372 1436 617 1503 11.X11.445.
651 1439 736 1517 λᾶας
763 1436 909 1527 εἱστήκει
939 1440 1090 1527 πρυμνὸς
1118 1437 1243 1523 παχύς,

132 1533 237 1627 αὖταρ
258 1531 405 1606 όπισθεν
425 1531 504 1618 όξύς
526 1535 597 1628 ἔην·
616 1540 756 1626 primum
772 1541 883 1609 Sohol.
894 1542 938 1608 A.
956 1539 1109 1628 συναφὴν
1124 1540 1246 1609 θετέον

131 1634 189 1709 ἐπ’
215 1634 411 1728 ἀμφοτέρας
434 1639 495 1717 τὰς
520 1638 645 1718 λέξεις·
672 1637 706 1709 ἓν
732 1640 794 1729 γὰρ
823 1643 861 1709 τό
886 1640 1131 1731 σημαινόμενον
1158 1637 1245 1707 κατὰ

131 1743 169 1810 τὸ
191 1738 330 1822 ἔσχατον
351 1735 472 1837 παχός,
495 1741 581 1807 κατὰ
605 1742 644 1809 δὲ
664 1740 701 1811 τὸ
724 1741 835 1828 ἕτερον
855 1737 948 1824 όξός,
967 1752 1036 1807 tum
1049 1740 1245 1813 Eustathiue

131 1843 208 1920 913,
230 1841 282 1909 39.
308 1838 424 1929 ἕτερον
442 1835 504 1928 ὑφ’
532 1838 566 1908 tt
592 1835 731 1927 ἀνέγνων
758 1842 1025 1933 πρυμνοςπαχός.
1069 1844 1127 1912 Sic
1157 1845 1244 1911 enim

130 1943 184 2010 hio
205 1942 429 2030 scriptumest
450 1953 483 2009 et
504 1942 582 2008 alibi
603 1942 910 2029 ῥαδαλοςδονακεές
929 1944 1022 2023 1165,
1037 1946 1090 2012 22.
1108 1946 1176 2014 hoe
1195 1957 1243 2013 eet

131 2044 288 2123 όονοκεὺς
320 2040 615 2133 ἶσχνοκαλαμεόδης
641 2044 694 2110 vel
720 2045 878 2129 καλομιόν
907 2044 1153 2134 ρυόαλωδόνοξ·
1184 2048 1242 2115 sod

129 2157 271 2225 veteres,
301 2147 358 2233 qui
380 2146 464 2212 hono
485 2146 623 2212 duorum
643 2168 761 2213 vocum
785 2147 956 2214 notionum
979 2149 1242 2219 communionum

93 2282 97 2293 «
129 2248 305 2314 leoton‘bus
332 2248 382 2314 ob·
404 2243 517 2315 oeulos
546 2271 669 2336 ponere
697 2249 832 2327 vellent,
864 2261 1046 2327 uerte-non
1074 2249 1242 2319 intel-vdie

130 2361 361 2418 contraxerunt
384 2351 444 2417 sed
469 2350 639 2436 disjunctis
661 2360 773 2416 notam
794 2351 928 2417 unitatis
950 2352 1189 2439 subsignnrunt
1206 2364 1241 2421 ut

129 2453 168 2519 Il.
187 2452 271 2519 XX.
290 2453 364 2519 437.
386 2453 484 2537 βέλος
506 2445 563 2532 όξι)
582 2449 801 2536 πόροιθεν-
816 2451 947 2541 συναφὴ
971 2453 1029 2521 ἐπὶ
1048 2452 1110 2533 τὰς
1129 2457 1239 2522 τελεο-

128 2551 228 2632 εοιίας
253 2552 314 2621 όόο
337 2554 458 2633 λέξεις·
481 2549 516 2619 ἓν
540 2550 602 2639 γὰρ
626 2549 663 2631 ἐξ
683 2546 880 2639 ἀμφοτέρων
903 2556 1062 2639 δηλοῦται
1086 2550 1239 2642 ὠξυμμέ-

128 2680 184 2723 νον
205 2657 290 2721 κατὰ
310 2653 349 2720 τὸ
372 2651 565 2738 ἔμπροσθεν
585 2653 697 2738 μέρος,
718 2653 808 2737 quod
831 2655 874 2720 ad
895 2655 982 2721 huno
1003 2655 1112 2723 looum
1132 2658 1238 2725 minuo

129 2756 279 2822 convenit
309 2778 407 2840 quam
434 2755 568 2820 XXIV.
594 2754 667 2819 348.
697 2753 753 2819 ubi
785 2762 921 2843 πρῶτον
954 2753 1122 2845 όπηνήκης
1153 2758 1238 2826 idem

129 2856 290 2943 signifieat
314 2857 405 2942 quod
428 2851 630 2943 όρτιγὲνειος
659 2855 726 2922 sive
754 2854 973 2943 πρωιόχνοις.
1016 2859 1063 2923 Et
1084 2859 1132 2926 eie
1155 2861 1237 2949 lepis

126 2958 181 3025 ille
202 2954 444 3046 πρυμνοπαχής
468 2957 533 3024 dici
562 2968 691 3045 poterat
719 2967 755 3022 ut
780 2959 1006 3046 μεσοπλοιτής.
1049 2960 1237 3030 Parathesie

126 3083 202 3126 vero
232 3060 363 3146 triplex¹
380 3060 454 3125 iniri
483 3071 611 3149 poterat
627 3060 735 3138 untio,
768 3082 833 3124 une
860 3058 917 3124 illa
946 3083 1044 3145 quam
1072 3063 1236 3132 Homerus

126 3162 295 3250 praecepit
314 3161 462 3247 πρυμνὸς
481 3161 590 3244 παχύς
609 3173 641 3227 et
657 3162 825 3248 amplexus
845 3171 894 3227 est
908 3163 1107 3248 Apollonius
1124 3165 1153 3232 Ι.
1168 3167 1235 3234 722.

126 3262 253 3343 δι’πλαξ
280 3260 387 3348 μέσση
417 3258 622 3349 έρευθήεσσα
652 3264 688 3328 id
714 3275 764 3329 est
790 3264 1020 3351 μεοοέρυθρος
1052 3267 1108 3352 (ut
1133 3269 1235 3351 μεσό-

127 3365 256 3449 λευκος)
275 3386 381 3450 neque
399 3373 558 3450 respuunt
579 3364 754 3451 eou'ptores
776 3366 917 3431 numeris
940 3366 1037 3432 soluti
1054 3367 1144 3435 velut
1161 3367 1235 3450 δός-

126 3489 236 3553 κωφοι
255 3461 382 3548 χρόνιοι
404 3464 518 3531 Βίοεο.
541 3465 623 3531 Mat.
646 3468 688 3533 V.
713 3467 764 3533 88.
788 3468 878 3552 quod
898 3468 1010 3533 Latini
1031 3492 1099 3535 non
1122 3472 1235 3539 endem

124 3565 280 3631 brevitate
300 3566 436 3632 reddere
457 3580 612 3654 possunt3
634 3568 734 3634 ultera
754 3593 813 3656 per
835 3569 1023 3635 adverbium
1045 3570 1235 3656 πρυμνόθεν
1277 3618 1280 3623 -

37 3749 38 3753 ¹
64 3731 67 3737 ,
125 3665 233 3747 παχός
266 3677 302 3730 ut
334 3665 487 3736 κάτωθεν
515 3667 639 3749 λεπτός
670 3671 785 3737 Βίοεο.
807 3672 835 3735 I.
861 3671 914 3736 28.
947 3672 1041 3737 tertio
1071 3694 1111 3738 eu
1139 3696 1235 3759 quum

104 3768 322 3855 -Apollonius
344 3768 365 3834 l.
388 3791 416 3834 o.
440 3770 589 3855 adjunxit
610 3772 734 3858 primae
756 3771 914 3855 adjectivo
937 3774 1067 3859 generis
1089 3777 1233 3843 neutniuo

124 3893 204 3936 usus
227 3864 314 3955 όκρα
342 3872 517 3958 πορφυρέη
548 3882 584 3937 ut
615 3875 759 3955 κάλαμοι
790 3868 876 3958 iinon
901 3871 1104 3961 μεσσότομοι
1132 3879 1234 3946 Anth.

124 3973 184 4041 VI.
205 3972 256 4038 63.
281 3964 397 4054 ἄνεμοι
421 3972 595 4042 κελαδεινὰ
616 3975 766 4063 όυςηχέες
789 3975 903 4058 Quint.
919 3977 1015 4046 XIV.
1038 3979 1113 4046 482.
1135 3980 1234 4069 idque

194 4212 239 4278 12)
258 4210 306 4266 sie
324 4210 458 4283 explicari
478 4210 582 4283 poterit
599 4211 631 4265 Π.
644 4211 722 4266 XIV.
742 4213 798 4268 183.
822 4213 927 4285 ἕρματα
947 4220 1078 4286 τρίγληνα
1096 4217 1234 4292 μορόεντα

123 4297 177 4354 hoe
196 4305 238 4354 eet
256 4295 358 4372 γλήνας
375 4304 512 4373 νριμερεῖς
529 4298 636 4370 ἔχοντα,
655 4316 710 4356 uno
729 4300 816 4357 verbo
836 4299 993 4385 ειλόυιεαε.
