2736 4778
155 346 218 412 DE
234 339 504 411 PROSTHESI
518 338 580 405 ΕΤ
596 337 858 406 APHAERESI.
875 333 1093 421 0.V111.§.5.
1119 337 1192 409 165

76 543 127 597 est
159 528 259 594 verbo
296 519 493 612 κενροφόω,
531 519 622 605 quod
652 519 921 604 Wyttenbachius
956 521 1050 586 finxit
1080 530 1193 586 contra

75 631 264 717 analogiam
285 626 329 690 ad
349 621 565 709 dampnet.
610 620 680 688 Sed
701 621 770 686 fieri
791 631 901 707 potest
922 629 957 684 ut
976 618 1191 709 νεκρύηαλος,

77 733 170 819 quod
197 727 363 794 interdum
391 719 577 812 κορυφαίαν
603 721 672 786 sive
702 724 936 809 κοραφιστῆρα
965 720 1141 805 significat,
1173 744 1193 786 a

79 826 212 919 κορυφή
243 825 422 891 derivatum
452 823 493 889 sit
518 844 591 888 cum
613 845 761 909 syncope
784 819 1013 907 productionis
1034 820 1194 887 effectrice

78 957 108 998 v.
131 931 233 998 Proll.
257 928 309 992 90.
322 927 375 1011 ²³)
406 925 564 1010 Lelegum
582 946 702 989 nomen
724 946 743 988 a
763 922 863 989 verbo
886 923 995 1008 λέγειν
1018 920 1196 985 derivatum

82 1055 155 1098 esse
183 1029 277 1096 licuit
301 1027 448 1093 Hesiodo
478 1026 610 1091 credere
638 1049 669 1091 v.
688 1024 806 1092 Parall.
832 1024 903 1090 101.
947 1021 1056 1089 Piscis
1076 1043 1196 1086 nomen

81 1128 232 1217 ττραδίλη
261 1142 293 1194 et
317 1125 508 1213 πεπραδίλη
536 1149 555 1191 a
580 1128 723 1211 πραὸεἷν
751 1125 948 1213 productum
977 1125 1134 1191 adnotavi
1162 1128 1196 1192 in

82 1231 184 1296 Proll.
207 1229 278 1295 108.
314 1218 394 1294 ¹Iots
416 1227 560 1313 syllabae
583 1227 700 1292 affixas
720 1226 875 1292 insertum
902 1227 1046 1293 ostendit
1072 1227 1195 1317 τιθήνη

80 1330 176 1417 παρὰ
201 1329 240 1396 τὸ
266 1334 322 1396 θῶ
349 1326 451 1416 θήσω
477 1328 516 1395 τὸ
544 1329 657 1417 τρέφω
688 1328 871 1416 ῥηματικὸν
897 1320 1004 1412 ὄνομα
1026 1328 1114 1419 θηνη
1138 1331 1195 1398 καὶ

77 1429 383 1517 &vocantuocant
405 1425 537 1516 θιθηνη
560 1429 617 1495 καὶ
636 1432 750 1518 τροπῇ
775 1431 837 1495 τοῦ
864 1428 984 1506 δασέος
1012 1425 1060 1507 εἷς
1089 1431 1194 1516 ψιλὸν

77 1529 135 1596 διὰ
162 1525 323 1597 καλλίονα
350 1525 464 1619 φωνήν
492 1530 588 1595 Eust.
618 1529 696 1607 650,
728 1529 778 1593 17.
808 1538 841 1594 et
862 1530 942 1596 EM.
968 1529 1041 1607 758,
1063 1531 1115 1596 23.
1138 1532 1194 1615 qui

77 1630 164 1695 idem
193 1629 288 1694 sliam
315 1630 402 1694 uam
423 1639 526 1708 tentat
547 1631 607 1695 sed
628 1631 735 1696 minus
761 1629 1052 1696 commendabilem
1072 1624 1201 1720 τιθήνη

77 1731 172 1817 παρὰ
205 1730 262 1799 τὸν
293 1728 412 1798 τιτθόν
445 1725 602 1820 ἀποβολῇ
635 1736 697 1799 τοῦ
730 1718 760 1799 v'.
820 1727 1003 1813 Κόσκνλμα
1034 1734 1194 1800 neeman

77 1833 164 1897 idem
191 1832 321 1896 videtur
347 1841 446 1916 atque
479 1828 611 1915 σκύλμα
639 1854 660 1895 s
684 1830 823 1900 σκύλλω.
868 1829 1034 1900 Κόσκννον
1055 1833 1193 1900 fortasse

78 1928 148 2000 siud
177 1937 238 2000 τοῦ
255 1936 367 2000 cussis
395 1941 545 2018 correpto
571 1931 639 1996 iota
659 1943 695 1997 ut
714 1931 832 2013 σκίναξ
852 1942 885 1997 et
905 1930 1081 2014 ἆκίναγμα.
1125 1940 1196 2000 Κο-

76 2034 187 2112 χυδεῖν
213 2027 389 2115 ὖπερχέειν
410 2032 493 2097 Hcs.
517 2032 658 2098 Guictus
687 2056 706 2096 a
726 2029 795 2114 χύω
816 2033 926 2112 χοδεῖν
948 2031 1081 2095 ductum
1102 2043 1197 2118 putat

78 2132 194 2196 addita
225 2131 499 2219 reduplicatione;
536 2135 587 2197 ea*
606 2143 692 2197 certe
716 2153 785 2196 non
814 2132 959 2214 sejuncta
988 2143 1037 2195 est
1063 2130 1105 2197 ab
1135 2134 1196 2199 ad-

76 2230 191 2297 verbio
216 2231 310 2314 κοχὺ,
340 2234 430 2320 quod
452 2230 642 2317 Hesychius
665 2222 754 2299 πολύ
782 2232 1011 2318 interpretatur
1034 2243 1071 2298 ut
1093 2231 1196 2318 Χύμα
1284 2245 1291 2257 “

80 2334 159 2416 (sie)
181 2334 392 2422 usnemu).

163 2437 188 2519 ξ.
210 2434 242 2500 5.
287 2434 390 2518 Quod
417 2445 518 2501 restat
538 2433 696 2500 sermonis
718 2433 975 2500 consumendum
997 2434 1059 2498 erit
1078 2434 1112 2500 in
1133 2459 1193 2500 no-

78 2535 235 2614 minibus,
265 2558 351 2621 quae
378 2558 446 2601 non
476 2558 496 2600 a
526 2535 631 2601 verbis
658 2535 717 2600 sed
743 2534 784 2600 ab
807 2534 879 2600 aliis
901 2534 1012 2620 potius
1038 2537 1195 2601 orationis
1277 2615 1279 2618 Α

78 2635 227 2722 partibus
248 2636 397 2723 profecta
415 2635 575 2702 videntur.
619 2637 688 2706 Sed
714 2635 771 2701 hic
800 2636 894 2722 plura
923 2635 1019 2701 etism
1041 2659 1140 2723 quam
1160 2638 1196 2704 in

79 2737 189 2823 priore
216 2747 311 2824 parte
336 2738 552 2803 intercursant
573 2737 728 2824 ambigua
750 2747 783 2802 et
803 2736 992 2824 opinabilia.
1032 2732 1194 2826 Ἀγαγύρ-

78 2862 138 2921 της
161 2833 305 2922 ἀγύρτης
324 2839 407 2903 Hes.
431 2838 529 2923 q'uod
549 2862 568 2904 a
588 2839 732 2926 perfecto
756 2831 941 2927 ἇνήγερμαι
963 2839 1052 2904 flexu
1072 2841 1195 2906 vocalis
1307 2872 1312 2883 =

80 2937 271 3003 distinctum
303 2948 363 3004 est.
417 2939 485 3005 Pro
510 2935 724 3018 ’Λπόλλωνος
753 2934 897 3025 ἇγαυγή,
929 2940 1020 3023 quod
1046 2942 1125 3007 EM.
1154 2965 1196 3007 ex

21 3081 25 3085 -
79 3038 197 3122 ignoto
221 3048 321 3124 poeta
341 3039 444 3120 affert,
464 3040 636 3107 Heckerus
658 3041 693 3104 in
715 3037 843 3104 Gallim.
865 3060 898 3123 p.
922 3038 993 3102 118.
1017 3040 1195 3126 probabili-

79 3152 130 3201 ter
151 3136 285 3223 corrigit
306 3134 452 3229 ἆπανγή.
490 3138 659 3224 Ἀνόνητα
678 3135 835 3204 Mercurii
862 3157 1046 3221 cognomen
1068 3142 1125 3226 qui
1145 3142 1196 3207 in·

78 3238 250 3324 terpretati
278 3249 354 3305 sunt
380 3236 629 3326 θεραπευτικόν
650 3238 718 3303 sive
740 3233 880 3327 ἂκεστήν
901 3237 1013 3305 Schol.
1037 3241 1076 3307 ll.
1096 3242 1195 3310 XVI.

80 3339 153 3403 785.
185 3339 283 3404 deum
310 3341 473 3407 medicum
496 3338 632 3424 intelligi
658 3339 845 3419 voluerunt,
873 3341 979 3426 qualis
999 3344 1124 3431 Apollo
1147 3357 1198 3410 est

72 3436 227 3519 Ἀκέσιος
249 3452 281 3505 ct
297 3436 474 3527 Ἀκέστωρ,
499 3441 558 3506 sed
573 3464 690 3529 parum
707 3440 896 3529 probantur.
912 3439 1057 3510 ’Λκακιά
1082 3447 1196 3513 eadem

79 3534 215 3606 ἶὶκανθα
246 3541 364 3627 dicitur
391 3551 423 3606 et
452 3537 604 3621 ἄκανθος
632 3553 670 3607 ut
698 3565 717 3607 a
745 3541 944 3608 nostratibus
967 3544 1193 3628 Stucbelbuum,

149 3761 196 3830 28)
217 3755 369 3833 Κρῦφαλος
388 3760 538 3832 aliquoties
556 3760 688 3815 scribitur
707 3765 739 3813 ut
756 3758 920 3832 Κραηάλεια
938 3761 967 3818 in
986 3766 1049 3820 cod.
1064 3765 1194 3839 Thucyd.

78 3845 102 3898 1.
115 3845 173 3898 105.
186 3861 240 3917 per
250 3844 356 3900 vitium.
382 3844 467 3909 Quod
478 3845 666 3901 Doederlinus
682 3846 718 3898 de
729 3845 851 3919 Redupl.
864 3849 923 3903 121.
939 3848 1007 3904 dicit
1021 3850 1197 3924 κεκρύφαλον

79 3948 97 3982 a
115 3948 158 3985 me
176 3932 329 3986 barbarum
346 3931 456 3997 vocari,
480 3930 612 4001 equidem
632 3949 689 3986 non
715 3934 750 3986 de
772 3934 826 3988 hoc
849 3934 983 4008 loquutus
1002 3954 1063 3989 sum
1086 3938 1138 3989 sed
1158 3936 1195 3988 de

81 4019 207 4086 Κέκροψ.

147 4101 195 4169 21)
214 4102 293 4156 Idem
312 4101 389 4172 λὀχύ
410 4102 437 4157 δ’
460 4104 533 4175 ἔρρει
555 4100 624 4171 μετὰ
651 4098 749 4176 ψόρον
774 4109 819 4158 καὶ
843 4103 958 4175 λάβρως.
993 4100 1068 4158 Hinc
1092 4100 1199 4174 κοχύζω

78 4195 176 4241 natum
195 4195 252 4253 est,
275 4190 354 4258 qnod
370 4188 531 4243 Meinskius
550 4190 678 4244 Strsttidi
695 4190 817 4244 restituit
835 4188 899 4243 Vol.
913 4188 950 4242 11.
966 4189 1024 4241 788.
1043 4191 1123 4245 stab
1141 4191 1197 4248 hoc

77 4273 199 4344 amplius
216 4276 347 4345 νοχνδεῖν
364 4284 396 4330 ut
412 4277 510 4348 ἐρίζειν
528 4272 735 4351 leodiensem.
792 4279 796 4286 '
