2736 4778
179 349 255 427 ,ος
475 339 795 408 ursssssfflo
817 339 865 405 rt
908 340 949 406 P.
971 339 1009 407 s·
1092 398 1096 403 .
1213 396 1216 401 ,

179 553 247 598 uon
261 525 477 614 componitur.
509 521 747 613 Κραναίρινος,
758 522 1006 613 κραυαιγόαλυς
1023 536 1057 590 at
1071 524 1126 592 ull.
1145 534 1205 593 aut
1221 546 1300 595 curu

181 629 306 718 κράτος
331 630 506 712 conjuncta
531 637 608 693 sumt
636 627 743 693 vocali
766 625 955 714 copulativa
988 627 1025 691 iu
1050 626 1300 716 diphthongum

179 743 305 800 munta
324 742 361 796 ut
383 727 604 812 πυλαιμάγος,
629 728 838 816 Θρβαιγενός
859 750 888 792 v.
904 728 949 792 nd
968 727 1050 793 Phr.
1071 728 1146 794 648.
1169 738 1244 808 aut,
1266 729 1298 796 si

178 836 235 902 illc
258 853 424 920 syncopae
450 829 567 906 cossit,
594 834 671 894 curn
695 824 859 911 κραταιός
881 839 919 894 ut
946 828 1174 917 νραιαιόχιιρ,
1201 831 1299 915 quod

178 935 356 1003 admodum
376 931 535 997 novitium
554 939 721 996 auctorem
731 928 843 1009 babet,
866 941 899 996 at
913 927 1152 1018 κραταιόγονος
1172 928 1297 1001 herbae

178 1038 326 1105 medicae
344 1055 468 1100 uomcu
488 1054 573 1118 quas
595 1031 713 1097 eudem
732 1030 912 1119 κράταιγος
927 1030 1189 1117 nominatur¹¹).
1220 1034 1296 1102 Vo-

179 1162 252 1207 cem
277 1135 460 1204 obsoletum
479 1133 630 1211 νέποδες,
653 1154 720 1218 qua
737 1127 905 1219 ἀπόγονοι
921 1132 1157 1219 significantur,
1177 1143 1212 1200 et
1229 1156 1296 1203 no·

178 1240 292 1305 vitiem
311 1234 483 1314 νεόποδες,
506 1255 572 1320 qua
593 1234 738 1301 stolones
760 1244 794 1299 et
813 1233 962 1321 pampini
983 1256 1025 1300 ex
1039 1234 1197 1323 pampino
1213 1235 1297 1317 nati,

178 1338 344 1408 Niclasius
368 1337 411 1402 ad
439 1335 574 1424 Geupp.
598 1337 660 1404 IV.
693 1337 730 1414 3,
762 1334 794 1400 6.
827 1346 996 1424 comparet
1028 1346 1186 1423 tanquam
1211 1346 1296 1405 con·

172 1445 304 1529 junctas
326 1450 359 1504 st
381 1459 635 1525 congemimus,
657 1436 749 1522 quod
769 1458 837 1503 uon
857 1437 1035 1503 absurdum
1055 1439 1220 1506 videbitur
1239 1461 1301 1508 re·-

177 1541 369 1634 putuntibus
391 1539 603 1607 mimantium
630 1539 848 1624 fruticumque
869 1539 1018 1606 subolem
1043 1540 1162 1607 iisdem
1182 1541 1297 1609 soceri

176 1643 364 1713 nominibus
387 1635 494 1723 ὄζους,
516 1637 648 1726 κόρους,
669 1632 796 1722 δ’σχους,
818 1636 973 1724 μόσχους.

260 1750 287 1830 ξ.
307 1745 342 1809 4.
383 1742 439 1809 Dc
466 1739 652 1807 nominibus
680 1741 793 1806 tertiae
822 1741 1047 1807 declinationis
1076 1756 1160 1827 quse
1185 1742 1295 1809 voculi

176 1846 391 1913 terminantur
409 1840 491 1906 nibil
512 1852 562 1906 est
583 1843 674 1926 quod
685 1843 843 1930 disputari
866 1843 986 1930 possit3
1006 1865 1083 1909 nam
1098 1841 1292 1932 γονυπετής,

175 1942 389 2033 μεθυδάτης,
420 1937 639 2032 δανρόῤῥοος,
667 1940 876 2032 φισυποιμήν
894 1967 963 2010 non
986 1966 1061 2010 cum
1083 1943 1235 2032 genitivis
1254 1945 1293 2012 in

175 2038 244 2129 ὣς,
267 2047 325 2133 qui
342 2068 385 2112 ne
405 2055 588 2131 suppetunt
608 2045 742 2130 quidem
763 2042 929 2127 omnibus',
959 2047 1108 2113 conserta
1133 2046 1292 2112 suntsed

175 2174 250 2217 oum
266 2146 403 2233 integris
418 2141 493 2232 γόνυ
507 2155 568 2212 etc.
587 2157 626 2211 ut
647 2142 839 2230 ἀστυνόμος,
863 2147 1063 2237 δορυφόρος,
1087 2143 1290 2236 circumsione,

175 2247 389 2335 δασόμαλλος
411 2255 472 2312 etc.
515 2248 640 2315 Verum
667 2248 756 2313 haud
783 2268 891 2334 pauca
920 2248 1061 2313 dicendo
1088 2259 1164 2314 suut
1185 2249 1227 2314 de
1248 2248 1290 2314 iis

175 2372 261 2438 quae
281 2348 317 2415 in
343 2370 521 2415 consonam
549 2360 669 2416 exeunt
694 2348 747 2413 vel
775 2349 933 2435 liquidem
961 2350 1013 2415 vel
1040 2348 1156 2437 sigma.
1199 2347 1289 2416 lllius

172 2452 302 2542 generis
317 2451 482 2539 duplicem
498 2461 646 2516 namnum
657 2449 808 2536 designat
822 2450 903 2515 ΕΜ.
913 2450 988 2515 576.
1004 2448 1288 2539 μελαγχροίηςίῑ)

172 2553 270 2640 παρὰ
291 2552 330 2620 τὸ
351 2554 457 2637 μέλαν
477 2542 499 2636 ἢ
519 2550 691 2628 σύνθεσις·
717 2551 755 2616 τό
787 2549 825 2617 δὲ
848 2550 1135 2637 γιελανονσεέρυγες
1157 2552 1216 2618 καὶ
1245 2550 1288 2619 τὰ

172 2654 278 2740 ὅμοια
300 2651 397 2739 παρὰ
418 2650 477 2738 τὴν
493 2652 635 2734 μέλανος
656 2649 800 2740 γενικὴν,
824 2650 906 2729 dicre
930 2657 977 2740 πῆ
1002 2651 1062 2737 μὲν
1078 2652 1137 2742 τὴν
1161 2655 1289 2744 γενικὴν

172 2752 402 2838 λαμβάνουσιν
431 2748 478 2830 ὡς
501 2749 540 2817 τό
565 2748 801 2838 μελανόχροες,
832 2757 882 2841 πῆ
905 2752 942 2820 δὲ
969 2752 1008 2821 τό
1038 2750 1215 2841 οὐδέτερον
1241 2750 1289 2835 ὡς

172 2855 211 2923 τό
234 2850 466 2942 μελαγχαίτης.
510 2852 580 2920 Sed
602 2852 657 2919 hic
678 2852 760 2917 alius
781 2853 838 2939 qui
860 2854 1023 2921 intercinit
1042 2855 1077 2921 in
1098 2857 1171 2922 cod.
1186 2858 1285 2925 Voss.

171 2951 396 3042 μελαγχαίτης
413 2947 484 3022 άπὸ
506 2958 567 3041 τῆς
586 2957 715 3042 γενικῆς
736 2952 822 3020 κατά
845 2952 1024 3046 συγκοπήν.
1067 2959 1181 3042 Atque
1202 2956 1288 3024 huuc

172 3057 243 3125 sine
273 3055 373 3124 dubio
401 3057 555 3144 praetulit
579 3066 692 3121 auctor
719 3055 853 3122 cunonis
882 3056 916 3121 in
943 3058 1024 3123 EM
1054 3059 1134 3137 810,
1163 3059 1216 3124 53.
1243 3056 1287 3125 τά

171 3155 221 3238 εἷς
242 3152 450 3243 ἀμετάβολον
471 3155 612 3246 λήγοντα
634 3155 778 3225 οόνθετα
799 3157 886 3226 κατὰ
908 3161 968 3247 τὴν
1000 3153 1100 3250 ἀρχὴν
1123 3153 1287 3228 οὐδέποτε

171 3253 243 3328 άπὸ
270 3254 408 3335 εὐθείας
435 3256 631 3324 συντίθεται
660 3249 735 3325 ἀλλ’
765 3254 836 3327 άπὸ
866 3265 1007 3348 γενικῆς,
1043 3259 1284 3350 φρενοβλαβής,

169 3355 368 3448 χειροήθης,
410 3357 502 3441 cujus
540 3358 777 3423 consectarium
806 3371 855 3424 est
889 3384 1007 3425 nomen
1037 3360 1239 3451 γρὲμπαρος
1266 3355 1284 3426 ὃ

169 3458 387 3548 βλαψίφριυν,
411 3459 503 3545 quod
524 3458 693 3543 Hesychio
715 3459 841 3524 restitui
867 3483 927 3546 pro
952 3458 1212 3548 ιγρεμπάρωσις,
1244 3483 1286 3526 ex

169 3558 385 3648 φρενόπηρος
406 3571 609 3626 contractum
628 3580 722 3636 essc3
744 3558 827 3624 hacc
849 3561 935 3625 enim
955 3574 1005 3626 est
1025 3562 1188 3648 vulgatior
1207 3586 1284 3649 syn·

171 3657 272 3723 thesis
291 3660 375 3724 ratio
397 3673 431 3726 ct
451 3660 547 3746 hujus
570 3660 710 3726 nominis
735 3672 768 3725 et
788 3661 940 3727 similium
962 3658 1205 3751 φρενοπληγής,
1227 3689 1285 3729 κυ-

168 3754 352 3846 νοθαρσής,
374 3758 597 3848 χθονογιγθής,
621 3759 810 3848 χιονόχρως,
831 3763 1029 3851 τερενόχριυς
1044 3775 1106 3830 ato.
1132 3764 1186 3829 Ita
1205 3787 1284 3851 pro-

224 3948 270 4016 1¹)
283 3947 412 4003 Eustath.
428 3945 503 4010 1938,
520 3948 547 4001 2.
558 3943 627 4000 κατά
639 3942 688 4012 τὴν
705 3943 831 4016 τεχνικὴν
847 3944 1005 4016 παράθεσιν
1016 3945 1151 4018 ἀναλογεῖ
1166 3952 1198 4023 τῇ
1215 3966 1284 4005 συν-

169 4037 249 4088 θέσει
262 4034 311 4089 τοῦ
322 4031 511 4105 κραταίπεδον
523 4028 552 4086 τό
564 4036 729 4104 κραιαίβιος,
741 4036 933 4106 murcinctus,
942 4039 1121 4104 κραιαίεονος
1132 4036 1200 4105 (scr.
1213 4053 1285 4106 κρα-

169 4123 217 4171 ταί
298 4159 305 4173 ,

214 4119 410 4302 γλξζςθοδεια
422 4210 539 4258 accentu
552 4221 581 4274 p.
596 4202 654 4268 tlt,
675 4203 715 4256 ll.
728 4199 885 4277 μελαγχρὴς
895 4201 951 4258 sind
971 4206 1019 4260 ruri
1035 4206 1206 4276 μελαγγρίηε
1218 4204 1283 4273 (εἰσ)

169 4301 316 4358 ουνίκονιιχ.
