2736 4778
204 336 268 407 Du
288 334 560 409 PARATHESI
580 332 642 405 ΕΤ
666 331 940 407 SCRIPTUM
963 331 1002 405 Ο.
1014 334 1042 405 Ι.
1063 340 1091 426 ξ.
1103 338 1133 408 1.
1161 344 1235 421 545

126 522 310 638 δοιοριίτων
332 536 393 594 etc.
415 547 446 591 v.
465 527 558 592 Bast.
573 523 682 610 Epist
698 546 732 612 p.
743 522 795 588 22.
827 521 945 608 Itaque
966 525 1114 609 quaestio
1131 528 1236 596 omnis

127 643 310 711 continetur
337 645 373 710 in
399 641 567 710 vocabulis
594 663 679 728 quae
705 663 746 707 ex
779 639 909 709 duobus
934 640 1070 728 integris
1088 656 1239 713 constant

125 747 215 812 velut
229 740 331 835 ’Ἄρηι
362 745 463 831 φίλος
490 754 523 812 et
542 739 754 830 Ἀρηίφιλος,
784 765 924 828 quorum
943 754 1116 830 utrumque
1135 746 1239 834 signin

126 848 312 936 suppositis
338 846 538 933 distinguere
565 844 655 910 haud
684 842 725 909 ab
754 866 791 910 re
820 858 889 911 erat
909 844 1016 912 donec
1037 848 1239 915 consuetudo
1315 869 1322 878 ·

125 950 233 1015 tenuit
254 960 292 1015 ut
313 947 472 1016 vocabula
488 968 596 1034 neque
615 944 789 1012 intervallis
815 946 1113 1015 discriminarentur
1132 971 1242 1037 nequo

128 1074 191 1117 suo
222 1052 378 1137 quodque
406 1061 541 1117 accentu
569 1057 601 1115 et
626 1046 743 1136 spiritu
769 1047 1031 1115 inscriberentur.
1073 1050 1119 1116 Et
1140 1049 1241 1118 bodie

128 1174 264 1238 quoquo
285 1174 385 1239 saepe
404 1150 441 1216 in
462 1148 595 1217 dubium
613 1150 702 1216 venit
716 1159 899 1217 utrumnam
917 1174 1014 1219 casus
1035 1161 1144 1218 rectus
1166 1174 1241 1219 cum

126 1251 279 1338 obliquo,
310 1275 407 1338 quem
433 1252 536 1340 regit,
561 1261 595 1319 et
619 1252 857 1319 substantivum
885 1276 959 1320 cum
978 1252 1157 1339 adjectivo,
1186 1254 1240 1321 cui

127 1354 288 1440 subjacet,
317 1354 364 1421 ito
392 1365 480 1421 arcte
506 1352 704 1421 cohaereant
729 1364 767 1421 ut
794 1377 862 1422 uno
883 1365 997 1422 tenore
1018 1355 1240 1423 continuanda

129 1478 260 1542 unoque
290 1466 427 1523 accentu
457 1455 605 1542 regenda
635 1457 710 1522 sint.
763 1457 859 1523 Haec
885 1456 1034 1541 quaestio
1061 1467 1099 1522 ut
1125 1457 1240 1545 ordine

130 1556 311 1645 explicetur
328 1557 468 1647 primum
486 1557 688 1625 substantiva
704 1556 900 1624 enumerabo
917 1580 1003 1643 quae
1019 1557 1139 1624 arctius
1156 1560 1242 1627 inter

128 1681 166 1725 se
198 1680 345 1727 connexa
374 1670 467 1740 sunt,
506 1669 576 1725 tum
607 1659 768 1745 adjectiva
799 1658 1008 1728 substantivis
1040 1661 1239 1748 praeposita,

127 1771 296 1847 postremo
325 1761 368 1828 ds
395 1762 512 1831 ceteris
541 1761 697 1830 orationis
723 1761 872 1850 partibus
901 1760 1055 1847 adjiciam
1082 1774 1241 1848 quantum

127 1885 213 1950 opus
235 1860 408 1932 videbitur.

600 2166 712 2237 CAP.
739 2166 768 2237 1.

357 2320 409 2396 De
437 2324 679 2423 conjunctione
705 2324 1006 2398 substauteborum.

213 2537 240 2620 ς.
260 2536 293 2600 1.
336 2530 497 2601 Ordinem
518 2533 771 2600 declinationum
792 2533 942 2620 sequenti
959 2534 1099 2621 primum
1118 2545 1170 2601 est
1185 2558 1239 2603 ce·

126 2634 218 2703 lebre
238 2634 449 2725 Hellesponti
477 2658 614 2715 nomen,
643 2637 735 2722 cujus
762 2635 908 2702 meminit
932 2636 1013 2703 ΕΜ.
1035 2634 1114 2717 245,
1140 2636 1170 2705 8.
1198 2635 1241 2707 τὰ

127 2736 167 2804 ἐκ
193 2732 253 2803 δύο
280 2732 414 2804 τελείων
437 2734 632 2826 συγκείμενα
656 2732 676 2826 ἢ
705 2732 773 2806 ἀπὸ
798 2730 936 2816 εὐθείας
956 2733 1146 2807 συντίθεται
1168 2731 1240 2807 οἷον

127 2833 317 2926 ἑιοςφιίρος,
346 2833 368 2925 ἢ
396 2830 467 2907 ἀπὸ
496 2842 626 2925 γενικῆς
647 2834 871 2925 οὗὸενιίςιορα,
887 2832 1136 2925 (Ελλήςποντος.
1179 2839 1241 2905 Illa

127 2938 301 3004 manifesto
330 2937 482 3023 syntheta
509 2949 601 3018 sunt,
633 2937 697 3004 hoc
725 2938 815 3003 nullo
844 2936 961 3013 modo,
993 2958 1101 3022 neque
1128 2937 1166 3001 id
1193 2940 1241 3006 sic

129 3039 262 3128 scripsit
283 3039 482 3128 Apollonius
504 3060 544 3105 eo
565 3039 659 3117 loco,
681 3061 779 3124 quem
799 3036 910 3124 paullo
930 3046 1007 3121 post
1032 3040 1058 3121 ξ.
1081 3038 1112 3103 3.
1135 3060 1241 3126 appo·

127 3164 222 3221 nam,
250 3140 310 3206 sed
334 3140 470 3208 vocibus
497 3140 672 3229 separatis,
699 3138 790 3227 quod
811 3135 1016 3224 Stephanum
1039 3159 1172 3224 quoque
1192 3140 1241 3207 ie·

128 3244 215 3311 cisse
236 3253 374 3331 apparet
392 3266 434 3309 ex
451 3240 612 3331 appositis
623 3235 862 3329 Ἑλλήσποντος
883 3234 1016 3329 (Ἕλλης
1036 3237 1089 3323 τε.)
1112 3231 1132 3327 ἡ
1150 3235 1242 3325 χοίρα

127 3345 187 3412 καί
208 3341 449 3434 (Ελληοιτοντία
475 3343 532 3412 καὶ
554 3337 801 3431 Ἑλλησποντίς·
831 3334 903 3439 ἔστι
929 3334 962 3407 δ’
993 3332 1063 3408 ἀπὸ
1093 3339 1153 3407 δύο
1176 3339 1240 3427 (ἓν)

127 3443 342 3532 παρηγμένον
370 3441 418 3523 ὡς
443 3437 531 3529 παρ’
555 3437 713 3510 Ὠκεανόν
739 3436 1022 3529 Παρωκεανίτης,
1053 3439 1147 3526 παρὰ
1173 3465 1241 3510 πο·

127 3550 225 3634 roupi
247 3542 527 3632 Παραποτάμιος.
571 3542 659 3610 Illud
680 3552 716 3609 ut
735 3539 799 3609 hoc
819 3541 894 3609 loco
916 3542 962 3607 ita
986 3541 1154 3629 permultis
1170 3543 1240 3609 aliis

123 3643 365 3737 Ἑλλήσποντος
382 3643 532 3714 scribitur
554 3646 615 3713 sed
636 3642 810 3730 syntbeton
829 3643 894 3710 dici
914 3642 1029 3730 nequit
1049 3643 1127 3731 quia
1147 3645 1241 3733 geni·

129 3749 214 3814 tivus
236 3747 361 3836 primae
383 3748 608 3816 declinationis
630 3769 738 3833 neque
763 3768 836 3812 cum
856 3745 984 3837 integro
1002 3747 1133 3815 nomine
1151 3771 1241 3815 com·

129 3850 264 3940 ponitur
281 3870 389 3936 neque
406 3873 480 3918 cum
496 3859 649 3939 corrupto
665 3848 729 3915 nisi
745 3858 870 3915 mututa
885 3848 1121 3916 terminatione
1155 3849 1241 3935 syn·

128 3953 245 4019 theton
265 3952 350 4019 foret
366 3947 598 4031 Ἑλλόποντος·
624 3950 708 4017 illud
733 3972 810 4018 vero
837 3951 927 4019 haud
952 3951 1045 4017 uliter
1068 3951 1243 4035 figuratum

129 4066 181 4120 est
203 4076 302 4140 quam
326 4074 412 4139 quas
434 4063 552 4142 poetae
569 4052 716 4119 variandi
738 4074 838 4118 musa
858 4052 1094 4119 substituerunt
1119 4046 1245 4129 πόντος

119 4153 240 4242 Ἕλλης
270 4154 438 4243 Lycophr.
473 4154 565 4222 1285.
593 4168 694 4242 pooto
722 4157 761 4222 ob
786 4156 890 4223 Helles
914 4154 1010 4218 Poet
1042 4173 1094 4237 op.
1124 4146 1241 4218 Seneo.

181 4274 314 4325 uertet.
328 4276 418 4319 eruor.
994 4268 1037 4337 35
