2736 4778
191 340 240 418 31
557 336 875 408 DISSERTATIO
908 334 937 405 Ι.

191 525 342 613 robigine
370 525 513 591 obducta
544 537 594 590 est
619 536 656 590 ut.
676 525 770 611 origo
793 548 859 590 non
882 521 989 589 dicam
1009 522 1222 590 demonstrari
1243 521 1305 590 sed

191 627 247 693 vix
274 624 485 713 probabiliter
515 627 691 712 conjectari
719 626 835 713 possit
885 626 999 709 Quare
1025 626 1173 691 insistam
1193 626 1303 692 notio-

191 727 299 806 ribus,
329 750 466 813 quorum
494 751 562 794 non
583 728 723 814 amplius
745 738 821 792 sunt
841 728 996 813 quinque.
1038 727 1185 792 Primum
1206 720 1305 809 άσχε·

191 854 253 909 τος,
268 850 335 897 σου
356 830 394 896 τὸ
413 826 639 909 ἀκατάσχετον
660 828 842 914 significare
860 829 919 894 sed
937 828 1011 895 λίαν
1028 828 1177 911 σχέτλιον
1191 828 1304 893 neseio

193 954 257 1016 quo
280 941 471 1017 argumento
493 930 684 994 affirmatum
707 929 759 994 sit
801 929 873 994 Neo
892 929 988 994 video
1005 950 1063 994 our
1081 926 1175 994 labor
1194 929 1303 994 inlini·

192 1047 243 1099 tus
265 1044 299 1098 ot
321 1030 590 1118 inexsuperabilis
615 1031 680 1096 dici
698 1055 766 1098 nou
787 1031 893 1119 possit
911 1024 1067 1116 άτριιτος,
1095 1051 1195 1113 quum
1215 1030 1304 1095 idem

83 1155 98 1183 ⁸
193 1135 318 1200 dicatur
346 1132 450 1210 πόνος
476 1129 618 1220 ἀτειρής.
658 1129 806 1211 ’Ἇσκιος
824 1132 876 1197 vir
910 1131 1055 1197 eruditus
1088 1131 1256 1197 contendit
1285 1154 1305 1195 a

192 1236 337 1301 Pindaro
361 1233 506 1320 positum
527 1255 599 1299 esse
620 1257 681 1322 pro
703 1232 895 1312 πολόσκιος.
939 1233 1008 1302 Sed
1024 1232 1080 1298 illo
1096 1232 1171 1298 loco
1188 1232 1302 1300 acboll.

154 1420 161 1428 ·
194 1348 227 1402 et
256 1336 353 1401 codd
383 1335 531 1400 nonnulli
560 1335 698 1414 δάσκιος
724 1334 881 1423 praebent
908 1335 998 1421 quod
1018 1336 1226 1399 Hermannus
1249 1358 1302 1400 as·

194 1438 270 1503 citit
291 1438 326 1501 in
344 1436 436 1503 Diss.
462 1437 503 1502 dc
523 1436 621 1502 Pind.
644 1437 738 1502 Nem.
759 1436 819 1503 VI.
839 1460 872 1523 p.
894 1436 931 1502 7.·
947 1457 985 1500 ac
1006 1435 1034 1501 si
1055 1447 1154 1522 poeta
1174 1448 1303 1503 montes

192 1539 356 1605 Phliasios
388 1533 524 1616 άσκίοος
551 1538 744 1615 nominavit,
771 1550 880 1602 tamen
907 1559 1041 1603 necesso
1069 1560 1136 1603 non
1159 1550 1210 1604 cst
1231 1562 1302 1604 um-

192 1641 309 1706 brosos
337 1639 388 1705 vel
420 1640 502 1704 adeo
533 1638 796 1706 umbrosissimos
824 1638 981 1725 intelligi3
1007 1661 1082 1703 nam
1109 1639 1202 1704 multi
1229 1652 1306 1705 sunt

193 1755 319 1809 montes
343 1742 439 1807 nullis
458 1739 628 1806 arboribus
648 1741 757 1806 vestiti
781 1740 946 1826 hodieque
966 1739 1113 1806 nonnulli
1133 1741 1304 1807 nominan-

194 1855 247 1908 tur
267 1846 390 1909 Μοοιτα
415 1845 495 1908 tulvi
518 1844 738 1925 Καλλοοόττςτ,
764 1843 947 1918 chaumont,
967 1843 1082 1927 etjam
1100 1842 1177 1908 olim
1195 1843 1305 1911 πάντα

194 1945 234 2011 τὰ
260 1943 452 2028 ἐψιλωμένα
474 1936 537 2028 όρη
562 1941 692 2026 ἐλέγετο
709 1940 885 2027 Φαλάκραι
902 1942 1017 2030 Stepb.
1043 1968 1069 2008 s.
1090 1943 1122 2007 h.
1144 1966 1174 2009 v.
1197 1938 1307 2030 άφάλ·

194 2047 299 2112 λιστον
327 2044 452 2128 πέτραν
477 2035 636 2128 ι’όότνόρον
666 2044 843 2130 Σοφοκλῆς
863 2044 946 2110 Hes.
996 2045 1034 2112 Si
1054 2067 1131 2110 vero
1155 2044 1202 2108 illi
1224 2045 1308 2109 silva

193 2145 355 2212 incaedua
374 2144 473 2211 obsiti
493 2144 593 2220 luere,
615 2143 666 2208 vel
687 2143 734 2208 sic
756 2137 869 2211 όσιιιοι
890 2146 1000 2211 vocari
1020 2157 1206 2234 potuerunt,
1228 2145 1308 2231 quia

195 2247 265 2313 sine
290 2245 364 2310 luce
390 2245 505 2311 umbra
533 2245 621 2310 nulla
649 2256 715 2322 est,
741 2245 780 2310 τὸ
808 2246 871 2331 γάρ
894 2245 1133 2325 σκότοςσκιάν
1154 2241 1215 2313 οὐκ
1237 2244 1307 2328 ἔχει

196 2348 299 2416 Clem.
328 2347 447 2417 Strom.
478 2348 520 2413 V.
547 2345 620 2412 568.
651 2346 696 2411 A.
726 2368 825 2433 quare
855 2347 1030 2414 sublustris
1056 2348 1193 2425 lumina,
1220 2369 1306 2433 quae

194 2451 271 2517 luna
294 2472 430 2516 nascens
453 2448 586 2536 spargit,
609 2446 859 2535 Tryphiodonn
891 2443 1011 2516 άσκιον
1038 2443 1138 2531 άχλάν
1157 2461 1254 2515 vocat
1273 2472 1304 2513 v.

194 2552 268 2619 517.
312 2552 368 2620 Sic
391 2550 487 2616 etiam
508 2550 572 2615 dici
594 2551 702 2637 potuit
714 2546 851 2628 ’Άσκιος
873 2545 892 2638 ἡ
917 2552 1036 2619 δασεῖα
1060 2548 1122 2637 ὕλη
1139 2551 1222 2616 Hes.
1240 2550 1306 2616 nisi

196 2664 351 2718 consueto
373 2673 482 2718 errore
506 2651 594 2716 delta
614 2652 769 2717 omissum
793 2662 858 2727 ταῖς
883 2674 959 2717 nam
980 2649 1116 2730 δάσκιος
1137 2651 1199 2739 ι’όλη
1221 2651 1306 2738 lagi-

196 2764 248 2816 tur
270 2751 360 2836 opud
380 2752 579 2827 Homerum,
602 2751 762 2833 Quintum
782 2753 810 2817 Ι.
831 2752 905 2818 536.
928 2765 961 2818 et
982 2752 1073 2818 alios.
1116 2752 1184 2819 Pro
1205 2747 1307 2820 όστσ·

197 2876 253 2930 νος
273 2852 307 2915 iu
327 2849 484 2935 Aeschyli
503 2850 577 2916 loco
596 2873 683 2916 nunc
704 2853 833 2918 acodd.
851 2853 1031 2942 repositum
1051 2863 1101 2919 est
1117 2849 1306 2932 ναόστσλος.

193 2945 365 3031 Ἀχόνιτον
397 2949 501 3034 ὕδωρ,
531 2951 621 3035 quod
643 2951 753 3020 Schel.
777 2954 850 3021 Nic.
872 2956 927 3020 AL
955 2955 1027 3020 174.
1050 2954 1234 3037 πολύχυτον
1254 2954 1305 3020 in·

199 3061 391 3137 terpretatur
412 3062 445 3117 et
467 3049 578 3120 Sobel.
599 3053 712 3141 Apoll.
732 3076 806 3120 cum
827 3053 961 3142 νήχυτον
981 3055 1120 3132 confert,
1142 3076 1209 3120 nou
1230 3056 1307 3143 plus

200 3152 279 3218 dicit
297 3174 392 3236 quam
414 3152 493 3240 χυτὴ
523 3154 682 3224 θάλασσα
703 3155 805 3221 Anth.
828 3155 888 3224 VI.
910 3156 1026 3240 tow)
1056 3168 1090 3222 et
1110 3152 1192 3233 ἁλός
1211 3156 1307 3238 χόσις

200 3253 346 3339 Oppian.
367 3252 444 3319 Hal.
465 3254 526 3321 IV.
547 3256 620 3321 338.
652 3268 688 3321 ut
713 3257 811 3322 latina
840 3279 971 3341 quoque
991 3261 1083 3343 [σιντ
1104 3256 1223 3323 dicitur
1244 3279 1306 3343 pro

199 3354 337 3420 diffusus
367 3365 401 3417 et
426 3353 491 3418 lata
518 3355 619 3420 lusus.
662 3355 794 3440 Itaque,
823 3355 978 3439 quoniam
996 3356 1128 3440 χυνετός
1149 3357 1308 3424 indictum

199 3467 258 3533 est,
281 3451 434 3537 ἀχόνετσς
456 3452 554 3539 alpha
573 3455 777 3521 formativum
800 3453 919 3521 habere
946 3460 1130 3536 statuimus,
1158 3482 1226 3526 non
1254 3459 1310 3524 in-.

199 3556 354 3623 tentivum
383 3566 419 3618 ut
445 3554 509 3619 illis
529 3556 671 3632 videtur,
698 3577 759 3619 nec
787 3554 1030 3641 pleonasticum.
1072 3561 1170 3626 Nunc
1190 3559 1246 3627 illa
1263 3561 1309 3627 ad

198 3670 306 3748 partos
334 3654 458 3722 vocabo
482 3678 565 3742 quae
585 3659 800 3723 Buttmannus
820 3656 961 3727 Gramma
983 3660 1029 3727 11.
1051 3662 1125 3729 467,
1153 3673 1307 3750 tanquam

198 3759 377 3827 certissima
403 3757 515 3823 literae
542 3757 717 3822 intentivae
752 3756 943 3826 documenta
979 3764 1135 3850 proponit
1169 3761 1306 3853 ἀκηδής.

199 3859 384 3948 άσττερχής,
406 3853 564 3945 άσκελὴς,
586 3851 720 3944 deestis,
745 3853 875 3946 ἀχανής.
917 3862 1045 3928 Horum
1066 3864 1205 3950 primurn
1225 3886 1306 3930 mrs-

238 4027 295 4099 Ι311)
308 4031 364 4089 Hic
379 4027 494 4085 Paullus
508 4023 608 4080 Silone
627 4021 753 4078 celebrat
772 4019 897 4094 σπόγγον
912 4023 985 4089 άλὸς
992 4029 1135 4101 βλάστημα
1147 4034 1233 4103 χυτῆς
1249 4035 1308 4089 λετ-

198 4123 279 4189 μῶνα
296 4115 447 4186 θαλάσσης,
466 4111 540 4168 sicut
557 4116 659 4182 postas
676 4105 756 4161 latini
767 4108 868 4164 herbas
880 4120 1024 4181 pectantes
1034 4123 1126 4188 prata
1137 4125 1248 4174 vocant.
1271 4117 1307 4174 In

200 4203 326 4276 Μοῖρις»,
346 4202 369 4261 Ι,
387 4204 441 4276 Ep,
462 4200 500 4259 ΙΙ.
518 4191 661 4265 σπόγγους
675 4195 723 4246 καλ
742 4189 774 4245 τό
791 4194 821 4247 lx
839 4193 1114 4273 vicesimaprima
1132 4197 1264 4274 lolem
1275 4205 1314 4261 ἓν·

199 4287 362 4370 Εὐρυνόμης
373 4296 412 4354 εἰς
422 4292 529 4366 lpum
542 4279 722 4339 scribendum
734 4276 843 4335 videtur
854 4281 884 4335 ἐν
895 4278 1056 4356 Εὐρυνόμης
1067 4288 1191 4356 λειμῶνι.
