2736 4778
276 366 446 434 nnctmi
465 365 525 431 no
544 365 691 431 ornan.
713 353 965 432 1111111111,
1009 367 1082 450 §a
1174 365 1236 429 ooo

122 531 196 596 dem
216 529 352 596 artificio
381 530 423 594 od
443 529 586 610 reguiam
606 534 807 608 revocarent,
838 528 1005 610 Pythiique
1037 526 1121 591 iilius
1154 525 1240 607 apud

121 633 238 698 Herod.
260 632 322 698 VII
338 631 401 696 220
424 625 505 698 doro
528 630 684 712 ἐρικυδὲς,
707 632 758 696 cui
778 630 920 696 noanmli
941 628 1129 710 aphaeresin
1151 627 1240 691 adhi-

121 735 210 800 hent:
235 729 317 802 doro
336 731 487 821 ’ρικυδέρ
515 736 562 799 hc
581 733 710 816 propius
733 732 829 796 etism
850 732 912 797 huc
934 731 1086 796 accedunt
1096 730 1241 808 vocativi,

121 839 175 918 qui
197 839 230 901 in
251 837 341 903 libris
356 837 488 903 obscure
500 841 633 918 serpunt
643 835 756 917 stigma
768 835 921 899 distincti:
944 829 1095 914 βουκόλε,
1120 831 1236 898 inci-

123 938 180 1003 Od.
203 938 265 1004 XX
286 940 351 1005 227
370 941 406 1004 in
424 940 522 1019 Fica,
556 937 627 1001 Alo
656 941 691 1001 ot
712 936 809 1002 ochoi.
829 936 865 1002 Il.
888 936 935 1002 xl
956 934 1018 1001 411
1043 940 1077 1000 et
1101 936 1241 1016 Γλαῦκε,

123 1036 264 1123 δρα-ἰιι
284 1041 462 1107 Archilochi
483 1043 670 1106 tetrametro
690 1029 747 1104 Fr.
765 1039 843 1103 xlx
864 1037 951 1122 [LVI
974 1037 1091 1120 Bergln
1111 1036 1167 1121 11],
1202 1035 1240 1101 ci.

123 1141 350 1208 Schneidewin.
358 1143 400 1208 ad
409 1134 499 1208 Eust.
511 1142 652 1206 Proocm.
664 1139 714 1207 45.
738 1139 801 1206 Sed
813 1159 922 1206 eorum
934 1140 1074 1205 omnium
1084 1140 1242 1220 scriptura

124 1244 334 1310 incertissimo
346 1249 508 1325 estneque
522 1244 645 1309 mentio
662 1240 700 1308 dt
719 1261 742 1307 a
755 1243 970 1324 grammaticis
981 1260 1092 1308 versus
1104 1265 1241 1328 προκοι-

124 1343 219 1422 1ίρυς
238 1346 555 1411 comminiscentibus.
596 1345 702 1410 Nihilo
725 1349 831 1410 umen
854 1346 966 1425 secius,
989 1345 1055 1410 nisi
1071 1345 1148 1409 illud
1169 1344 1240 1408 Ari·

124 1446 243 1511 starchi
255 1448 419 1513 consilium
442 1449 484 1514 od
505 1466 617 1513 omnes
636 1447 814 1512 huiusmodi
836 1448 920 1513 locos
941 1445 1171 1526 nansierimus,
1193 1447 1240 1511 di-

122 1549 221 1629 scidii,
245 1549 284 1614 de
307 1551 453 1630 quoiam
475 1551 531 1616 diu
542 1550 663 1632 honor,
684 1549 888 1631 componendi
900 1567 972 1630 spes
984 1549 1159 1614 obiiciendo
1170 1548 1241 1614 erit.

207 1685 225 1770 1
248 1682 277 1749 5.
321 1685 722 1767 Alteraeliaionisapecics,
745 1702 808 1766 quo
828 1685 979 1750 vocalis
1001 1684 1077 1766 dep
1087 1685 1240 1750 ascitur

122 1785 213 1850 initi
222 1786 312 1866 olis,
325 1788 485 1867 pernotuit
496 1786 638 1869 exemplo
644 1786 811 1853 Homerico
824 1780 968 1873 μήτεσδ,
983 1779 1238 1874 Πηλει’δρ,”θελ’

123 1886 304 1972 ἐριζέμεναι
327 1888 364 1954 Il.
386 1890 402 1955 I
425 1892 496 1971 ott,
520 1891 566 1955 sic
588 1889 671 1954 onim
693 1886 766 1953 olim
789 1887 943 1954 edebatur
964 1908 1035 1954 cum
1051 1891 1240 1970 apostropho

122 1996 158 2054 ut
180 1985 201 2076 ἢ
220 1985 340 2069 ’κεῖνος
361 1991 393 2055 in
414 2009 518 2072 proso,
542 1991 599 2055 sed
620 1991 680 2055 hoc
700 1990 960 2070 interpunctionis
972 2008 1092 2073 expers.
1129 1992 1242 2058 Ethac

122 2091 248 2157 sublata
269 2093 409 2158 nonnulli
428 2093 623 2174 scripserunt
645 2091 728 2156 κατὰ
751 2095 873 2176 κρᾶσιν,
898 2099 934 2157 ut
945 2092 1143 2160 Herodianus
1156 2095 1241 2174 dicit,

122 2188 356 2281 Πρλείδῆδιλε
384 2201 515 2260 accentu
542 2194 715 2276 geminato,
752 2193 836 2276 quod
862 2210 961 2275 genus
988 2197 1138 2262 nonnulla
1158 2214 1242 2261 nuuc

118 2297 154 2361 dn
187 2296 406 2380 Aristophanis
439 2297 555 2362 fabulis
586 2296 734 2378 legimus:
759 2289 1017 2383 poncinum,
1059 2293 1240 2381 rotrodum,

123 2393 302 2488 οἰμώξᾶρα,
326 2391 509 2485 κλαδσῖίρα,
540 2398 597 2465 sed
619 2403 653 2463 et
674 2398 753 2463 haec
773 2396 885 2463 Wolfio
906 2400 1131 2482 propemodum
1154 2419 1241 2467 mon-

122 2506 249 2567 struoso
280 2502 427 2567 videntur
460 2505 493 2566 et
524 2519 586 2565 non
614 2488 768 2566 vexantur
794 2500 1045 2581 interpunctione
1068 2503 1241 2586 eademque

121 2608 237 2668 vacant
256 2603 426 2669 Homerica
448 2603 591 2684 exempla
612 2603 724 2668 crosis:
769 2601 815 2688 μὴ
835 2596 906 2683 ’μοι’
936 2599 1045 2687 σύγχει
1069 2606 1178 2688 topho
1202 2644 1238 2654 -

123 2710 156 2769 ot
177 2698 262 2790 ἢᾯί
288 2701 411 2791 ἀνάειρ’
436 2701 458 2792 ἢ
480 2696 546 2790 ’ἐγώ
568 2705 613 2785 σέ,
636 2723 717 2788 quoe
738 2702 995 2770 hodiedcreiicto
1009 2706 1132 2790 sunt*).
1154 2706 1241 2772 Wol-

122 2805 183 2872 fius
214 2807 269 2872 illo
294 2807 362 2874 loco
391 2806 555 2873 substituit
581 2808 744 2894 Πηλείδη,
782 2802 936 2872 11δεῖ-
972 2815 1112 2874 assumto
1142 2811 1242 2892 epsilo

122 2911 183 2975 isto
206 2910 391 2992 semipleno,
426 2910 465 2975 do
488 2913 551 2992 qno
572 2915 668 2975 antea
690 2909 762 2972 dixi.
806 2908 856 2972 Ea
876 2909 973 2989 igitur
993 2915 1082 2974 recta
1104 2928 1241 2993 veroque

122 3005 276 3078 nominari
287 3012 405 3093 poterit
415 3011 658 3094 synecphonosis
677 3015 711 3074 et
720 3010 794 3074 huic
804 3009 897 3090 plane
910 3010 1022 3074 similis
1036 3010 1170 3075 Acheru.
1178 3009 1241 3075 137

123 3108 304 3202 Εὐριπίδη,
330 3112 529 3201 ἐπειδήπερ,
564 3113 652 3178 cuius
673 3113 776 3177 locum
797 3128 898 3191 nuper
919 3111 1035 3176 invasit
1056 3112 1144 3177 elisio
1166 3107 1241 3192 sive,

122 3221 159 3280 ut
179 3216 306 3298 quidam
318 3221 438 3295 vocant,
461 3214 628 3296 prodelisio
649 3208 839 3299 ’πειδὴπιρ
855 3212 1051 3278 —Eundem
1063 3232 1133 3280 cum
1149 3234 1241 3284 voco·

122 3319 187 3383 tivo
208 3318 263 3384 illo
285 3319 404 3384 exitum
426 3318 523 3383 hahet
544 3316 699 3398 particulo
719 3312 775 3399 μή,
798 3318 893 3395 atque
915 3315 994 3380 haec
1015 3335 1241 3398 quoquevoca-

122 3420 205 3485 libus
227 3422 442 3502 praemittitur
464 3424 616 3502 sequente
643 3421 716 3499 post
736 3416 872 3497 stigmen
893 3417 1048 3496 particula
1074 3419 1124 3483 vel
1146 3437 1241 3501 nega·
1340 3497 1363 3517 p·

123 3523 202 3587 tiva:
225 3519 254 3588 ai
277 3523 313 3589 δὲ
335 3518 393 3608 μή,
417 3517 457 3588 ori
480 3521 565 3586 καλά
588 3515 838 3598 1111110111242,
866 3513 898 3582 'ai
919 3517 956 3584 dc*
977 3516 1043 3603 μή,
1079 3517 1118 3588 οὐ
1141 3517 1241 3611 iritum

123 3624 164 3689 ib.
187 3622 259 3704 254,
283 3620 312 3691 ai
336 3625 372 3691 δὲ
393 3621 449 3712 μή,
472 3618 511 3688 οὗ
535 3619 734 3705 σεσώσμεθα
756 3618 824 3701 Iph.
846 3619 884 3683 A.
896 3618 968 3700 916,
992 3618 1022 3687 εἰ
1044 3623 1081 3691 δὲ
1101 3621 1157 3711 μή,
1183 3624 1242 3691 ot'oc

124 3721 265 3808 ἐδσομερ
276 3724 537 3792 cormOheiidon.
549 3723 703 3805 inBerglc
712 3723 784 3804 Lyr.
800 3720 863 3786 883
877 3719 921 3806 [ρ.
936 3721 1016 3789 1035
1030 3744 1058 3790 v.
1074 3726 1111 3792 13
1124 3727 1172 3792 ed.
1184 3727 1241 3811 11],

123 3824 553 3915 νε1111111111111τεῖδὲμή,
567 3821 652 3894 citici
663 3829 718 3892 odo
730 3826 849 3891 λαθεῖν
856 3824 979 3892 Thesm.
985 3827 1056 3907 288,
1069 3833 1101 3893 et
1111 3829 1144 3893 in
1155 3829 1241 3908 prin-

124 3930 204 4012 cipio
215 3931 437 4011 responsionis
460 3935 601 4012 utsoepe
615 3923 689 3997 οὔκ·
714 3926 798 3994 ἀλλὰ
816 3964 862 4007 -,
887 3930 1022 3995 sicillud
1038 3931 1162 4010 legitur,
1185 3931 1242 3995 sed

125 4033 156 4097 vi
178 4034 311 4114 diversa
345 4034 373 4098 si
396 4033 466 4116 quis
488 4034 684 4115 postulatum
705 4031 817 4098 abnuit
837 4038 873 4095 ut
894 4031 927 4095 in
948 4031 1029 4097 Plot.
1051 4031 1134 4097 Men.
1158 4033 1241 4100 7513

194 4320 223 4387 ²⁸²)
240 4322 322 4378 aaa:
341 4317 374 4390 ,ἢ
389 4321 427 4392 ’μ’
448 4321 519 4378 ἑλεῖν
536 4325 647 4377 Philoot.
665 4323 743 4377 ‘diist‘
