2736 4778
200 324 275 399 484
463 324 467 331 “
548 314 867 388 DISSERTATIO
894 316 959 386 111.

208 503 304 605 παρᾲ
323 505 360 572 ad
385 499 468 582 ἔπος
489 504 601 573 Schol.
626 505 692 573 Od.
714 505 815 571 XIII.
838 506 911 573 352.
940 506 1000 571 scd
1028 527 1089 593 par
1113 503 1149 569 in
1185 514 1327 593 utroque

209 607 399 686 difficultas,
438 606 506 671 sive
546 607 690 693 speciem
730 607 973 691 consideramus
1010 607 1077 672 sive
1113 619 1326 695 potestatem.

206 708 292 775 Nem
320 708 406 795 ἔπης
436 707 623 772 inusitatum
649 718 699 773 est
723 730 832 793 neque
852 708 942 773 uliud
963 707 1151 792 hujusmodi
1171 708 1326 775 substan·

208 809 308 874 tivum
327 832 347 874 a
367 809 530 895 praesenti
550 807 641 873 verbi
661 806 811 893 berytoni
834 809 1050 896 proficiscitur
1069 832 1100 874 v.
1115 808 1244 875 Parall.
1258 811 1325 877 lec

205 911 251 977 Et
273 910 330 994 qui
352 907 477 996 ἕπήπης
499 909 541 973 ad
569 905 652 986 ἔπος
677 910 855 976 retulerunt
879 932 993 975 vereor
1019 921 1057 975 ιιι
1083 908 1325 977 substantivum

207 1009 242 1074 in
257 997 342 1099 ητής
362 1008 485 1074 nullum
508 1009 690 1074 invenerint
713 1033 733 1074 a
755 1010 851 1075 simili
871 1011 1004 1076 nomine
1026 1009 1229 1088 derivatum
1253 1034 1325 1079 nam

207 1132 268 1198 pro
291 1106 430 1197 ἑρκήιης
445 1109 658 1192 jamdudum
679 1112 858 1197 repositum
880 1123 931 1177 eet
944 1109 1075 1200 ἓρκίτης
1091 1121 1129 1176 ut
1145 1110 1323 1198 καοφίιης,

207 1209 393 1296 astoricae,
426 1207 608 1298 τεμεοίοης,
641 1211 814 1298 φεγγίτης,
856 1212 1002 1300 ζευγίτης
1031 1222 1092 1279 cto.
1113 1296 1121 1303 Ὦ
1143 1211 1325 1301 Discrcpat

207 1332 283 1375 vero
306 1308 403 1374 etiam
426 1308 639 1394 significatio,
661 1311 823 1396 siquidem
843 1309 968 1400 ἐπητής
994 1311 1153 1399 accipitur
1178 1336 1245 1401 pro
1269 1313 1323 1381 λό-

207 1435 295 1496 γιος,
327 1408 410 1490 ἔπος
431 1432 509 1476 vero
530 1433 696 1496 nunquam
723 1413 770 1479 sic
792 1423 830 1477 ut
851 1412 948 1496 λόγος
975 1413 1164 1478 transfertur
1188 1413 1234 1479 ad
1256 1414 1324 1481 ani·

207 1534 305 1577 mum.
354 1512 427 1577 Has
454 1511 566 1577 turbas
595 1525 695 1598 auget
720 1514 914 1598 adjectivum
943 1512 984 1579 ab
1011 1514 1197 1602 Apollonio
1229 1538 1325 1581 usur·

208 1625 321 1701 patum
345 1611 487 1698 ἐπητής,
514 1615 604 1697 quod
629 1637 691 1680 nec
717 1615 861 1702 speciem
887 1615 1038 1700 adjectivi
1062 1614 1161 1681 habet
1188 1639 1254 1684 nec
1283 1617 1326 1682 si·

208 1714 398 1800 gnifioetum
423 1712 589 1779 homerico
615 1712 741 1803 ἐπητής
767 1715 919 1792 similem;
950 1716 1068 1781 etenim
1095 1717 1152 1782 illo
1180 1718 1259 1784 loco
1288 1713 1326 1789 ori

208 1815 271 1898 γὰρ
287 1809 504 1895 Ἀμαζονίδες
523 1810 601 1897 μάλ’
629 1813 767 1900 ἐπητέες
788 1813 856 1883 elul
875 1837 942 1880 non
964 1813 1076 1901 λήγιαι
1097 1817 1165 1885 sive
1191 1818 1327 1885 σιοιετιιί

207 1912 344 1999 intelligi
373 1926 513 2000 possunt
538 1914 597 1980 scd
622 1906 739 2002 ήπιαι,
769 1917 934 2001 quomodo
964 1914 1088 2004 ἐπητής
1115 1939 1253 2003 quoquc
1275 1918 1326 1984 di·

208 2017 291 2083 citur
318 2038 387 2080 non
413 2015 586 2102 prudentia
613 2016 672 2081 sed
701 2017 889 2098 comitam).
931 2020 1008 2083 Hoc
1034 2013 1136 2103 ἤπιος
1156 2029 1273 2085 autem
1291 2020 1327 2085 iu

206 2118 286 2184 ΕΜ.
310 2117 442 2201 quidem
464 2117 506 2182 ad
525 2116 612 2181 idem
633 2117 715 2181 illud
736 2115 808 2183 ε”πω
826 2117 864 2184 τὸ
881 2118 966 2204 λέγω
981 2118 1117 2183 refertur
1132 2119 1194 2185 sed
1210 2118 1326 2187 harum

209 2239 341 2304 quoqne
370 2217 541 2284 notionum
567 2218 707 2284 difficilis
734 2218 935 2296 conciliatio;
963 2242 1039 2285 nam
1064 2219 1154 2304 quod
1181 2216 1325 2308 εὐπρος-

207 2316 328 2407 ήγορος
348 2328 382 2383 et
400 2302 538 2385 affabilis
564 2319 598 2383 iu
619 2319 705 2385 hamc
734 2320 932 2386 intellectum
960 2320 1122 2399 feruntur,
1148 2321 1324 2410 praeposi·

208 2420 298 2486 tione
321 2418 468 2486 efficitur.
486 2458 529 2470 -
550 2420 719 2507 Sponsore
741 2431 839 2507 egent
859 2421 1020 2507 Hesychii
1046 2421 1177 2507 glossae
1201 2417 1322 2489 ’Λιπα-

182 2519 311 2607 puysie
339 2513 428 2599 εἶδος
458 2516 572 2606 ὀρνέου
600 2521 656 2587 καὶ
687 2516 848 2600 decurris,
878 2519 1116 2610 Σανδαλαράχη
1144 2516 1324 2606 χρώματος

209 2615 301 2698 εἶδος
331 2642 391 2704 pro
425 2616 632 2710 οαοδαράχη,
671 2621 734 2686 nisi
767 2620 830 2686 hoc
862 2622 971 2708 ipsum
1002 2622 1231 2708 reponendum
1265 2632 1322 2699 est,

209 2718 367 2805 Σωγάοαι
388 2722 496 2786 σῶσαι
518 2731 550 2783 et
572 2721 662 2804 quod
684 2745 704 2786 a
716 2721 924 2789 Comicorum
942 2724 1052 2807 aliquo
1068 2724 1180 2789 fiotum
1194 2724 1324 2790 videtur

201 2814 460 2901 Ἆσπακόζομοιι
488 2813 684 2902 ἀσπάζομαι
715 2825 920 2902 πέπαικται,
953 2825 1046 2909 quasi
1074 2847 1093 2888 a
1122 2826 1322 2891 nominativo

209 2915 334 2999 ἔσπαξ.
377 2920 575 3006 Epenthcsis
599 2921 776 3007 bisyllebee
798 2926 941 3011 speciem
966 2925 1102 3013 praebet
1127 2928 1233 2993 naida
1254 2930 1322 2992 Bo·

209 3019 347 3106 ρειόνεω
381 3021 529 3110 Oppian.
559 3022 642 3109 Cyn.
668 3024 715 3089 ΙΙ.
744 3025 816 3090 623.
839 3049 899 3112 pro
927 3025 1057 3114 Βορέοι·
1084 3026 1230 3113 positum
1252 3038 1321 3090 tan·

209 3147 305 3209 quam
330 3147 350 3188 a
368 3137 457 3190 cocto
479 3121 660 3211 Βοριιόνης
681 3124 771 3208 quod
798 3125 988 3208 ιιΒορειίον
1015 3127 1192 3213 propagari
1215 3127 1323 3212 potuit

209 3240 246 3291 ut
267 3249 287 3290 a
310 3224 447 3311 l'pptieov
466 3224 642 3312 Γηρυόνης.
679 3224 762 3290 Cum
785 3225 934 3310 Βορειίον
955 3239 1063 3290 autem
1082 3227 1233 3292 convenit
1255 3225 1321 3312 pri-

208 3326 353 3389 mitivum
383 3325 473 3407 quod
501 3322 611 3390 Schol.
641 3324 680 3389 11.
708 3326 754 3390 II.
777 3324 850 3390 566.
881 3326 1038 3411 proponit
1058 3329 1116 3392 τοῦ
1141 3326 1321 3393 Ταλαϊονί-

210 3429 269 3513 ὁης
297 3421 316 3511 vj
347 3423 455 3500 κλίσις
484 3417 553 3491 ἀπὸ
579 3429 640 3490 τοῦ
668 3425 824 3490 Ταλαΐιον
849 3436 886 3487 ut
911 3425 1146 3507 Sperchionidec
1175 3426 1278 3491 Ovid.
1289 3427 1320 3510 ⁸)

209 3537 242 3590 et
267 3525 330 3587 alia
358 3523 519 3606 quaedam
547 3524 647 3588 Proll.
678 3523 740 3588 146
770 3547 819 3608 sq.
870 3525 907 3592 si
936 3547 1012 3589 vero
1040 3537 1162 3589 mutato
1184 3537 1322 3607 accentu

209 3625 377 3689 scribimus
399 3624 601 3707 Βορειοοέιο,
624 3625 652 3690 is
676 3625 780 3690 dualis
805 3639 855 3690 est
875 3626 1025 3709 adjectivi
1043 3623 1243 3709 Βορειόνεος
1261 3650 1321 3714 pro

208 3722 352 3810 Βόρειος
384 3725 500 3808 ροοὶιί,
534 3727 698 3809 quomodo
738 3727 825 3791 idem
863 3727 1040 3812 Oppianus
1072 3748 1131 3811 pro
1164 3725 1321 3793 inusitato

208 3819 340 3908 ὀφίειος
356 3825 470 3888 aseivit
485 3820 649 3912 ὀφιόιιος.
680 3824 798 3913 Σοηής
818 3823 968 3916 σαφηιής
985 3840 1018 3892 et
1033 3827 1095 3891 alia
1110 3827 1187 3892 talia
1198 3829 1321 3911 justius

208 3927 250 3991 ad
270 3924 599 3991 metaschematismos
621 3925 883 3991 terminationum
903 3929 1093 3994 referuntur.

277 4098 306 4164 Ἰ)
325 4093 503 4163 Adjectivum
516 4095 586 4149 illud
597 4101 756 4149 removetur
773 4093 796 4147 si
813 4091 935 4162 ἐπήτιδες
949 4095 1094 4152 scribimus
1107 4114 1123 4150 a
1134 4104 1213 4153 recto
1227 4098 1321 4167 ἒπῆιις

209 4182 286 4248 quod
305 4178 421 4233 indicari
439 4179 550 4233 videtur
569 4179 705 4251 scriptura
724 4182 841 4234 duorum
859 4180 941 4235 codd.
962 4180 1072 4250 initiae.

277 4265 306 4330 8)
324 4263 371 4318 Sic
389 4271 418 4315 et
434 4264 470 4318 ab
484 4258 609 4337 Ἀλφειός
621 4266 729 4322 Dianae
747 4265 891 4338 epitheton
901 4265 1060 4340 Ἀιῳιιονια
1072 4270 1138 4339 (scr.
1149 4267 1321 4343 Ἀιηιωνιοι)

210 4348 321 4405 ductum
340 4348 459 4405 videtur.
