2736 4778
162 323 235 397 uo
289 376 294 385 .
384 376 388 383 .
490 314 906 383 -Dlssmtmlos

159 522 236 569 nem
256 499 365 566 habet.
406 498 550 564 Facilior
572 509 622 565 est
643 498 684 564 de
706 499 863 567 adverbio
886 521 1049 566 msensus.
1081 494 1277 589 Ναιαείιρος

160 612 195 669 et
219 599 366 686 πίτυρίν
394 599 521 667 esdem'
534 600 660 668 ratione
688 603 863 687 conjuncta
885 611 963 666 sunt
988 623 1055 687 qus
1080 601 1221 668 latitudo
1243 614 1277 669 et

158 700 245 766 latus
266 699 585 788 brachypsralecton,
605 723 645 769 ac
665 722 785 768 nomen
806 723 961 789 ffaecnm
986 701 1039 767 vel
1064 721 1107 767 ex
1129 699 1276 770 σολίτυ·

159 825 219 886 ρον
239 813 439 868 conuectum
460 803 573 870 dicunt
593 802 645 868 vel
665 803 763 888 παρὰ
786 804 825 870 τὰ
847 804 964 870 alteo
984 796 1065 888 εὐρύ
1090 802 1202 889 Epim.
1224 804 1273 870 11.

157 900 231 968 399.
254 902 314 969 sed
334 905 573 990 acquiescimus
593 903 628 968 in
650 902 832 989 prosthesi3
855 924 932 969 nem
947 901 995 967 sic
1010 901 1121 988 potius
1135 903 1275 970 dixerim

157 1023 255 1087 quam
276 1003 481 1091 aphaeresin.
523 1005 714 1089 Eademque
737 1002 889 1071 convenit
909 1004 952 1069 sd
977 999 1113 1084 οτόνυξ,
1139 1006 1273 1090 quando

156 1101 193 1168 id
218 1102 300 1169 nihil
329 1105 373 1170 ad
408 1105 640 1173 derivationem
667 1105 776 1190 aptius
805 1104 905 1171 habet
932 1126 1030 1190 quam
1052 1099 1150 1185 ίίνυξ,
1179 1107 1273 1191 cuijus

155 1223 236 1268 usus
258 1204 431 1290 antiquior,
454 1207 581 1293 species
604 1206 784 1294 simplicior
800 1216 931 1291 tamque
948 1205 1063 1271 similis
1076 1206 1272 1292 significatio

157 1317 272 1372 estut
299 1330 398 1395 saepe
428 1309 518 1374 nulla
545 1330 582 1375 re
614 1308 678 1374 nisi
704 1318 807 1373 metro
832 1307 1011 1373 internosci
1031 1308 1170 1394 possint
1213 1309 1272 1377 Sic

156 1430 218 1497 pro
251 1402 331 1489 ὀξίς
353 1405 382 1496 y’
409 1403 491 1490 ὄνυξ
516 1408 684 1495 πετραίου
710 1408 814 1476 λίθου
841 1410 920 1474 Eur.
950 1407 1043 1494 Cycl.
1064 1409 1139 1474 400.
1181 1411 1271 1475 Her·

154 1532 291 1577 mannus
317 1511 420 1577 edidit
440 1511 619 1579 secundum
638 1510 841 1597 Scaligerum
861 1503 942 1592 ὀξὺς
961 1509 1082 1592 οτόνοξ
1100 1520 1139 1575 ut
1156 1511 1271 1598 Apoll.

155 1610 217 1681 IV.
241 1611 333 1679 1619.
354 1615 507 1701 πετραίῳ
525 1609 669 1693 στόνυχι.
712 1611 781 1680 Sed
804 1612 922 1676 eodem
947 1611 1116 1677 intellectu
1141 1606 1272 1693 ὅξυιτα-

155 1712 214 1801 γὴς
234 1707 314 1794 ὄνυξ
334 1712 480 1800 κολώνης
499 1712 610 1778 Nonn.
631 1711 730 1778 XIV.
751 1710 825 1776 385.
851 1712 893 1777 de
911 1710 1078 1798 unguibus
1097 1734 1176 1778 vero
1193 1712 1270 1800 Op·

155 1808 244 1902 pian'.
273 1813 357 1898 Cyn.
384 1812 449 1878 111.
481 1812 554 1878 232.
594 1811 736 1897 τμηθεὶς
776 1807 850 1894 οὐχὶ
887 1810 1081 1894 στονύχισσι
1117 1810 1268 1893 λεόντων,

153 1916 306 2000 idemque
326 1915 535 1981 Hermannus
555 1912 697 1979 restituit
721 1911 757 1976 in
777 1911 818 1977 P.
851 1912 975 2001 Sileni.¹
992 1910 1092 1977 Amb.
1123 1912 1175 1978 85.
1211 1912 1270 1980 ubi

54 2011 58 2020 ’
154 2038 243 2104 onyx
270 2026 406 2082 vocatur
417 2017 601 2101 -βροτίοισι
630 2015 732 2094 σέλας
759 2011 969 2095 στονίχεσσιν
996 2010 1118 2093 ὅμοιον
1146 2035 1208 2100 pro
1233 2010 1265 2080 τ’

153 2112 315 2201 ὀνύχεσσι
350 2115 637 2199 Quemadmodum
656 2126 766 2181 autem
783 2113 896 2183 Schol.
917 2113 1032 2200 Apoll.
1053 2114 1074 2179 l.
1099 2137 1127 2180 e.
1149 2111 1271 2200 στόρυξ

153 2217 275 2302 κυρίως
290 2216 329 2285 τὸ
348 2208 451 2302 ἄκρον
470 2221 532 2283 τοῦ
548 2214 701 2300 δόρατος,
724 2217 997 2302 καταχρηστικῶς
1013 2214 1052 2282 di
1066 2219 1136 2281 πᾶν
1156 2214 1196 2281 τὸ
1218 2211 1270 2296 τίς

152 2313 212 2400 ὄξίι
221 2318 331 2406 λῆγον,
348 2318 395 2383 sic
413 2316 511 2382 etiam
528 2316 708 2402 explicatur
724 2314 855 2401 osdqttq
874 2325 908 2380 et
922 2312 1092 2401 στόρθυγξ
1108 2314 1146 2382 τὸ
1163 2309 1269 2403 ἄκρον

150 2421 211 2487 sori
229 2416 373 2501 δόρατος
389 2418 472 2483 Hes.
490 2416 591 2483 Phot.
611 2417 671 2482 sed
687 2416 868 2503 Lycophro
890 2417 1151 2503 promontorium
1165 2417 1267 2485 modo

151 2515 290 2601 στόνυχα
308 2517 556 2606 appellat1180.
568 2518 668 2584 modo
686 2516 880 2603 στόρθυγγα
895 2517 988 2583 1406.
1005 2539 1067 2584 nec
1084 2529 1192 2584 tamen
1201 2518 1267 2586 hoc

151 2618 192 2686 ab
202 2619 258 2686 illo
270 2631 382 2686 natum
393 2619 453 2685 sed
464 2619 528 2685 alio
544 2631 651 2706 etymo
671 2631 777 2686 ortum
793 2619 922 2684 videtur
938 2619 1007 2685 sive
1018 2619 1055 2684 id
1069 2618 1267 2703 στύραξίυίι

150 2714 209 2807 tq'
238 2708 261 2809 ᾗ
284 2720 474 2808 στηρίζεται
494 2719 532 2788 τὸ
559 2718 651 2810 δόρυ,
674 2722 742 2787 sive
763 2715 873 2808 ὀρθός
894 2741 970 2785 cum
999 2719 1162 2807 prosthesi
1183 2742 1263 2786 con·

150 2820 351 2897 sonantium,
382 2843 463 2907 ques
490 2821 602 2887 Latini
631 2823 755 2909 primae
778 2820 1021 2889 semivocalium
1044 2822 1262 2907 praemittunt,

148 2923 227 2998 suis,
245 2923 361 2989 siloae
373 2932 434 2989 etc.
455 2922 593 2991 Veteres
604 2923 777 3008 magistros
793 2921 946 3009 suspicor
962 2919 1092 3008 στόρθη
1108 2943 1168 3009 pro
1183 2945 1263 3008 ayn-

147 3021 237 3091 tlteto
246 3020 400 3091 habuisse
410 3024 505 3111 παρὰ
518 3022 554 3091 sd
566 3027 684 3114 στῆναι
695 3019 815 3112 ὀρθήν,
827 3022 924 3089 sicuti
930 3021 1262 3102 Eustathiuslbffid.

147 3124 302 3215 τιυίρθος
331 3146 405 3192 curn
431 3129 506 3193 τιτῶ
537 3121 750 3211 (usadwora)
771 3127 981 3211 conjunctum
1008 3125 1120 3190 staurit
1143 3121 1162 3192 ri
1188 3127 1263 3193 dsu-

148 3227 401 3308 ιιιιι·ιτασμίνος
416 3220 465 3305 τίς
480 3219 596 3310 ὀρθόν.
627 3226 696 3293 Sed
717 3226 874 3311 πτόρθος
895 3249 1028 3312 quoque
1051 3226 1190 3313 simplex
1212 3237 1262 3292 est

147 3346 213 3391 nen
229 3346 249 3391 a
264 3325 409 3407 ιιίτομαι
426 3333 463 3389 ut
472 3324 722 3391 llemsterhusio
736 3325 842 3390 visum
852 3326 913 3390 sed
923 3327 965 3390 ab
974 3320 1045 3411 ὅραι
1055 3331 1157 3402 orior,
1173 3326 1262 3394 unde

147 3415 249 3507 ίίρσος
272 3423 405 3509 (pullus,
429 3422 596 3507 surculus)
617 3435 651 3490 et
666 3416 779 3510 ίίριτηξ
787 3448 817 3489 v.
833 3422 960 3488 Techn.
971 3425 1264 3512 283.-Σττοργαί

147 3520 325 3604 ίρσίιιυμοί
345 3519 395 3600 τίς
415 3521 452 3589 τὸ
474 3526 580 3591 τινοῖν
598 3525 680 3592 Hes.
705 3535 738 3589 et
758 3527 915 3612 σπαργᾷν
934 3546 1008 3592 cum
1029 3523 1149 3617 ὀργᾷν,
1171 3529 1263 3613 quod

148 3618 294 3689 (ίιίιαιιι
316 3619 362 3687 illi
384 3622 658 3711 interpretationis
677 3626 752 3692 loco
772 3624 961 3712 interponit,
992 3629 1072 3713 quin
1097 3628 1186 3696 idem
1214 3630 1261 3696 si-

147 3718 302 3808 quissent
325 3720 456 3789 minime
478 3724 613 3793 dubium
636 3737 704 3802 est3
727 3735 765 3791 ut
784 3745 861 3791 vero
884 3729 1030 3813 ejusdem
1054 3730 1166 3818 stirpis
1196 3733 1263 3799 sint

145 3844 213 3889 non
235 3826 316 3909 puto
340 3820 424 3887 sitici
443 3845 543 3911 posse
564 3848 595 3892 v.
618 3824 744 3892 Techn.
766 3826 818 3891 52.
846 3840 887 3875 ⁴-
913 3827 1088 3914 Στρόμβος
1116 3842 1150 3897 et
1177 3832 1261 3919 ῥόμ-

144 3928 205 4008 βος
230 3931 359 3991 cunstat
383 3923 529 3991 averbis
551 3929 686 4017 στρίφω
710 3936 744 3992 et
763 3925 875 4014 ρίμβιυ
897 3927 995 3995 ducta
1015 3953 1098 4009 esse,
1121 3955 1262 4019 quornm

144 4032 210 4089 tam
229 4034 326 4093 tenue
347 4034 397 4091 est
419 4023 591 4091 discrimen
612 4036 648 4093 ut
673 4027 707 4092 in
728 4027 875 4114 cognatis
903 4043 1112 4098 numerentur
1132 4034 1259 4102 Techn

144 4120 196 4187 35.
239 4123 436 4214 Στορχιίζαν
457 4124 493 4193 id
517 4135 567 4191 est
586 4125 628 4195 sd
651 4124 811 4214 πρόβατα
834 4125 883 4209 τίς
908 4133 1029 4220 σηκοὺς
1051 4136 1260 4204 κατακλείειν
1318 4213 1322 4219 ,

144 4222 317 4310 perspicue
344 4237 376 4293 et
404 4250 441 4295 re
468 4238 501 4296 et
521 4249 601 4297 voce
624 4227 791 4316 conspiret
812 4251 885 4297 cum
907 4229 1003 4319 ἔργα,
1026 4233 1134 4320 ἔρνος,
1156 4231 1260 4324 ὀρχάς
