2736 4778
218 320 284 386 ua
307 314 528 387 sruooeu
549 312 698 380 unius
719 310 940 384 vocaus.
966 315 1006 382 c.
1017 316 1047 383 1.
1077 319 1146 405 ιο.
1168 324 1243 400 231

122 503 256 588 syllabis
279 502 405 589 ellipaia
428 500 542 587 potina
571 518 669 581 quarn
690 496 954 583 productioribus
976 502 1159 587 pleonoami
1181 530 1242 573 no.

123 627 200 669 men
221 603 423 670 indiderunt.
446 637 486 650 -
515 599 672 686 Ignotum
694 596 890 663 vocabulum
916 600 1012 667 nobia
1033 604 1145 689 objicit
1164 608 1245 674 EM.

122 705 252 783 6218.
278 699 422 771 σίλείατα
447 703 598 787 συγκοπῇ
619 690 747 787 iilpru·
766 696 901 784 λέγεται
922 701 979 768 καί
1001 694 1135 792 ι’ίλρτον,
1156 702 1246 792 quod

122 807 188 873 niai
210 807 377 892 adjectum
397 813 504 881 earet,
531 800 705 866 relatorem
727 799 848 865 vitiosa
881 801 1044 889 scripturo
1073 803 1245 893 deceptum

126 909 281 975 dicerem.
304 944 348 958 -
376 905 554 971 Nominum
582 900 730 986 ejusdem
762 902 892 987 generis
927 902 963 969 in
988 930 1031 985 ας
1060 907 1248 975 exeuntium

127 1021 194 1076 trea
216 1032 313 1076 oaaua
332 1007 477 1073 similiter
496 1004 650 1070 audentea
673 1015 788 1068 notum
809 1012 859 1068 eat
880 1004 1000 1092 triplici
1020 1009 1121 1073 modo
1141 1008 1248 1075 efferri

127 1109 255 1196 τέρατα
276 1109 380 1194 τέραα
400 1107 492 1192 τέρα.
520 1106 631 1191 Hujus
657 1103 755 1192 nlpba
776 1127 804 1168 ar
795 1104 953 1192 longum
979 1118 1039 1188 eet,
1062 1120 1247 1196 pateteou.

126 1218 267 1275 tractum
300 1231 391 1284 eeee;
427 1207 477 1273 ain
504 1205 619 1284 breve,
647 1206 816 1293 quaeritur
844 1206 983 1275 duorum
1010 1210 1110 1297 alpha
1137 1223 1247 1280 utrum

124 1310 273 1377 excisum
291 1310 342 1375 ait.
367 1311 505 1376 Veteres
526 1306 623 1373 finale
645 1306 849 1393 praefemut·
870 1307 913 1375 τὰ
937 1308 1074 1396 δίχρονα
1092 1311 1129 1381 έκ
1141 1337 1243 1381 συνα-

125 1413 248 1500 λοιφῇς
267 1408 448 1477 ἐκτείνεται
470 1407 577 1495 νρέαα
599 1406 692 1493 κρέα,
714 1405 820 1495 κέραα
843 1407 941 1495 κέρα·
962 1435 992 1477 ει
982 1408 1176 1495 Ηιιέντοι
1153 1438 1244 1482 απο-

127 1509 236 1599 κοπῆν
271 1507 402 1589 δέξεται
431 1512 491 1596 τῆς
517 1534 561 1575 τα
596 1508 779 1596 συλλαβῆς,
814 1510 1073 1594 συνεσταλμένον
1105 1512 1178 1581 ἐστὶ
1206 1514 1246 1581 τὸ

127 1608 280 1697 δίχρονον
299 1609 483 1676 Herodian.
514 1608 556 1675 de
576 1608 691 1675 Diehr.
713 1610 788 1674 341.
818 1610 870 1675 ed.
895 1610 1013 1677 Lebra.
1047 1638 1113 1679 των
1135 1611 1184 1693 είς
1206 1642 1248 1696 ας

126 1704 333 1807 ὀνομαστικὴ
355 1706 610 1798 πληθυντικὴ’
578 1734 629 1788 εις
649 1734 716 1776 ατα
737 1710 794 1778 καί
818 1737 864 1777 αα
893 1712 1160 1798 σινεσταλμένως
1190 1717 1248 1784 καί

128 1807 178 1889 είς
205 1836 227 1876 α
250 1803 518 1893 ἐκτεταμένως
496 1814 654 1889 αττικῶς
680 1809 720 1879 τὸ
743 1809 781 1878 δέ
806 1811 903 1898 κρέα
925 1815 968 1878 λι
962 1812 1069 1898 γκος
1095 1813 1247 1901 ἔταμνε

127 1934 223 2008 παρα
211 1905 447 1996 Καλλιμάχῳ
460 1910 575 1995 (Dian.
588 1911 656 1996 88.)
680 1910 767 1978 κατὰ
790 1907 960 1999 συγκοπὴν
974 1911 1079 1992 έστιν,
1101 1915 1185 1983 οθεν
1205 1917 1245 1984 τὸ

129 2036 152 2078 α
173 2009 389 2077 συστέλλεται
410 2010 576 2077 Choerob.
601 2010 834 2087 can.389,14.
859 2032 1034 2097 apocopen
1056 2015 1247 2100 significans

127 2123 166 2177 ut
190 2133 210 2176 a
229 2113 385 2178 Dracone
409 2112 481 2177 116.
505 2112 632 2177 dieitur.
675 2111 875 2177 Prolationia'
899 2111 1017 2176 atticae
1047 2114 1099 2198 (ut
1122 2116 1165 2182 de
1186 2116 1248 2184 bae

128 2214 270 2301 primum
292 2213 413 2297 dioam)
438 2213 624 2300 exemplum
644 2213 777 2279 unicum
805 2224 856 2278 eat
877 2214 912 2278 in
933 2213 1134 2302 Antipbauia
1151 2240 1248 2285 versu

128 2314 207 2382 vol.
228 2314 293 2379 ΠΙ.
316 2313 347 2378 9.
369 2312 453 2397 κρέα
476 2313 515 2379 δὲ
534 2311 625 2392 τίνος
643 2308 756 2402 ἥδιστ’
779 2306 820 2380 ib·
841 2313 992 2394 ἕσθίοις,·
1011 2315 1120 2398 ι·ι’νος,·
1148 2331 1247 2409 atque

129 2416 194 2482 hoc
222 2424 369 2481 removet
391 2414 579 2480 Meinekiua
614 2415 649 2480 iu
677 2414 742 2481 Ed.
771 2415 895 2481 minore
920 2416 962 2481 Τ.
991 2417 1019 2482 Ι.
1045 2419 1120 2484 494.
1148 2422 1249 2509 κρέας

130 2516 292 2594 scribens,
323 2536 400 2579 nam
426 2514 508 2602 κρέα
534 2538 601 2581 non
631 2516 696 2580 diei
724 2515 837 2580 ultima
865 2517 1036 2603 producta.
1081 2519 1176 2585 Idem
1205 2522 1248 2588 de

130 2618 295 2686 communi
317 2616 554 2682 consuetudine
576 2628 609 2681 et
632 2617 674 2683 de
690 2619 836 2683 Homero
857 2618 932 2705 ipro
955 2620 1123 2686 contendit
1135 2621 1246 2689 Sobol.

129 2721 170 2787 ll.
193 2720 314 2787 XXII.
336 2719 410 2784 347.
440 2717 527 2785 κατὰ
549 2716 710 2806 συστολὴν
736 2715 776 2785 τὸ
805 2716 886 2803 κρία
916 2712 1110 2812 ἀνεγνώσθη
1134 2721 1247 2811 ιίίςπερ

129 2821 189 2890 καὶ
206 2821 242 2889 ἐν
257 2825 299 2910 τῇ
319 2816 498 2909 συνηθείᾳ·
522 2813 591 2887 ὁδί
612 2815 800 2904 Τυραννίων
816 2817 967 2886 ἐκτείνει·
991 2814 1068 2887 ἀλλ’
1082 2817 1248 2892 οὐδέποτε

130 2919 150 2991 ὁ
173 2922 317 3011 ποιητὴς
338 2920 419 3006 κρέα
442 2915 535 2986 εἶπεν
562 2916 625 2984 hoo
647 2929 698 2984 ost
725 2919 772 2982 ita
798 2930 836 2984 ut
862 2919 1008 2985 iambum
1033 2924 1161 2988 efficiet
1205 2925 1247 2989 In

128 3025 187 3089 illo
208 3024 300 3101 loeo,
329 3023 382 3088 oui
410 3021 474 3088 hoo
504 3021 696 3086 adnotatum
722 3030 773 3084 est
805 3030 838 3084 et
865 3020 994 3085 duobus
1016 3023 1088 3085 aliia
1109 3022 1191 3105 κρέα
1212 3025 1248 3091 iu

128 3127 227 3191 tertio
249 3137 282 3191 et
303 3125 417 3211 quinto
438 3123 527 3210 pede
549 3132 624 3185 unte
646 3141 824 3184 consonam
844 3119 979 3206 legitur3
1003 3142 1105 3206 quare
1125 3122 1247 3188 Eusta-

129 3228 218 3294 thiua
247 3228 347 3305 1777,
378 3227 431 3291 21.
462 3222 591 3288 dubitat
620 3229 728 3285 utrum
759 3219 893 3286 bibreve
920 3223 963 3287 uit
992 3217 1038 3301 ὡς
1069 3216 1249 3312 ἀποκοπὴν

129 3327 249 3396 παθὸν
269 3327 305 3394 έκ
326 3331 385 3396 τοῦ
407 3324 532 3413 κρέατα
550 3346 593 3387 an
614 3322 873 3408 monosyllabum
895 3334 931 3388 ut
952 3334 1003 3390 est
1017 3325 1051 3389 iu
1070 3324 1159 3389 exitu
1175 3346 1248 3390 ver·

130 3454 187 3496 aua
215 3423 385 3516 ανδρόμεα
400 3425 508 3543 ρρία,
500 3425 632 3508 ,cujus
660 3425 783 3490 vocalia
809 3425 922 3490 ultima
954 3437 987 3491 et
1013 3427 1115 3512 longa
1144 3426 1247 3493 videri

131 3539 243 3618 potest
258 3538 298 3593 ut
308 3523 422 3594 Ῥέα
413 3550 447 3592 ιιι
470 3525 588 3593 eodem
610 3547 723 3590 veraua
743 3526 818 3592 looo
842 3523 1086 3592 collocatum
1058 3550 1115 3604 ους
1135 3527 1249 3597 τέκετο

125 3630 220 3711 Ρέα,
245 3641 277 3696 et
297 3628 404 3695 brevia
432 3639 470 3694 ut
491 3628 693 3693 aecusativus
721 3628 861 3693 nominia
891 3631 971 3706 ναῦς
997 3628 1032 3693 in
1062 3628 1155 3696 initio
1188 3629 1247 3697 νέα

130 3732 192 3816 μέν
212 3758 272 3817 μοι
294 3730 445 3810 κατεαξε.
490 3729 559 3799 Sed
585 3727 799 3815 longitudinis
827 3738 936 3794 tamen
963 3730 1088 3797 nullum
1117 3733 1249 3798 affertur

131 3834 318 3921 exemplum
343 3854 534 3921 expressum
562 3841 596 3897 ot
621 3829 854 3908 indubitabile3
881 3829 1046 3899 brevitatis
1076 3855 1152 3899 vero
1178 3854 1248 3897 oer-

131 3937 295 4000 tiaaimum
313 3928 383 4020 upt'
406 3929 587 4019 ὑπέρτερα·
609 3932 691 3999 haee
716 3943 825 3999 autem
837 3934 990 4000 excludit
1011 3931 1247 4020 synaloephen.

130 4038 203 4104 Nee
224 4035 383 4155 probatur
403 4058 442 4101 ea
460 4036 656 4114 nominibus,
678 4058 763 4121 quae
785 4036 819 4100 in
841 4059 884 4113 ας
902 4059 969 4103 non
987 4056 1104 4123 purum
1120 4045 1248 4100 exeunt.

130 4139 196 4203 Hia
221 4138 307 4203 ειιὶιιι
328 4138 440 4204 Draco
466 4139 527 4217 55,
552 4141 602 4204 14.
635 4138 734 4226 alpha
761 4136 859 4202 breve
886 4136 999 4202 tribuit
1020 4145 1158 4220 excepto
1181 4158 1248 4202 uno

134 4239 176 4305 τὰ
199 4236 248 4319 είς
269 4267 290 4306 α
316 4240 393 4324 (aer.
417 4242 476 4328 ρα)
505 4236 646 4327 λήγοντα
672 4234 830 4325 οὐδέτερα
853 4236 1023 4304 συστέλλει
1048 4234 1087 4303 τὸ
1110 4263 1132 4304 α
1165 4239 1251 4326 πλὴν
