2736 4778
194 328 233 395 ra
568 310 847 393 nissunrano
881 326 936 391 vr.

179 487 397 578 .dur<l(lp'pura
427 486 612 575 διαφόρως.
655 488 748 555 Hunc
775 489 987 555 Bulbi-mannus
1019 493 1112 571 putat
1146 489 1179 553 in
1215 489 1327 557 tribus

188 593 273 672 locis,
297 592 410 674 quibus
433 593 557 657 vocales
573 597 752 657 contractae
767 596 849 670 sunt,
872 593 1029 672 reperisse
1044 610 1106 657 non
1122 598 1322 675 contractas,

189 701 226 760 ut
247 694 335 761 codd.
357 695 474 759 inuno
496 695 621 760 illorum
642 693 806 774 exhibent,
839 694 873 759 in
894 694 994 759 altero
1016 694 1116 759 Beklc
1145 699 1179 759 et
1202 693 1320 777 Dind;

80 874 86 887 .
193 798 308 863 oertius
330 797 360 861 X
382 795 445 861 465
474 797 584 880 θυμὸς
611 795 645 862 ἐν
667 790 853 885 εὐφροσύνῃ
880 796 1068 877 scholiastae
1095 797 1141 861 illi
1173 816 1239 861 non
1268 815 1323 864 ro·

190 903 326 980 pugnat,
359 899 386 963 si
407 899 550 980 regulam
572 899 818 979 circumscripsit
844 899 951 963 addito
986 895 1081 982 εἰμὴ
1106 898 1163 966 διὰ
1185 899 1321 987 μέτρου

189 994 395 1086 εὐχρηστίαν.
437 1001 483 1065 sic
516 1001 600 1066 enim
637 1000 801 1082 productio
835 997 983 1082 effingitur
1021 1019 1083 1066 non
1122 1002 1319 1067 necessaria.

188 1101 318 1181 Proprio
339 1096 539 1190 Edopoodrp
560 1103 719 1169 Homerus
740 1121 803 1168 000
814 1102 923 1182 utitur,
946 1101 1004 1166 sed
1014 1101 1181 1183 Hesiodus,
1206 1108 1241 1168 et
1256 1103 1319 1169 hoc

53 1258 56 1263 ,
191 1221 315 1286 quoque
354 1204 396 1268 ud
427 1204 601 1271 Homerum
633 1203 787 1271 mansioni
818 1204 1020 1270 Muotzellius
1053 1204 1169 1286 Theog.
1203 1224 1233 1287 p.
1265 1204 1318 1272 94.

125 1298 128 1302 ’
189 1303 293 1382 Quum
315 1306 504 1372 adjectivum
522 1296 567 1373 in
588 1311 635 1385 ξιῖς
655 1306 904 1390 monosyllabum
931 1307 1052 1371 nudum
1074 1312 1174 1385 extet,
1207 1313 1317 1375 ratum

189 1407 343 1473 habemus
364 1408 448 1490 quod
469 1411 502 1475 in
523 1410 595 1476 EM.
619 1409 691 1477 388.
718 1409 756 1476 15
777 1408 916 1475 traditur
944 1407 1033 1494 παρὰ
1057 1408 1095 1473 τὸ
1119 1403 1173 1489 dic
1196 1405 1233 1475 ἒΐι
1259 1408 1318 1477 καὶ

190 1505 225 1576 ἔν
247 1512 432 1597 cavarocca
456 1505 504 1578 εὖ.
549 1512 613 1577 Alii
635 1513 759 1579 diverse
787 1512 942 1589 sentiunt,
975 1515 1009 1574 et
1030 1510 1214 1590 Apollonius
1236 1531 1317 1594 quo·

189 1629 250 1694 que
274 1612 400 1677 dubitat
421 1613 500 1678 ndo.
523 1612 585 1679 614
608 1614 650 1681 τὰ
672 1612 759 1693 sic}
784 1610 925 1701 λήγοντα
948 1608 1158 1701 ἐπιῤῥὴματα
1181 1608 1317 1693 ὀξύνου-

189 1740 260 1797 scr,
293 1712 434 1796 μεταξύ,
473 1711 551 1804 εὐρύ
574 1717 649 1800 (scr.
672 1708 786 1799 saled),
820 1712 858 1781 τὸ
887 1712 949 1802 γὰρ
978 1712 1015 1779 ab·
1037 1714 1111 1797 (sic)
1139 1712 1221 1795 ἴσως
1244 1712 1316 1785 dmi

190 1813 386 1902 διαιρέσεώς
407 1815 476 1883 ἐστι
500 1822 560 1884 τοῦ
583 1811 630 1894 cri,
654 1812 676 1905 ἢ
697 1820 780 1901 τάχα
802 1813 989 1905 παράλογον
1005 1815 1071 1898 ἔχει
1088 1817 1146 1902 τὴν
1164 1814 1316 1887 ao'rmotr.
1338 1871 1341 1877 ·

190 1917 254 1984 Sed
276 1921 315 1985 de
337 1926 470 1985 accentu
491 1921 613 1986 dicetur
624 1920 707 1985 alibi.
726 1958 761 1968 -
780 1919 896 1985 Cetera
906 1920 1058 1985 diaeresis
1070 1921 1120 1986 vel
1136 1923 1317 2003 synaeresis

189 2021 333 2103 exempla
353 2023 517 2092 minimum
538 2023 736 2088 auctoritatis
758 2023 876 2088 babent
897 2022 984 2087 velut
1005 2026 1064 2107 γᾶς
1085 2021 1317 2107 Taiidpovud·

190 2125 249 2200 dog
269 2124 364 2189 unuh.
387 2124 478 2190 1112
512 2130 546 2189 et
566 2126 612 2209 μὴ
635 2125 753 2213 σκεὲἓὴν
776 2120 896 2212 ὀλέσῃς
916 2123 946 2189 V
967 2123 1045 2205 242,
1079 2130 1251 2208 uirumque
1284 2128 1316 2195 in

190 2224 290 2290 altero
311 2227 503 2307 pentametri
524 2226 737 2306 hemistichio,
767 2230 862 2308 atque
883 2245 923 2292 ne
944 2226 1024 2291 baec
1045 2227 1173 2308 quidem
1194 2228 1316 2311 liquido

190 2329 324 2408 scripta;
346 2347 523 2410 vanvunque
545 2335 596 2394 est
617 2334 827 2395 commentum
848 2329 945 2395 schol.
967 2326 1317 2417 00111316οη0οιος

189 2428 251 2493 dici
272 2448 329 2509 pro
351 2425 488 2508 τιΰσιις,
510 2431 570 2496 hoc
592 2436 698 2497 autem
721 2428 867 2498 διαλύσει
889 2430 926 2498 ἐκ
949 2433 1008 2495 τοῦ
1021 2427 1159 2509 reducor.
1176 2468 1212 2480 -·
1237 2431 1316 2499 Ter·

190 2530 393 2597 minationem
416 2534 461 2609 {a}
483 2533 619 2615 discerpi
641 2552 704 2597 non
725 2533 927 2614 permittitur,
953 2550 1012 2596 nec
1033 2532 1185 2613 probatur
1207 2534 1315 2616 trisyl-

190 2630 271 2696 labo'
295 2632 408 2698 Latino
440 2632 598 2719 Orpbeus,
633 2635 673 2699 de
711 2654 772 2715 quo
806 2635 935 2699 disserit
967 2635 1000 2699 C.
1035 2633 1248 2701 Schneiderus
1284 2637 1316 2701 in

190 2731 328 2797 Gramm.
357 2733 373 2796 I
403 2735 452 2799 75.
511 2735 665 2800 Demetrii
687 2736 820 2801 oratoris
845 2754 1015 2817 cognomen
1043 2737 1317 2817 quadrisyllabum

189 2833 373 2914 Phaloreia,
398 2855 459 2917 quo
472 2838 635 2902 Phaedrus
658 2858 785 2903 versum
806 2838 973 2903 iambicum
991 2838 1151 2916 conclusit,
1175 2841 1317 2920 suspicio

193 2941 326 3002 estnon
349 2937 505 3004 Graecum
531 2938 705 3026 Φαληρεύς
727 2960 807 3020 esse,
830 2943 887 3007 sed
910 2941 1098 3005 adiectivum
1124 2937 1318 3026 Φαλὴρειος

138 3105 140 3108 ,
195 3046 339 3120 correpta
362 3042 548 3123 dipthong03
571 3042 696 3107 casibus
719 3043 867 3123 obliquis,
891 3061 969 3125 quos
991 3042 1148 3123 Reisigius
1172 3040 1317 3109 Gramm.

191 3160 221 3221 p.
247 3141 308 3205 110
330 3142 392 3209 huc
415 3144 593 3225 interponit,
615 3144 694 3209 nihil
716 3143 859 3209 efficitur.

274 3244 302 3326 §-
326 3243 355 3309 l.
401 3246 450 3309 Ad
466 3247 642 3327 proximum
663 3264 721 3327 par
735 3245 889 3310 vocalium
911 3246 1180 3327 transgredientes
1202 3248 1317 3315 itidem

188 3345 312 3410 initium
340 3348 534 3427 capessimus
568 3367 587 3412 a
615 3347 743 3429 syllabis
770 3348 1003 3428 principalibus.
1053 3340 1112 3426 Οἷς
1145 3354 1179 3414 et
1205 3357 1317 3435 φθοῖς

188 3452 303 3511 natura
325 3447 479 3530 bisyllaba
505 3467 576 3513 esse
600 3449 717 3513 Herod.
744 3449 785 3513 ad
808 3448 844 3514 ll.
866 3448 915 3513 Ill
940 3448 1000 3515 198
1021 3449 1136 3541 probat
1156 3468 1203 3529 eo,
1229 3453 1316 3534 quod

190 3548 406 3630 monosyllaba
427 3551 459 3615 in
481 3553 525 3627 ἦ
549 3552 676 3615 omnino
703 3550 790 3614 nulla
812 3556 922 3615 extent
936 3551 959 3632 ¹)
988 3557 1021 3616 et
1038 3552 1212 3617 Homerum
1235 3574 1315 3635 quo·

191 3665 251 3728 que
276 3643 325 3726 dia·
347 3652 461 3730 dicero,
484 3671 545 3716 non
568 3644 619 3729 οἷς
640 3651 701 3717 nisi
723 3648 917 3732 efflagitante
940 3659 1049 3717 metro.
1095 3653 1143 3718 De
1165 3655 1226 3720 hoc
1249 3658 1316 3723 dis·

189 3751 285 3816 sentit
306 3751 518 3833 Aristarchus,
541 3758 667 3833 poetam
688 3754 728 3818 ob
751 3759 886 3818 metrum
909 3754 1009 3819 solum
1032 3774 1205 3837 usurpasse
1230 3765 1316 3825 τοῖσι

190 3849 219 3917 d'
249 3845 298 3930 ι’)’ΐς
322 3851 437 3932 λάσιος
464 3854 500 3919 ll.
522 3854 629 3919 XXIV
653 3854 728 3934 125,
763 3850 831 3920 ἔνθ’
868 3848 917 3920 div
945 3851 1077 3944 ἅριειόν
1105 3858 1163 3923 Od.
1186 3858 1217 3923 X
1241 3862 1317 3941 527,

190 3954 246 4019 sed
269 3956 296 4020 si
319 3956 404 4037 optio
427 3958 503 4021 data
524 3962 618 4037 esset,
640 3957 810 4023 revertisse
833 3958 874 4023 ad
895 3976 988 4023 usum
1010 3960 1158 4041 loquendi
1180 3961 1242 4027 sibi
1258 3982 1317 4045 pe·

195 4110 449 4124 m

258 4193 284 4258 l)
302 4198 438 4262 Blayllabs
456 4197 613 4264 appellativi
631 4202 737 4268 generi·
759 4199 812 4252 duo
835 4210 897 4254 suut
918 4201 973 4263 εοῖς
995 4214 1021 4256 ot
1038 4198 1107 4265 κόϊι,
1135 4204 1206 4271 quod
1226 4208 1318 4261 Attico

187 4278 281 4333 dicitur
299 4277 364 4343 κόϊξ.
383 4281 491 4351 [Pbryu.
510 4300 535 4352 p.
557 4281 611 4351 83]
