2736 4778
169 335 245 413 ιιι
462 331 783 403 οιεεαααατιο
806 286 853 397 α.
901 331 941 397 P.
963 330 992 397 1.

173 519 269 608 oipiis
292 527 448 585 ortesunt
466 512 727 605 κωμῳδιοποιός
749 529 782 584 et
802 519 893 604 quod
903 516 1076 584 Atticistee
1101 516 1290 605 praeierunt

172 613 420 707 κωμῳδοποιός
441 617 482 683 ci.
506 616 696 685 Schneider.
719 619 761 683 ed
782 619 867 685 Plet
892 617 963 685 civ.
976 618 1022 683 X.
1041 617 1105 682 235
1120 640 1171 703 sq.
1190 611 1289 685 Ἐνα-

171 715 354 808 μοιάρχης,
391 713 659 806 ἕκεχειροφόρος,
692 723 911 806 μηροκαιτεῒν
939 718 983 783 ed
1016 717 1289 804 significationem

169 819 306 906 quidem
317 817 466 905 proxime
482 829 559 882 sunt
575 817 767 885 subtentivis
781 816 958 903 ἐνωμοτία,
978 815 1151 903 ἐκεχειρία,
1170 818 1289 908 μηρία,

171 942 233 987 nee
253 930 361 984 tamen
383 917 459 983 hino
478 916 576 983 dueta
596 918 656 985 sed
678 918 719 984 eb
743 913 923 1003 ἔνώμοιος,
956 915 1137 1003 ἐκέχειρον,
1170 915 1289 1007 μηρός.

171 1022 243 1089 Mel
267 1042 286 1086 e
313 1018 405 1084 malis
431 1016 592 1103 Cydoniis
620 1019 803 1087 confectum
829 1018 886 1105 qui
914 1018 1120 1107 appellarunt
1141 1013 1290 1084 κυδωνό·

170 1123 249 1206 μελι
271 1120 313 1186 od
335 1118 531 1206 primitivum
542 1114 663 1185 Κύδων
682 1121 822 1208 regressi
841 1130 917 1185 sunt
924 1143 934 1196 ;
954 1111 1143 1204 μονοειδής,
1164 1118 1199 1182 in
1221 1141 1289 1204 quo

171 1220 246 1288 libri
268 1219 508 1305 Theophrastei
536 1220 745 1285 consentiunt
773 1222 818 1305 (v.
840 1221 1010 1288 Wimmer.
1040 1217 1083 1282 od
1106 1219 1152 1283 H.
1182 1219 1236 1284 Pl.
1258 1220 1287 1285 Ι.

174 1321 225 1398 10,
248 1322 294 1405 1.)
316 1320 406 1385 houd
426 1319 632 1385 incommode
654 1322 696 1385 ed
717 1320 899 1387 leoonioum
926 1326 1033 1405 μῦνορ
1055 1317 1091 1382 id
1112 1328 1163 1384 est
1177 1322 1290 1405 ’μῶνος

171 1421 283 1488 refeni
315 1431 443 1508 potest,
480 1420 569 1486 unde
603 1416 766 1505 ἑξάγωνος
778 1468 786 1499 ,
828 1415 1041 1506 πολύγονος,
1080 1413 1287 1504 χιλιόγωνος.

171 1522 285 1591 Unum
304 1521 471 1610 Apollinis
494 1521 664 1609 epitheton
685 1515 889 1611 Αυκηγενής,
912 1520 942 1586 si
962 1529 999 1584 ut
1020 1517 1166 1583 seniores
1186 1518 1288 1583 inter·

171 1634 301 1711 prelum
322 1621 444 1689 docent
468 1619 526 1689 τὸν
557 1620 593 1687 ἐν
615 1619 733 1709 Λιαίᾳ
757 1621 969 1711 γεγενημένον
993 1618 1172 1704 signifieat,
1200 1618 1288 1684 diffi-

171 1723 233 1789 cile
261 1732 312 1787 est
335 1721 376 1786 eb
406 1721 513 1808 ellipsi
540 1720 721 1796 vindicere3
751 1722 811 1786 sed
840 1730 1013 1787 excusatur
1042 1717 1286 1804 quodammodo

171 1823 447 1912 proprietatoss).
470 1858 511 1870 --
533 1821 676 1887 Nomine
698 1822 734 1887 in
757 1806 962 1900 &exeuntia
984 1821 1030 1886 ite
1054 1821 1209 1906 componi
1231 1844 1285 1888 so-

170 1925 240 1991 lent
252 1932 290 1988 ut
310 1922 445 2008 genitivi
465 1921 565 1987 ionici
587 1922 731 2010 speeiem
751 1922 891 1988 referent
912 1916 1114 2010 ἐχιόδηκιος,
1136 1915 1286 2007 αἳρεσιο·

169 2021 291 2110 μάχος,
315 2017 534 2113 φυσιολόγος,
559 2030 810 2103 οτασιοποιεῖν,
842 2018 1085 2108 ὁμοιοπαθεῖν,
1116 2022 1285 2110 avitoqu-

169 2127 304 2202 λακεῖν,
337 2121 429 2208 quod
455 2123 568 2189 neseio
599 2146 656 2190 eur
685 2124 728 2191 G.
754 2124 949 2191 Dindorlius
973 2121 1008 2186 in
1035 2119 1136 2186 Thes.
1160 2120 1202 2186 Τ.
1224 2122 1284 2188 VI.

171 2224 264 2290 1357.
294 2223 328 2288 in
356 2225 640 2312 πολιτοᾳολακεῖν
659 2236 820 2291 mutatum
849 2225 936 2290 velit
979 2221 1043 2287 His
1072 2220 1235 2286 interdum
1261 2209 1284 2287 o

169 2324 295 2389 mieron
328 2322 507 2387 detrahitur
539 2323 744 2413 ἐχίδηκιος,
767 2320 992 2410 ὀρχιιιεόίζειν
1031 2321 1169 2407 aliisque
1203 2322 1286 2388 infra

170 2424 396 2514 proponendis
424 2445 452 2489 o.
482 2424 543 2490 IV.
569 2427 595 2508 ξ.
615 2426 647 2489 4.
676 2438 709 2490 et
739 2447 887 2493 sermone
909 2425 979 2509 jam
1006 2433 1160 2509 vergente
1188 2423 1285 2488 etiem

169 2528 239 2594 iote
259 2523 398 2592 subduci
429 2534 582 2610 coeptum
611 2535 660 2590 est
681 2522 903 2615 λεξογράφος,
931 2516 1133 2611 ὄρχατομία,
1165 2523 1284 2608 quibus

169 2634 413 2694 antecesserunt
444 2625 510 2689 duo
543 2624 677 2712 propn‘a
699 2620 908 2713 Ὑβραγόρας
945 2635 977 2690 et
1006 2615 1163 2700 ’Ἀσίννιος
1190 2624 1286 2712 παρὰ

167 2725 226 2813 ιὴν
248 2719 324 2792 ἄσιν
340 2725 421 2790 ΕΜ.
442 2732 516 2790 oum
536 2725 702 2811 gentilicio
725 2722 957 2813 Σιροποίονες,
983 2723 1073 2808 quod
1096 2735 1284 2810 corruptum

167 2824 316 2892 hebetur.
359 2825 436 2891 Non
462 2827 577 2912 procul
602 2827 677 2892 hine
699 2826 800 2892 distet
820 2822 1035 2913 Χαρμενίδης
1059 2824 1087 2888 si
1108 2824 1143 2888 id
1165 2847 1186 2889 a
1206 2832 1283 2892 Χα-

168 2926 303 3014 ριμένης
325 2926 504 2993 ἀειὶνειιιια
526 2939 584 2992 est.
628 2928 725 2993 Nune
742 2927 786 2991 ad
803 2948 843 2991 ee
856 2926 1048 3014 progrediar
1067 2946 1153 3010 quae
1165 2925 1283 2992 Gram-

165 3026 276 3094 metioi
296 3050 371 3094 eum
392 3029 510 3094 dativis
531 3029 656 3095 numeri
679 3027 813 3117 pluralis
836 3028 1009 3112 conjuncta
1023 3036 1156 3113 putent:
1180 3025 1282 3094 ἕπεο·

164 3124 269 3214 βόλος
288 3136 361 3208 τοῖς
383 3126 480 3198 ἔπεσι
505 3125 639 3215 βάλλων
658 3131 816 3218 Apollon.
837 3128 921 3194 Lex.
944 3122 1110 3215 ὀρεσκῶος
1131 3119 1201 3194 ἀπὸ
1223 3131 1282 3192 τοῦ

165 3225 245 3296 κείω
270 3229 399 3315 γέγονεν
426 3224 616 3317 ὀρεσίκοιος
641 3231 699 3296 καὶ
723 3234 874 3318 συγκοπῇ
905 3222 1078 3314 ὀρὲσκοιος
1100 3224 1159 3292 καὶ
1185 3221 1282 3293 ἐκτά-

165 3352 219 3395 σει
251 3325 419 3417 ὀρέσκῳος
455 3327 513 3393 καὶ
544 3327 727 3410 μεταθέσει
758 3335 817 3396 τοῦ
844 3324 941 3394 τόνου
969 3321 1140 3415 ὀρεσκῴος
1168 3325 1280 3392 Sehol.

164 3424 200 3497 ll.
223 3427 246 3494 l.
273 3426 525 3515 268.Epim.1.
554 3428 627 3493 304.
648 3428 729 3494 ΕΜ.
759 3428 832 3504 630,
862 3428 912 3492 11.
956 3429 1033 3494 Ηοο
1059 3426 1279 3513 relinquamus

165 3526 394 3595 divinantibus.
437 3529 588 3595 Altemm
608 3528 655 3593 illi
678 3528 842 3592 finxerunt
864 3528 907 3593 ed
931 3530 1116 3615 exemplum
1136 3532 1281 3597 voeabu-

164 3626 270 3692 lorum
292 3630 505 3715 poeticorum,
528 3652 613 3716 quae
634 3630 669 3694 in
689 3628 780 3695 Diss.
803 3625 856 3693 lll.
880 3648 907 3693 e.
931 3628 987 3696 Vl.
1012 3634 1038 3715 ξ.
1059 3632 1092 3696 4.
1114 3633 1278 3718 produce-

164 3749 237 3793 mus
256 3725 524 3816 τειχεσιαλήιης,
556 3724 757 3816 ἐντεσιεργός
778 3738 838 3794 ete.
862 3750 1000 3813 quorum
1024 3733 1188 3797 nonnullis
1212 3733 1279 3798 iota

170 3984 180 4027 ·'
237 3981 282 4050 18)
303 3980 359 4034 Pro
378 3974 528 4048 ὶοκοιογὴς
545 3979 621 4049 opud
640 3977 817 4033 Herodotum
834 3978 1014 4034 scribendum
1033 3997 1094 4034 esse
1118 3977 1280 4052 λυκιοεργὴς

158 4065 219 4137 jem
231 4066 393 4122 Athenaeus
406 4065 627 4137 suspicatione
663 4061 891 4134 Αἰγυπτιογινῆς,
904 4068 982 4136 quod
993 4065 1022 4119 in
1035 4065 1119 4120 codd.
1133 4065 1276 4120 nonnullis

162 4151 293 4222 Aeschyli
307 4151 412 4224 legitur
421 4148 541 4224 synizesi
554 4146 719 4214 breviatum,
732 4167 795 4203 eum
804 4147 993 4221 Ἀσιατογενὴς
1009 4150 1139 4207 conferre
1154 4149 1233 4206 libet
