2736 4778
188 341 241 416 74.
400 348 403 354 ’
546 327 871 445 ,ὉΙΒΒΕῌΤΑΤΙΟ
905 338 933 405 Ι.

189 519 235 602 ὡς
264 519 358 610 Κρής
379 518 517 612 ’Ἐγκρης
539 519 717 612 ’Έγκρητος
757 526 831 612 (scr.
856 519 1045 610 Ἔτεόκρης)
1075 522 1299 590 Choerobosc.

192 627 272 695 Can.
302 626 379 703 144,
409 626 438 692 7.
467 636 500 692 et
522 625 593 692 175.
628 638 661 691 et
694 627 874 692 accuratius
902 625 1102 712 Apollonius
1131 627 1171 691 de
1195 626 1299 693 Pron.

190 754 224 818 p.
248 730 298 794 70.
320 728 377 792 ubi
400 728 440 793 de
464 728 657 816 pronomine
679 728 735 793 illo
760 728 904 793 disserit:
934 727 970 792 τὸ
1003 724 1102 813 ίωροί
1123 728 1218 815 παρὰ
1245 722 1300 797 ἆτ-

188 838 294 909 tracis
315 827 473 915 ὁμολογεῖ
489 832 549 916 τὴν
567 824 898 914 decorandos-impos*
918 825 950 896 oi
970 822 1073 916 αὐτῆς
1089 831 1149 916 τῆς
1168 825 1301 909 πόλεως

187 930 348 1014 φύλακες·
380 934 557 998 καλοῦνται
586 929 623 997 di
652 931 708 997 καί
747 927 779 998 ol
809 927 997 1014 αὐθιγενεῖς
1032 928 1126 1014 παρὰ
1165 930 1300 1009 Ροδίοις

187 1031 314 1119 ἵγνητες
336 1036 395 1120 τῆς
417 1030 554 1109 δασείας
576 1027 717 1108 doceatis
739 1028 1004 1115 προςελίλοιίσης.
1050 1032 1180 1096 Horum
1200 1032 1301 1119 igitur

188 1134 347 1200 sententia
372 1133 433 1199 fuit
457 1133 542 1198 inter
563 1133 686 1200 Gnctes
713 1143 746 1197 et
763 1131 926 1217 Hignetes
946 1131 1034 1198 idem
1053 1132 1208 1200 interesse
1232 1133 1299 1198 dis·

188 1235 330 1303 criminis
353 1235 442 1320 quod
465 1235 550 1301 inter
570 1232 684 1300 Cretes
706 1243 740 1299 et
758 1234 959 1312 Eteocretes,
980 1235 1125 1300 Butades
1144 1246 1177 1299 et
1196 1236 1299 1302 Eteo-

188 1336 336 1404 butadas.
380 1336 588 1422 Adjeotivum
616 1334 875 1421 monosyllabum
905 1333 981 1423 γνὴς
1012 1358 1079 1401 non
1105 1337 1211 1401 miuus
1240 1337 1299 1403 ab·
1342 1381 1347 1402 .

191 1461 307 1504 sonum
334 1449 384 1504 est
412 1460 509 1523 quam
541 1438 624 1523 βλής
651 1435 703 1502 vel
735 1436 820 1522 δμής
841 1436 960 1502 Parcll.
985 1435 1036 1502 82.
1057 1437 1096 1503 cl.
1115 1437 1233 1504 Lehrs.
1256 1440 1300 1504 ad

188 1540 314 1606 Herod
344 1565 377 1629 p.
407 1538 524 1624 326.⁵)
555 1538 614 1604 sed
642 1550 678 1603 ut
699 1538 881 1625 alienigena
903 1537 1019 1603 dicitur
1045 1534 1228 1629 ἓτερογνης,
1255 1541 1301 1606 ita

187 1642 317 1734 indiges
345 1642 413 1707 sive
433 1663 546 1717 verna,
578 1642 669 1725 qnod
694 1663 813 1707 nomen
839 1641 960 1705 Festus
988 1640 1216 1726 interpretatur
1241 1644 1300 1708 tti-

189 1747 257 1810 dem
278 1757 398 1820 aarum,
420 1740 578 1829 appellari
594 1740 702 1827 potuit
720 1737 811 1827 ἴγνης
829 1741 994 1806 intellectu
1013 1740 1146 1828 duplici,
1170 1742 1222 1807 vel
1239 1765 1299 1829 pro

189 1841 360 1932 ἐνδαγενής
388 1842 565 1929 ingenuus,
598 1842 625 1907 si
651 1864 725 1907 cum
753 1842 998 1929 praepositione
1029 1839 1061 1909 i'v
1083 1844 1301 1931 compositum

189 1957 239 2012 est
267 1956 304 2009 nt
320 1940 449 2029 Ἰοχεριό
479 1940 555 2031 ἑξῆς
580 1944 663 2008 Hes.
685 1944 707 2008 i.
731 1966 762 2028 q.
785 1942 942 2033 ἐνσχὲραί,
966 1945 1018 2010 vel
1039 1967 1099 2030 pro
1122 1939 1301 2034 αὐθιγενής

189 2047 257 2113 sive
280 2041 440 2131 ἰθαγενής
462 2045 499 2123 si,
522 2057 559 2109 ut
572 2045 752 2134 Apollonio
771 2046 888 2134 placet,
914 2069 987 2111 oum
1009 2046 1202 2132 pronomine
1223 2070 1299 2113 coa·

189 2150 258 2215 luit.
300 2134 429 2214 Ilodcm
451 2159 558 2213 tamen
577 2150 652 2232 jure
675 2147 825 2212 affirmari
847 2158 961 2234 posset
975 2148 1044 2213 iota
1065 2148 1301 2235 pleonasticum

190 2251 257 2315 sive
287 2249 492 2313 formativum
519 2272 607 2327 esse,
633 2251 697 2315 nisi
728 2251 828 2316 satius
853 2250 1017 2315 videretur
1042 2250 1183 2315 nominis
1205 2273 1300 2337 pere-

189 2352 274 2439 grini
302 2363 335 2417 ct
362 2349 517 2427 obsoleti,
547 2350 637 2435 quod
665 2350 803 2417 fortasse
828 2352 953 2416 nullum
981 2350 1079 2417 habet
1107 2374 1181 2417 eum
1200 2350 1300 2418 verbo

190 2456 359 2538 γοίνεσθαι
378 2452 615 2529 commercium,
630 2452 930 2539 interpretationem
947 2452 1121 2539 ancipitem
1136 2453 1301 2539 defugere.

191 2555 370 2624 Justiorem
391 2576 467 2619 vero
487 2554 667 2640 pleonasmi
681 2554 901 2641 suspicionem
918 2552 1054 2641 praebet
1070 2554 1302 2642 appellativum

191 2653 309 2742 ἶωρός,
340 2656 430 2740 quod
448 2656 647 2744 Apollonius
677 2656 809 2740 quidem
839 2679 913 2721 cum
935 2656 1050 2721 eodem
1073 2656 1266 2742 pronomine
1289 2655 1308 2724 λ’

192 2757 380 2843 copulatum
403 2757 482 2821 dicit
511 2759 570 2822 sed
589 2756 652 2824 hoc
673 2757 761 2823 nullo
789 2758 888 2824 modo
912 2757 1077 2823 conciliari
1097 2767 1207 2842 potest
1229 2779 1302 2823 curn

191 2857 275 2942 legis
296 2857 448 2942 antiquae
469 2858 586 2936 verbis,
611 2881 695 2943 quae
721 2860 842 2926 Suidas
865 2859 959 2925 affert
979 2855 1094 2947 Ἰωρός
1116 2855 1228 2945 φύλαξ
1246 2860 1302 2925 καὶ

192 2956 360 3045 παροιμία
386 2953 468 3025 Οὐδ’
494 2958 585 3037 ἐντὸς
607 2956 726 3043 ἰωροῦ·
748 2960 818 3026 Καὶ
837 2958 941 3042 νόμος
962 2956 980 3026 ὁ
1003 2955 1085 3045 παρ’
1104 2956 1303 3044 Ἀθηναίοις

193 3054 288 3138 ἐκτὸς
318 3054 422 3145 leopati
456 3057 604 3129 ἐκέλευεν
636 3054 722 3129 εἶναι
754 3063 832 3140 τούς
859 3056 1104 3149 ἀνδροφόνους·
1135 3058 1188 3124 hio
1217 3060 1303 3126 enim

191 3184 326 3249 prorsus
348 3186 415 3227 non
441 3162 593 3229 convenit
612 3161 703 3242 ἐκτὸς
722 3161 882 3251 φύλακος.
933 3161 1002 3229 Sed
1024 3161 1052 3225 si
1072 3161 1123 3226 vel
1145 3161 1304 3247 pluralem

190 3262 255 3328 illio
278 3263 433 3348 seriptum
451 3264 552 3328 fuisse
575 3264 742 3350 ponimus,
767 3286 905 3349 eumque
929 3265 976 3329 sic
998 3263 1246 3350 interpretamur
1267 3276 1304 3329 ut

189 3363 510 3450 Parocmiographus
532 3365 625 3441 ἐκτὸς
647 3369 712 3430 τῶν
734 3363 982 3453 φυλακτηρίων,
1010 3375 1117 3430 tamen
1148 3365 1203 3429 illa
1224 3388 1301 3452 pro·

191 3465 331 3529 nominis
359 3465 514 3530 assumtio
539 3465 736 3552 permolesta
768 3476 826 3530 est.
883 3465 1068 3548 Quemnam
1095 3465 1182 3531 enim
1205 3466 1301 3532 intel·

191 3565 310 3631 lectum
336 3563 475 3633 habctc‘r
501 3561 696 3652 αὖτοφὺλαξ
715 3568 765 3631 rel
787 3563 806 3634 d
829 3565 962 3654 γνήσιος
983 3565 1114 3652 φύλαξί
1142 3566 1189 3630 sic
1217 3567 1303 3633 enim

191 3690 310 3733 nornen
336 3665 437 3755 ἶωρός
456 3669 685 3755 interpretatur
695 3668 858 3734 Arcadius
879 3690 908 3733 v.
925 3667 1026 3733 Proll.
1043 3667 1116 3734 275.
1133 3678 1201 3734 not.
1232 3668 1302 3733 Ita·

193 3790 257 3853 que
276 3778 450 3834 retractans
481 3770 570 3855 quod
591 3769 643 3836 hio
664 3770 845 3858 Apollonio
868 3792 1020 3848 assensus
1041 3792 1123 3848 sum,
1145 3792 1232 3836 nunc
1257 3770 1304 3835 ita

192 3880 310 3946 statuo,
333 3869 361 3935 si
377 3871 459 3956 legis
479 3883 591 3937 auctor
610 3868 719 3960 ίωρῶν
736 3871 910 3959 scripserit,
932 3870 1091 3937 incertum
1106 3894 1179 3938 esse
1196 3882 1304 3938 utrum

262 4128 291 4194 5)
306 4126 401 4182 Schol.
422 4128 489 4183 Eur.
511 4128 560 4182 Or.
578 4128 617 4180 18.
640 4125 669 4181 ni
684 4111 767 4194 sle-q}
778 4121 892 4187 ὀξύτοιά
912 4119 1108 4194 μονοσύλλαβα
1126 4127 1304 4198 περιποσυλ-

192 4203 282 4277 λᾶβως
294 4210 441 4282 κλινόμενα
456 4210 501 4268 dui
516 4217 562 4268 τοῦ
574 4201 721 4284 ἷο-ςῖΚρὴς,
733 4207 805 4281 stris,
824 4205 879 4279 Urit,
898 4209 1017 4283 Simplex
1028 4204 1101 4280 βλῆς.
1114 4212 1192 4283 quod
1204 4210 1304 4266 Gram-

191 4294 285 4352 matici
297 4297 437 4371 rejiciunt,
452 4298 550 4356 sumsit
562 4317 577 4357 e
593 4296 754 4373 compositis
772 4292 863 4370 ἀβλὴς,
877 4292 987 4367 ἐπιβλὴς
998 4304 1053 4352 etc.
