2736 4778
142 332 209 421 αα
226 332 497 405 Pmrnnnsr
514 334 576 402 nr
596 333 870 405 scaurum.
894 333 933 403 o.
944 334 991 403 11.
1010 331 1075 423 §.t
1101 333 1175 415 575

63 522 208 610 Dionys.
234 525 327 589 Anu
348 523 414 588 XI.
438 523 490 588 20.
518 533 551 589 et
578 523 630 589 all.
658 547 687 589 v.
712 523 847 592 Jacobs.
875 523 918 588 ad
942 524 1017 588 Ael.
1046 547 1080 610 p.
1105 522 1176 589 158.

63 627 207 694 Bredov.
231 626 272 691 de
292 624 380 692 Dial.
401 625 528 692 Herod.
549 649 582 712 p.
594 626 657 691 279
675 648 724 711 sq.
748 625 856 691 differt
876 648 896 691 a
918 626 1078 690 declinato
1100 628 1177 695 τέσ-

64 748 170 813 σαρες
188 728 248 794 καὶ
270 727 351 794 δέκα
372 730 446 815 νῆες
466 728 595 794 Ααδοα.
619 729 661 794 de
682 728 766 794 Red.
789 751 822 814 p.
836 728 889 805 22,
910 729 962 793 21.
986 726 1077 813 quod
1095 727 1176 794 Pol·

61 828 124 895 lux
143 829 173 894 I.
194 828 246 894 bb.
268 826 329 894 sub
351 852 417 895 uno
440 841 575 895 aeeentu
590 814 694 909 ,ser-ibi
716 830 810 915 jubet
830 829 889 895 sed
910 829 998 894 idem
1020 829 1178 896 dirimitur

65 931 102 997 in
121 931 203 1017 Lys.
228 932 288 998 Or.
312 932 414 997 XIX.
438 932 509 1008 156,
531 933 583 997 47.
608 944 638 998 et
666 933 738 997 aliis
765 932 846 998 locis
875 932 917 996 ad
940 929 1019 996 Phr.
1039 932 1104 996 408
1127 955 1175 1017 sq.

62 1032 247 1131 designatis
268 1053 329 1099 nee
348 1057 421 1099 raro
443 1033 617 1109 invertitur·
632 1036 713 1103 δέκα
732 1034 790 1100 καὶ
809 1032 964 1117 τέτταρες
981 1033 1118 1099 Aristot.
1131 1034 1176 1100 H.

63 1136 155 1201 Amr.
177 1135 242 1201 IX.
264 1135 294 1201 9.
317 1160 350 1223 p.
360 1135 435 1200 596.
451 1158 480 1200 a.
503 1135 533 1199 8.
551 1132 754 1214 Ἑκκαίδεκα,
775 1135 866 1220 quod
887 1135 976 1221 apud
997 1137 1178 1201 Homerum

58 1250 134 1303 u'on
148 1237 268 1324 legitur
281 1237 345 1301 nisi
361 1238 579 1324 compositum
594 1233 896 1322 ἓκκαιδεκδδωρος,
914 1237 1048 1302 diastasi
1067 1239 1178 1303 eximit
1262 1231 1264 1235 ’

64 1339 256 1407 assimilatio
283 1362 464 1416 consonae;
496 1338 629 1404 dissolvi
656 1348 765 1424 potest
791 1361 858 1403 non
884 1339 1112 1419 assimilatum,
1141 1337 1179 1419 ἓξ

58 1442 126 1509 καὶ
154 1442 251 1520 δέκα,
284 1441 375 1526 quod
402 1441 523 1506 Atticis
555 1463 727 1527 perperam
756 1438 1007 1506 tribuitsehol.
1036 1441 1176 1507 Lucian.

62 1542 179 1609 Prom.
205 1546 231 1628 ξ.
252 1544 304 1608 20.
330 1568 363 1631 p.
386 1543 438 1607 55.
463 1541 504 1607 Τ.
528 1543 587 1610 IV.
616 1543 667 1607 ed.
693 1539 810 1609 Jacob.
840 1538 877 1627 i}
903 1541 960 1606 καὶ
985 1539 1066 1609 δέκα
1094 1532 1179 1622 ed}
1286 1544 1294 1555 '

64 1640 209 1723 δττνκῶς
237 1643 434 1733 ἐφυλάχθη·
456 1633 549 1713 οὗτοι
577 1644 640 1731 γὰρ
666 1641 723 1708 ἐπὶ
748 1647 806 1729 τῆς
828 1646 894 1707 τῶν
921 1634 1075 1726 ἀριθμῶν
1099 1667 1176 1726 σνν-

63 1742 198 1829 &aas
219 1741 263 1810 τὰ
288 1744 365 1832 τέλη
386 1744 591 1834 φυλάττουσι
616 1747 680 1809 τῶν
700 1737 833 1808 ἁπλῶν·
863 1741 926 1808 hoo
950 1743 1036 1807 enim
1057 1742 1095 1809 fit
1116 1744 1176 1809 ad·
1266 1773 1269 1787 ·

58 1842 206 1930 justinia,
233 1867 319 1931 quae
346 1867 388 1910 ex
411 1844 568 1910 numerali
597 1856 629 1909 et
657 1843 857 1910 substantivo
885 1843 1068 1930 composita
1091 1856 1176 1923 sunt,

65 1944 285 2033 πεπέμηνος,
304 1943 497 2031 ἑξμέδιμνος
513 1959 574 2012 ete.
593 1947 758 2012 numerale
778 1955 886 2010 autem
904 1967 971 2010 non
989 1945 1178 2012 distrahitur

62 2047 131 2113 nisi
151 2047 273 2115 omissa
293 2048 412 2135 copula
440 2045 478 2128 ἓξ
500 2050 598 2127 δέκα,
629 2037 720 2134 σἀοδ
742 2069 816 2113 eum
838 2044 996 2111 similibus
1019 2048 1178 2133 τέσσαρες

64 2151 176 2229 δέκα,·
197 2149 297 2218 πέντε
324 2148 406 2216 δέκα
437 2149 556 2236 legitur
583 2149 618 2213 in
645 2149 749 2213 lusor.
768 2149 972 2214 ‘Tauromem
1001 2171 1031 2213 v.
1057 2149 1175 2215 Franz.

62 2244 184 2339 Epigr.
205 2251 248 2316 N.
271 2252 322 2316 87.
345 2250 418 2317 001.
440 2251 486 2315 II.
510 2250 566 2315 lin.
589 2252 620 2327 3,
643 2251 693 2315 13.
717 2260 750 2314 et
771 2251 821 2315 17.
843 2272 877 2335 p.
898 2251 1026 2315 227-
1050 2246 1176 2320 Ἔννεα·
1290 2260 1296 2271 “

59 2348 207 2419 -καίδεκα
224 2346 285 2441 ὑφ’
306 2351 359 2419 έν·
382 2349 570 2441 asportor
586 2353 624 2420 δὲ
640 2348 689 2428 εἰς
706 2352 782 2436 τρία
803 2351 942 2440 depones
961 2351 1045 2441 μέρη
1064 2352 1175 2421 Schol.

62 2453 105 2519 Il.
118 2452 252 2520 XXIV.
267 2448 345 2519 496.Ι
361 2453 423 2518 hae
444 2454 582 2519 fortasse
602 2453 726 2519 ratione
748 2452 864 2519 duetus
883 2454 975 2539 quod
995 2454 1029 2519 in
1052 2455 1119 2522 Od.
1133 2457 1175 2525 V.

56 2555 140 2621 278.
155 2553 328 2621 intersedit
344 2555 529 2641 conjunctio
547 2551 633 2621 ἑπτὰ
654 2554 765 2621 δὲκαὶ
783 2555 873 2634 δέκα,
892 2556 944 2622 vel
962 2557 1040 2642 quia
1058 2570 1175 2644 poetae

63 2654 202 2743 antiqno
223 2656 357 2722 formam
379 2657 548 2745 propriam
569 2668 603 2721 et
626 2656 767 2722 nativam
787 2657 892 2742 magis
915 2660 1086 2726 convenire
1110 2683 1174 2749 pu·
1283 2693 1287 2715 ι

62 2757 165 2824 tabat.
210 2757 279 2840 Qui
301 2781 401 2846 supra
423 2760 619 2825 vicenarium
642 2771 718 2825 sunt
743 2760 884 2838 numeri,
911 2761 1033 2846 ubique
1053 2762 1176 2831 habent

62 2870 218 2927 aeoentus
242 2859 352 2946 privos
375 2859 521 2928 δέκακαὶ
544 2858 652 2929 εἴκοσι
681 2860 748 2929 Οδ.
769 2862 834 2926 ΙΧ.
856 2863 930 2928 241.
958 2862 1098 2952 κέστρας
1118 2870 1176 2935 καὶ

62 2958 173 3029 εἴκοσι
193 2961 291 3028 XVI.
313 2963 386 3028 249.
415 2976 446 3027 et
472 2963 571 3049 paulo
597 2974 674 3050 post
699 2960 768 3029 δύω
793 2965 850 3030 καὶ
874 2962 1087 3051 πεντήκοντα.
1130 2968 1175 3035 Et

61 3063 113 3130 sic
133 3086 195 3151 per
216 3065 333 3131 omnia.
376 3067 532 3131 Detracta
554 3086 630 3130 vero
653 3065 772 3151 copula
791 3065 876 3130 redit
897 3065 1079 3152 parathesis
1100 3070 1174 3134 uni·

61 3177 130 3231 tate
153 3166 510 3252 accentus'signifioata
536 3163 802 3252 εἰκοσιτέσσαρες
824 3179 883 3232 ete.
911 3167 1065 3252 idemque
1086 3169 1123 3233 fit
1146 3172 1176 3236 si

63 3268 149 3335 ordo
175 3269 372 3335 oonvertitur
399 3272 585 3356 δεκατρεῖς,
616 3266 799 3349 δεκαοκτώ,
831 3267 1044 3353 εἰκοσιτρεῖς,
1075 3296 1173 3355 τρια-

59 3369 252 3438 κονταενττά
277 3370 379 3438 Diod.
403 3370 501 3437 XIV.
528 3370 579 3436 93.
608 3369 889 3458 ἐνενηκοντατρεῖς
903 3371 1056 3458 ‚Dionys
1079 3375 1173 3441 Ante

61 3472 126 3539 IV.
148 3471 200 3537 19.
224 3494 308 3558 quae
333 3473 423 3560 ap'ud
446 3473 644 3559 posteriores
668 3472 864 3559 praevalent.
914 3474 1041 3540 Eadem
1068 3476 1174 3542 cardi·
1214 3533 1219 3553 ,

60 3572 151 3639 nulia
171 3580 246 3639 eum
267 3575 464 3660 quibusdam
486 3575 695 3641 substantivis
711 3575 825 3659 juncta
846 3575 992 3642 Iocorum
1012 3578 1095 3644 flunt
1113 3603 1175 3647 no·

61 3676 152 3742 mina
182 3677 317 3764 propria
349 3677 492 3762 ideoque
524 3689 693 3745 aoeentum
724 3679 979 3766 compositorum
1012 3683 1176 3770 accipiunt

62 3777 125 3844 sed
144 3778 213 3842 noir
238 3801 376 3866 semper.
421 3780 477 3847 Sic
503 3802 622 3847 nornen
647 3782 805 3847 montium
829 3780 1060 3864 Mauritaniae,
1091 3809 1174 3870 quos

60 3880 176 3945 Latini
194 3881 314 3965 Septem
336 3887 451 3967 fratres
470 3895 591 3948 vocant
610 3907 641 3949 v.
655 3883 839 3950 Tasohuok.
863 3886 904 3951 sd
921 3887 1001 3952 Mel.
1022 3887 1098 3955 Vol.
1109 3886 1175 3952 III.

60 3982 102 4048 P.
126 3983 154 4048 Ι.
179 3982 250 4049 138.
278 3983 312 4048 in
337 3984 424 4050 Edd.
453 3985 594 4070 antiquis
620 3986 758 4052 Ptolem.
781 3988 841 4055 IV.
871 3990 899 4054 1.
927 3985 1176 4076 Ἑνεταάδελφοι

61 4083 224 4162 scribitur,
247 4084 281 4148 in
304 4086 400 4151 eodd.
424 4087 588 4173 plerisque
609 4085 844 4177 Ἑατάδελφοι,
869 4088 958 4172 quod
981 4087 1174 4154 Grashofius

61 4184 174 4251 divisit
201 4198 337 4254 accentu
365 4199 489 4252 mutato
512 4183 607 4253 ‘Erre'
637 4185 788 4278 ἀδελφοί.
839 4174 883 4255 E't
913 4189 959 4255 sie
988 4191 1052 4256 alia
1079 4191 1175 4277 hujus

60 4288 193 4381 generis
218 4285 319 4355 Ἑπτὰ
348 4285 454 4355 ὕδατα
482 4289 623 4377 Dionys.
651 4291 742 4354 Anu.
766 4291 792 4355 I.
820 4292 869 4355 14.
907 4297 1005 4381 Τρεῖς
1031 4292 1176 4387 sepulcri
