2736 4778
136 390 197 457 ιιο
461 342 464 347 ’
511 330 879 479 msssnrnnrcvn

132 548 216 617 ὅθεν
238 550 390 617 Lebrsius
422 549 528 615 iunior
554 549 588 614 in
609 547 686 614 Hes.
708 546 795 614 Scut
817 546 859 613 32
893 548 1039 631 asyndeti
1072 550 1265 615 mmouendi

132 672 229 720 ceusu
248 652 356 736 posuit
376 670 435 733 pro
456 648 569 730 πόθεν,
591 650 675 732 quod
697 658 793 733 pocta
812 650 873 716 boc
893 651 962 717 loco
983 670 1042 733 pru
1053 648 1146 719 ὅθεν
1170 672 1262 719 usur·

132 774 228 839 passe
251 754 386 821 uidetur.

217 860 244 944 ξ.
268 857 297 923 3.
341 857 486 921 Poetae
517 855 664 920 scenici
696 853 729 919 in
761 855 847 921 exitu
874 874 1025 921 versuum
1044 855 1261 925 iambicorum

129 966 163 1027 et
184 961 414 1028 trochaiccmm
435 975 498 1022 non
520 957 622 1022 solnm
644 958 821 1022 communia
842 950 1000 1037 ἂλλοθεν,
1024 956 1188 1041 ἔνδοθεν,
1212 960 1258 1046 ἐν

132 1060 244 1149 yion,
268 1058 405 1129 οἴκοθεν
426 1060 473 1124 sic
493 1064 531 1124 ut
551 1059 649 1125 ceteri
660 1057 775 1125 Graeci
797 1059 936 1125 scribere
951 1060 1065 1141 solent,
1088 1063 1260 1130 sedetiam

130 1165 253 1247 vulgari
274 1182 335 1229 usu
357 1165 482 1228 exemta
503 1165 540 1226 ut
560 1156 697 1253 ὑψόθεν
711 1160 820 1244 Eurip.
832 1162 945 1228 Troud
957 1161 1029 1227 755.
1073 1164 1259 1232 Admodum

130 1286 206 1333 uero
226 1266 300 1331 libri
320 1264 476 1331 fluctuant
496 1264 530 1329 in
550 1264 641 1344 locis,
675 1264 730 1347 qui
762 1270 830 1329 tem
857 1264 987 1330 brevem
1009 1283 1106 1348 qnam
1127 1268 1259 1353 longum

132 1368 286 1453 syllabam
318 1366 439 1445 lerunt3
472 1366 647 1432 cuiusmodi
679 1371 756 1432 sunt
786 1368 922 1433 trimetri
955 1366 1083 1433 iambici
1115 1373 1259 1455 semipes

132 1472 260 1554 quintus
282 1475 316 1536 et
336 1487 446 1535 nonus.
501 1466 572 1534 Hoc
592 1486 655 1533 non
677 1468 756 1535 adeo
777 1469 922 1534 mirabile
954 1476 1005 1534 est
1035 1470 1069 1535 in
1092 1474 1259 1541 vocabulis

130 1568 296 1656 metarum
316 1571 461 1654 propriis,
484 1571 578 1653 quale
599 1576 651 1637 est
670 1571 731 1637 hoc
751 1572 784 1636 in
806 1572 917 1654 Agum.
942 1570 1024 1637 1383
1046 1572 1097 1638 ed.
1115 1572 1258 1643 Schuetz

131 1668 484 1762 πολλιῦνπάροιθεν
505 1670 652 1761 καιρίως,
675 1673 759 1755 quod
776 1680 911 1756 quatuor
921 1674 1045 1739 codices
1055 1674 1258 1759 confirmant,

131 1781 165 1841 et
184 1775 317 1842 retinuit
337 1775 540 1842 Hermunnus
555 1772 680 1859 (1322),
702 1774 760 1840 sed
781 1777 814 1841 in
836 1777 924 1842 Pers.
935 1773 999 1841 466
1021 1795 1080 1859 pro
1103 1780 1197 1863 πρὸς
1218 1786 1258 1870 νῇ

131 1877 300 1963 πάροιθεν
327 1874 515 1964 συμφοράν,
549 1877 583 1942 in
614 1894 677 1960 quo
709 1879 843 1945 totidem
875 1880 999 1946 codices
1030 1896 1103 1946 cum
1124 1882 1204 1949 ain
1221 1890 1257 1950 et

129 1980 258 2047 Rubert.
291 1980 500 2059 consentiunt,
531 1981 685 2061 praetulit
717 1978 879 2068 πάροιθε,
913 1982 1060 2065 idemque
1094 1982 1170 2050 Hel.
1193 1984 1255 2051 tro

130 2082 208 2166 (457
241 2084 373 2166 Matth.)
413 2082 498 2169 πρὸς
530 2080 598 2163 {cde
638 2078 788 2169 πάροιθε
827 2081 1002 2171 συμφοράς
1040 2086 1145 2152 edidit
1185 2106 1254 2155 culn

131 2186 168 2251 G.
191 2186 354 2253 Dindorlio
367 2185 454 2257 nibil
476 2184 562 2251 alind
584 2204 679 2267 quam
700 2186 800 2251 zoroe
821 2186 1027 2267 testificante;
1054 2190 1133 2270 quin
1157 2192 1253 2257 etium

130 2287 193 2354 504
216 2287 308 2373 (484)
329 2288 366 2356 διο
387 2290 453 2354 τῶν
475 2282 627 2374 πάροιθε
649 2289 717 2355 sine
738 2289 829 2355 libris
851 2295 885 2355 ot
904 2288 1043 2356 Phoonn.
1057 2290 1143 2357 1004
1168 2292 1252 2377 πάρ·

128 2400 194 2476 μων
217 2389 366 2479 πάροι9ε
387 2386 587 2477 μαχόμενοι,
615 2391 669 2456 ubi
691 2392 848 2458 Matthiae
879 2393 912 2457 in
933 2392 1036 2475 Mosq.
1057 2397 1092 2459 ot
1113 2396 1252 2479 quinque

127 2492 211 2560 Flur.
224 2496 429 2562 voadiectum
440 2496 525 2574 dicit,
548 2494 605 2560 sed
618 2492 903 2575 uoetnindorfiue
926 2496 978 2577 qui
989 2496 1178 2563 idianes.
1191 2498 1251 2563 705

129 2592 166 2661 εἴ
196 2621 245 2674 τις
278 2595 427 2683 πάροιθε
458 2595 520 2683 χρή
554 2616 592 2661 ex
621 2599 656 2660 n.
679 2597 858 2683 addendum
887 2602 988 2679 putat
1054 2596 1119 2663 Sed
1141 2601 1178 2665 in
1200 2601 1251 2665 illo

129 2716 239 2764 omnes
264 2700 455 2767 concordant
476 2698 547 2764 libln'
569 2698 707 2765 Phoonn.
719 2697 782 2764 834
806 2695 888 2786 ἡγοῦ
906 2698 1068 2787 πάροιθε,
1088 2695 1248 2789 9ιῖγαοερ,

128 2800 222 2882 Hipp.
248 2799 329 2866 1433
352 2800 465 2887 (1443)
488 2801 542 2868 καὶ
564 2800 626 2886 γάρ
649 2796 801 2887 πάροιθε
824 2806 904 2879 σοῖς,
928 2800 1091 2867 Ion.1558
1112 2804 1161 2890 με)
1187 2809 1250 2871 triv

130 2900 276 2988 πάροιθε
298 2905 438 2992 μέμψις,
460 2904 586 2971 Horati.
611 2904 693 2970 1026
714 2903 828 2987 (1031)
851 2903 926 2982 δίας
949 2900 1099 2991 πάροιθε
1121 2914 1250 2993 nan-td·

129 3032 196 3086 νοο,
220 3006 268 3071 ΕΙ.
291 3006 354 3073 903
378 3006 469 3092 (899)
504 3009 626 3085 δοῦλος
659 3003 807 3092 πάροιθε
829 3002 1014 3093 δεσπότης,
1046 3006 1165 3073 Bacch.
1187 3010 1251 3075 872

128 3107 221 3191 (914)
244 3108 334 3188 ἔξιθι
351 3105 502 3197 πάροιθε
515 3107 689 3193 δωμάιων,
712 3108 848 3175 alterum
869 3128 943 3175 vero
964 3110 1014 3175 bis
1036 3114 1173 3192 tantum,
1198 3113 1252 3179 sed

126 3210 159 3275 id
182 3212 250 3276 sino
273 3212 338 3277 ulia
360 3213 556 3279 dissensione
577 3213 626 3277 El.
649 3211 712 3279 399
735 3212 826 3296 (402)
849 3217 905 3277 νῦν
927 3208 949 3299 ἢ
971 3208 1139 3299 πάροιθεν
1161 3215 1250 3294 μᾶλ-

128 3315 196 3390 λον,
220 3319 254 3379 ot
265 3314 389 3401 Horati.
402 3313 467 3380 582
490 3309 580 3402 1)’μι)
603 3309 772 3401 πάροιθεν
793 3314 925 3402 καρδία.
970 3314 1007 3379 In
1028 3316 1132 3380 altaro
1153 3322 1249 3398 parto

125 3434 237 3482 uersus
270 3417 362 3482 modo
395 3410 440 3494 ὡς
466 3413 633 3500 πάροιθεν
655 3416 788 3501 λέξομαι
810 3417 937 3482 Hercul.
959 3416 1032 3497 576,
1066 3418 1161 3483 modo
1185 3423 1250 3486 τῶν

127 3517 278 3604 πάροιθε
299 3521 356 3602 μὲν
380 3517 486 3601 λόγων
508 3518 602 3602 Hipp.
624 3517 697 3599 287,
731 3519 788 3584 sed
820 3519 871 3585 bic
898 3520 961 3586 duo
982 3520 1106 3586 cedices
1128 3524 1169 3588 νῦ
1192 3523 1248 3588 ad-

127 3621 220 3699 dunt,
252 3622 315 3687 illic
347 3620 502 3687 auferunt
569 3623 713 3686 Alterum
744 3621 839 3687 huius
866 3623 1008 3704 poeticae
1034 3621 1177 3689 funriliac
1199 3632 1250 3691 cst

125 3718 272 3806 ἔνερθε
295 3725 360 3788 εἰει
383 3722 530 3809 ἔνερθεν,
564 3743 696 3806 quorum
728 3725 817 3807 prius
844 3723 981 3808 Cbcepb
1007 3725 1067 3791 117
1089 3720 1249 3795 consensu

125 3844 249 3892 summo
282 3826 444 3906 scribitur,
478 3827 535 3893 sed
561 3828 594 3893 in
616 3828 719 3894 Prom.
741 3828 814 3907 502,
836 3828 924 3893 Pers.
947 3827 1024 3910 228,
1046 3828 1137 3896 Eum.
1164 3831 1247 3897 loos

126 3926 219 4011 (977)
242 3928 338 4011 aliqui
361 3927 497 4015 ἔνερθεν
520 3929 605 4009 dunt,
629 3934 662 3995 et
683 3928 742 3995 hoc
762 3931 860 3995 etiam
875 3929 945 3996 Ald.
968 3932 999 3995 in
1022 3930 1247 4014 almanno,

125 4036 192 4095 tres
214 4049 289 4097 vern
311 4037 344 4097 et
367 4030 452 4096 Stnb.
472 4030 600 4117 ἔνερθε.
645 4031 787 4098 Tertium
809 4038 921 4115 poetae
943 4045 1015 4098 cum
1037 4034 1247 4116 scriptoribus

125 4149 287 4199 commune
320 4133 439 4199 babent
462 4134 495 4201 ἐκ
517 4138 575 4220 τῆς
597 4130 754 4219 άπερθε
778 4134 900 4218 Sisyph.
933 4136 1038 4218 Frgm
1062 4136 1151 4217 131,
1177 4135 1245 4206 ula

125 4230 435 4321 ἐξύπερθεΡὴϋοω
448 4235 490 4303 29
512 4257 568 4319 per
590 4256 698 4303 ornnes
721 4238 844 4304 codices
865 4244 899 4304 et
912 4238 1068 4305 editiones
1081 4239 1247 4323 vulgatum

125 4342 182 4402 est
226 4337 269 4404 Et
291 4337 364 4404 huic
385 4340 563 4420 promiscuo
584 4340 693 4423 generi
715 4341 876 4422 adscripta
898 4347 973 4407 sunt
993 4342 1056 4409 dun
1067 4344 1247 4413 contrariae
