2736 4778
132 336 198 409 226
519 335 799 408 DISSERTATIO
821 335 892 405 vu

132 496 287 565 Ελλδθθ.
304 498 343 563 18
365 503 483 586 νικῷμι
506 506 587 586 νικῷ
603 501 804 586 πλεονασμῷ
826 503 885 564 τοῦ
907 501 942 584 ἶ
963 497 1107 577 ἀστικοῖς
1129 500 1269 588 νικῴη,

134 601 171 681 ἐξ
198 589 238 667 οὗ
262 599 397 688 νικῴην,
432 610 467 668 et
486 602 673 683 Apollonius
694 601 813 667 ibidem
833 603 950 667 citatus
972 599 1044 666 664.
1067 602 1111 667 27
1148 628 1269 686 περι-

133 701 288 792 nazcir]
320 703 503 784 pleonasmo
536 707 643 772 Attico
674 712 818 783 auctum,
850 705 923 770 hinc
951 711 1058 770 summ
1087 705 1268 774 secumdam

131 824 299 886 personam
321 812 424 872 ortam
445 825 518 872 esse
540 806 687 873 affirmat
731 806 831 871 Nobis
853 808 932 872 satis
954 814 1005 872 est
1026 808 1157 887 dicere,
1188 809 1268 874 dnos

131 907 229 973 inisse
262 907 395 991 optativi
422 907 537 989 flexus,
570 929 668 975 unum
695 909 888 974 ordinarium
914 913 984 996 W,
1016 911 1088 996 ᾗῐιζ
1124 910 1267 976 alterum

133 1011 284 1076 vicarium
305 1014 378 1096 ἦ,
401 1014 470 1098 φῖι,
504 1031 566 1095 quo
588 1012 711 1078 tollitur
731 1012 941 1092 pleonasmus.
978 1049 1013 1058 -
1046 1011 1169 1094 Neque
1193 1030 1266 1078 enm

133 1114 331 1181 concedimus
349 1114 623 1194 subiunctivis,
647 1113 838 1196 quosEpim
854 1113 888 1178 Il
902 1113 970 1178 lav.
985 1115 1023 1179 12
1036 1132 1191 1180 seorsum
1200 1122 1264 1181 tra·

132 1221 207 1294 ctat,
231 1211 341 1302 ἁλῴη
364 1214 574 1299 πλεονασμός
607 1217 676 1285 ἐστι
710 1223 769 1280 rori
791 1220 826 1299 ἶ
848 1213 892 1294 ὡς
925 1217 963 1280 ab
1000 1220 1047 1303 διῖι
1082 1218 1173 1300 δῷσι
1209 1220 1263 1285 καὶ

132 1320 332 1405 πλεονασμῷ
356 1324 415 1384 τοῦ
436 1322 471 1405 ἠ’
495 1319 637 1410 deique,
665 1338 727 1401 quo
749 1319 816 1384 loco
837 1325 911 1401 post
933 1323 991 1384 σοι’-
1014 1320 1048 1403 J
1071 1319 1264 1393 exciderunt

130 1419 229 1485 verba
250 1417 320 1506 δῴη
343 1422 397 1485 καὶ
421 1420 598 1490 ἐπεικάσαι
626 1426 685 1510 τῆς
707 1424 735 1492 ὁὶ
757 1423 922 1509 συλλαβῆς
946 1421 1061 1509 δῴησι.
1106 1421 1205 1487 Haec
1225 1441 1262 1488 ex

131 1522 306 1588 Homericis
326 1525 439 1589 sumsit
459 1525 613 1606 versibus,
636 1544 716 1608 quos
737 1524 838 1591 critici
859 1525 960 1590 nostri
982 1524 1023 1588 ad
1037 1523 1189 1590 ordinem
1212 1543 1260 1591 re·

131 1632 284 1693 vocarunt
305 1627 371 1692 iota
392 1644 432 1691 ex
453 1629 629 1708 penultima
661 1629 696 1693 in
715 1628 859 1693 ultimam
880 1625 1126 1692 transferentes:
1154 1622 1259 1716 ἁλώῃ,

136 1726 216 1817 δώῃ,
239 1727 356 1816 δώῃσι,
379 1748 482 1812 neque
503 1731 597 1797 aliter
619 1730 798 1796 scribuntur
818 1726 911 1817 βὴῃ,
935 1725 1040 1816 γνώῃ
1063 1735 1140 1809 etc,
1176 1749 1258 1812 quae

130 1832 534 1914 grammaticiinElemm
556 1833 658 1899 1436
690 1833 780 1900 citati
811 1851 868 1914 pro
900 1831 960 1896 hac
992 1848 1091 1896 causa
1117 1829 1258 1898 aderunt

130 1935 195 2001 iota
217 1935 455 2001 subscribentes
475 1936 679 2017 penultimae,
701 1935 739 2000 cf.
761 1935 833 2001 ΕΜ.
858 1932 907 1998 73.
930 1931 971 1997 43
995 1930 1080 2015 [infr.
1104 1932 1186 2015 Cap.
1209 1933 1257 1999 111

130 2039 148 2123 ξ
174 2038 189 2103 1
214 2037 294 2122 ult].
338 2035 404 2102 Nos
431 2056 506 2101 vero
534 2037 567 2102 in
594 2039 654 2104 hac
674 2037 874 2119 agnoscimus
895 2035 1035 2101 vocalem
1055 2034 1148 2100 verbi
1170 2037 1255 2118 prin·

131 2140 267 2222 cipalem
300 2157 339 2205 ea
367 2139 455 2205 brevi
483 2139 656 2206 thematica
687 2140 720 2205 in
741 2141 776 2221 ἶ
797 2144 831 2204 et
853 2139 888 2208 Τι’
909 2138 1037 2220 longum
1058 2154 1253 2217 conversam,

133 2244 166 2308 in
199 2244 301 2309 altera
335 2247 441 2306 antem
463 2242 716 2307 terminationem
740 2240 929 2307 subiunctivi
960 2239 1133 2323 propriam.
1193 2239 1253 2306 Sed

130 2344 209 2410 baec
251 2346 314 2410 iam
348 2345 428 2409 satis
461 2343 619 2426 expedivit
649 2343 851 2409 Thierscbius
884 2360 1013 2423 gramm
1040 2343 1068 2426 §-
1088 2341 1155 2407 224
1182 2343 1252 2409 adn

128 2465 159 2528 p.
183 2446 255 2512 370.
291 2486 327 2497 -
376 2446 509 2513 Ceterae
542 2447 692 2512 orationis
726 2450 834 2527 partes
872 2444 951 2509 nihil
988 2443 1051 2509 huc
1087 2444 1255 2511 conferant

128 2557 256 2630 praeter
279 2543 305 2615 ὦ
329 2551 480 2637 κληταιὸο
505 2548 673 2636 &aldirnam
695 2548 750 2613 καὶ
768 2549 968 2633 πλεονασμῷ
991 2553 1050 2611 τοῦ
1072 2548 1107 2630 ’ἦ
1129 2545 1252 2630 γίνεται

130 2647 177 2737 ὠή
215 2649 329 2738 ὥσπερ
357 2652 394 2716 ab
424 2652 457 2718 ιί
486 2650 537 2738 ιιή
569 2652 641 2716 ΕΜ.
664 2651 736 2715 821.
762 2650 816 2729 10,
850 2649 1035 2731 quibuscum
1061 2649 1253 2715 Eustathius

129 2751 200 2817 631.
225 2755 243 2817 7
267 2751 363 2839 ἐοιιιῤ
387 2753 515 2819 confert.
560 2753 674 2829 Quidni
696 2770 770 2817 vero
792 2758 826 2816 et
846 2751 906 2817 hoc
939 2757 972 2817 et
996 2752 1111 2816 Latina
1134 2775 1172 2833 o,
1207 2750 1253 2832 ol,

129 2853 185 2916 ote
207 2856 317 2921 eadem
340 2862 429 2921 aetas
452 2862 485 2921 et
506 2874 564 2937 par
586 2855 758 2920 necessitas
781 2855 968 2937 protulerit?

215 3009 241 3092 ξ.
265 3009 294 3073 2.
338 3009 516 3074 Proximam
539 3027 645 3073 curam
668 3008 809 3088 postulat
830 3008 914 3073 iota
935 3008 1052 3073 breve
1074 3008 1252 3090 longuin-

128 3128 208 3191 que.
255 3108 317 3174 Sed
339 3111 432 3176 huius
456 3112 598 3192 exempla
621 3109 833 3192 frequentiora
850 3114 932 3188 sunt,
955 3127 1032 3173 usus
1050 3111 1251 3190 exploratior.

127 3211 176 3276 lle
198 3213 286 3277 brevi
309 3212 413 3278 brevis
448 3219 498 3278 est
520 3214 691 3293 disputatio
721 3212 843 3277 dativus
870 3211 991 3293 primae
1025 3218 1059 3276 et
1092 3214 1252 3279 secundae

126 3315 342 3380 declinationis
365 3335 429 3381 una
440 3316 663 3396 complectens:
688 3313 818 3401 κοίλῃσι
843 3309 955 3398 ἰιιιική
975 3312 1062 3380 ἐστιν
1077 3314 1253 3398 suturam

126 3416 362 3498 Epim.1219.
388 3421 414 3482 1.
459 3418 597 3482 ionicam
631 3417 708 3483 dicit
739 3422 869 3497 propter
896 3416 1097 3482 Herodotum*
1120 3418 1251 3498 potissi·

126 3537 226 3598 mum,
261 3539 354 3600 quem
379 3526 560 3585 constanter
582 3538 733 3584 causum
757 3537 827 3583 esse
849 3520 989 3585 ostendit
1010 3518 1189 3584 Bredovius
1211 3518 1251 3583 de

126 3620 207 3686 Dial.
230 3621 302 3686 233.
346 3622 395 3686 Ex
418 3622 494 3688 Iade
516 3621 696 3688 transduxit
717 3623 749 3685 in
772 3621 935 3687 Atthidem
959 3623 1135 3703 antiquam,
1161 3622 1251 3686 cuius

126 3725 285 3804 specimen
308 3731 358 3788 est
381 3731 559 3810 σφαγαῖσιν
586 3725 618 3788 in
642 3724 762 3789 Solonis
786 3742 884 3789 axone
907 3725 1027 3789 decimo
1050 3725 1144 3789 tertio
1168 3723 1251 3788 Plut

125 3845 152 3889 v.
177 3825 239 3889 Sol.
263 3843 288 3889 c.
310 3825 386 3889 XIX
409 3832 442 3890 et
463 3826 535 3890 huic
547 3827 722 3908 proximum
735 3829 869 3914 ταύτῃσι
889 3829 921 3892 in
932 3836 1039 3892 vetere
1051 3825 1121 3907 lege
1133 3825 1251 3903 Attica,

125 3928 213 3992 cuius
236 3928 447 3993 Buttmannus
470 3928 613 3994 meminit
636 3927 708 4013 §34
731 3929 802 3994 adn.
826 3930 868 3995 20
890 3930 1014 4014 aliaque
1037 3930 1068 3994 in
1085 3927 1250 4011 Inscriptt

125 4030 266 4095 eiusdem
289 4031 424 4110 dialecti,
447 4029 483 4095 ci.
507 4030 587 4095 Keil.
612 4029 721 4096 Sched.
733 4031 842 4112 Epigr.
855 4051 884 4113 p.
896 4031 926 4097 l.
956 4031 1100 4097 InThuc.
1112 4029 1194 4095 VIII
1206 4030 1249 4095 82

124 4151 205 4197 unus
228 4134 326 4198 Paris.
350 4131 503 4200 ἐκείνοισι
526 4133 673 4215 praebet,
698 4134 781 4215 quod
803 4134 910 4215 Poppo
931 4132 1034 4215 poetis
1058 4134 1174 4199 Atticis
1198 4140 1250 4200 at·

124 4253 186 4317 que
208 4236 332 4303 Platoni
352 4237 594 4320 relinquendum
615 4242 731 4320 censet.
760 4237 900 4303 Platonis
913 4237 1057 4319 exempla
1074 4237 1251 4303 ecodicum
