2736 4778
200 398 264 467 aar
420 400 478 466 on
500 397 864 467 oaruooaaruma
884 372 1085 467 oaeneon
1167 354 1172 373 ’

135 572 140 601 ’
199 574 367 629 occurrunt
389 574 454 628 lam
474 561 562 648 qaod
575 560 769 645 simillimum
791 557 888 649 εἴπερ
910 557 1009 650 ὑπὲρ,
1031 560 1070 625 de
1091 583 1152 645 quo
1175 583 1207 625 v.
1232 560 1328 627 Batt-

198 688 347 731 muuuum
369 663 414 731 ad
433 663 515 729 Mod
530 687 570 750 p.
594 665 646 729 20.
691 664 753 733 Hic
773 671 880 731 tumen
902 664 981 730 illud
1012 682 1217 747 nequaquam
1253 683 1327 747 pro·

199 768 267 850 bat,
300 768 358 835 sed
378 767 540 833 ν’νννναννννν
560 788 671 831 amam
699 766 807 835 tacere
839 773 956 834 censet
1006 766 1142 833 Veteres
1173 765 1328 833 rhetorici

196 889 385 955 pemuasum
395 870 522 951 habent
544 872 576 935 in
598 869 758 937 vocabulis
778 869 967 937 collocandis
987 869 1189 953 potissimum
1213 889 1327 936 nume·

197 992 306 1039 rorum
326 973 481 1039 rationem
490 972 632 1039 habitam
646 990 717 1039 esse
728 972 925 1054 multumque
936 969 1191 1053 reterrepuunt,
1216 980 1326 1038 utrium

198 1076 358 1143 sententia
378 1075 544 1142 claudatur
564 1073 615 1139 his
637 1073 782 1159 syllabis:
804 1070 850 1154 ὥς
872 1076 984 1162 νέφος,
1010 1093 1051 1139 an
1073 1075 1175 1139 auctis
1199 1080 1325 1159 tempo

197 1179 301 1245 ribus:
324 1174 439 1266 ὥσπερ
461 1177 556 1264 νέφος
587 1181 623 1243 et
641 1177 790 1258 amplius:
825 1170 970 1262 ὡσπερεὶ
1005 1178 1117 1264 νέφος,
1140 1196 1170 1242 v.
1196 1177 1324 1261 Taylor.

198 1283 239 1348 ad
250 1281 340 1347 Dem.
352 1279 422 1347 Gor.
444 1299 475 1363 p.
499 1279 561 1346 167
573 1279 607 1345 Τ.
630 1279 647 1345 l
668 1280 845 1362 edileislu,
868 1298 933 1362 qua
953 1278 985 1345 in
1006 1297 1042 1344 re
1064 1279 1155 1345 nobis
1176 1280 1325 1362 plerum-

197 1402 259 1468 que
282 1383 424 1466 argutari
445 1382 600 1449 videntur.
645 1383 692 1448 Ac
713 1384 742 1449 si
762 1383 909 1464 antiquos
941 1381 1139 1464 eloquentiae
1172 1387 1327 1450 auctores

196 1507 260 1554 non
281 1504 432 1571 negamus
454 1486 487 1552 id
509 1486 570 1552 sibi
592 1503 687 1553 curae
707 1484 867 1565 retussa,
890 1488 927 1550 ut
947 1484 1130 1568 uerbaapte
1152 1489 1188 1551 et
1209 1503 1324 1551 nume·

196 1604 269 1658 rose
291 1590 578 1667 oederentoamen
599 1589 692 1669 longe
714 1586 814 1668 abest
836 1591 873 1653 ut
889 1587 1066 1653 vocalitatis
1075 1586 1164 1669 leges
1175 1587 1323 1653 scriben-

196 1693 276 1759 dum
297 1692 401 1758 animo
423 1690 554 1756 obscure
566 1690 737 1770 impressas
749 1690 929 1758 coniectura
945 1688 1073 1771 assequi
1083 1689 1256 1771 possimus,
1284 1689 1324 1757 et

196 1796 238 1861 cd
258 1794 373 1877 Phryn.
395 1792 468 1858 708.
512 1792 675 1858 Hactenus
698 1793 738 1859 de
760 1793 884 1876 syntaxi
900 1811 1009 1859 vocum
1024 1792 1111 1857 iuxta
1131 1794 1323 1873 positarum.

280 1897 318 1962 In
340 1895 482 1979 synthesi
503 1913 738 1977 nonnumquam
758 1894 949 1977 obstrigillat
969 1892 1161 1978 praepositio
1197 1892 1256 1975 ξύν
1282 1934 1317 1943 -

196 1995 333 2085 ξὺζνμνς
364 1999 460 2078 Eur,
505 1995 651 2078 ξύζευξις
682 1997 782 2077 Plau,
827 2015 909 2079 quae
942 1995 1108 2063 nonnullos
1145 1995 1321 2064 offendisse

196 2102 336 2168 ostendit
357 2098 469 2166 crebra
490 2098 642 2164 librorum
656 2099 814 2180 titubatio,
836 2097 991 2165 v.Parall.
1012 2118 1043 2181 p.
1055 2097 1106 2167 32
1151 2098 1233 2165 Tres
1249 2119 1320 2165 mu-

196 2209 247 2271 tas
268 2205 302 2269 in
323 2222 387 2269 una
408 2219 484 2267 voce
506 2201 694 2283 coniungere
705 2205 794 2267 vetat
813 2202 924 2284 regula
946 2201 1108 2283 catholica,
1130 2201 1223 2266 citius
1244 2221 1316 2284 par·

194 2312 261 2373 tem
282 2304 428 2388 proponit
448 2304 629 2371 Priscianus
651 2300 719 2369 18.
741 2301 792 2367 dd.
815 2302 892 2386 (ul
914 2302 1055 2386 ditesco
1082 2314 1189 2389 porcat
1213 2303 1318 2390 dupli-

196 2409 270 2473 cari
289 2429 426 2471 coucouo
446 2406 514 2471 clia
535 2404 735 2490 subsequente
756 2427 909 2488 consona,
940 2404 1093 2490 quomodo
1114 2427 1171 2469 uec
1194 2418 1316 2472 antece·

196 2509 297 2591 dente,
319 2510 387 2574 uisi
404 2510 446 2575 ait
467 2521 554 2574 auecta
576 2506 811 2592 auteliqru‘dunc
831 2519 866 2571 at
878 2506 1048 2594 cuffraqor,
1070 2509 1218 2593 supplem,
1241 2533 1315 2594 quo

195 2613 286 2677 modo
309 2614 401 2675 aiano
424 2611 513 2696 apred
534 2610 673 2675 Graecos
700 2613 874 2697 Φθὲγγμα.
917 2609 987 2675 Hae
1013 2611 1053 2676 de
1086 2629 1161 2676 voce
1196 2612 1314 2679 disme-

198 2722 277 2798 pant
308 2716 585 2795 grammaticorum
618 2715 807 2779 sententiae:
844 2713 988 2799 Φθέγμα
1012 2711 1030 2777 ὁ
1052 2713 1113 2796 μὲν
1128 2705 1240 2800 Ὦρος
1274 2711 1313 2782 δι’

194 2814 267 2895 ἑνός
287 2806 314 2904 γ’
333 2817 418 2903 λέγει
432 2813 630 2906 γράφεσθαι,
652 2813 670 2882 ὁ
690 2816 726 2884 δὲ
734 2810 942 2904 Ἡρωδιανὸς
954 2814 1008 2881 διὰ
1021 2808 1079 2881 ὀιό
1090 2815 1162 2883 ΕΜ.
1175 2814 1248 2881 792.
1264 2816 1314 2897 34,

194 2938 276 3001 quae
299 2921 457 3002 scriptura
478 2940 541 2986 non
562 2924 718 3001 repugnat
751 2919 877 2997 canoni,
910 2918 985 2999 quia
1017 2938 1142 3001 gamma
1175 2920 1314 3002 liquidae

197 3023 299 3088 instar
320 3022 464 3102 habetur,
487 3024 543 3088 sed
565 3040 648 3087 nunc
663 3022 778 3104 ubique
790 3022 906 3103 legitur
929 3022 1076 3108 φθέγμα,
1100 3024 1196 3106 idque
1206 3032 1314 3090 nostro

193 3125 243 3189 ori
265 3127 538 3193 accommodatius.
582 3126 652 3191 Non
674 3124 777 3189 minus
800 3121 962 3189 offendunt
983 3129 1049 3190 tres
1063 3126 1204 3207 liquidae
1225 3127 1312 3193 verbi

197 3227 486 3315 συμμνημονεύειν,
509 3248 568 3295 nec
580 3230 680 3295 sinem
694 3227 842 3292 olimcnto
853 3227 989 3309 quodam
1001 3229 1245 3309 pronunciamus
1257 3228 1310 3297 ἐκ·

194 3327 359 3412 πιόμενος
370 3332 466 3397 Arist
478 3333 557 3397 Avv.
570 3330 641 3410 788,
664 3329 832 3414 ἔκπτωμα,
850 3328 1029 3409 incautos,
1053 3332 1109 3396 sed
1120 3338 1312 3399 excusantur

193 3433 334 3516 synthesi
361 3441 397 3498 ut
419 3430 564 3515 ἔνζεῦξαι
599 3438 632 3499 et
652 3430 875 3521 μελάνζοφος,
910 3452 991 3515 quae
1023 3435 1055 3499 in
1077 3434 1148 3500 EM.
1173 3434 1249 3501 370.
1275 3434 1310 3501 19

192 3536 232 3601 ob
258 3536 318 3602 hoc
350 3536 454 3617 ipsum
487 3535 670 3602 afferuntur.
724 3536 850 3601 Eadem·
877 3536 1000 3602 ratione
1033 3537 1159 3604 defendi
1193 3538 1310 3621 poterit

190 3635 438 3724 ναπφθίμενος,
461 3638 488 3703 si
499 3630 668 3720 Euripides
688 3639 735 3703 ita
746 3638 872 3719 scripsit
882 3638 976 3704 Rhea.
989 3638 1061 3705 368.
1105 3637 1309 3725 Δι’·σσιομνς

189 3739 331 3821 plerique
343 3740 560 3806 emolliverunt
571 3741 688 3807 omisso
699 3741 808 3822 sigma,
819 3742 974 3822 quomodo
986 3744 1082 3808 etiam
1093 3743 1189 3809 verim
1204 3770 1310 3831 προσ-

190 3847 277 3923 σχεῖν
289 3843 481 3908 succurritur
493 3842 537 3925 [p.
552 3843 611 3909 143
623 3863 652 3908 n.
667 3844 713 3928 1];
725 3844 782 3908 scd
793 3844 942 3911 invictum
953 3863 988 3911 se
999 3844 1132 3927 praebet
1146 3844 1311 3935 ἐξείρξετε

190 3944 320 4027 (Parall.
333 3943 389 4027 36)
413 3946 556 4026 quamuis
578 3947 694 4011 uostris
717 3946 846 4012 auribus
858 3948 1097 4014 intolerandum.
1143 3947 1209 4016 Sed
1231 3950 1311 4017 haec

189 4065 336 4113 sonorum
359 4048 551 4114 Graecorum
575 4068 613 4114 ox
634 4056 742 4114 nostro
764 4068 859 4114 sensu
881 4051 1061 4117 aestimatio
1093 4057 1160 4119 toto
1192 4072 1312 4136 genere

188 4148 285 4215 fallax
308 4158 340 4216 et
361 4153 505 4233 precaria
527 4158 576 4218 est
597 4157 726 4234 propter
748 4154 1033 4220 summamvcteris
1055 4173 1220 4236 novaeque
1235 4176 1310 4239 pro-

187 4252 314 4318 lationis
337 4252 554 4319 dilierentiam.
599 4255 681 4331 Quid
714 4255 797 4320 enim
819 4275 838 4321 a
860 4265 969 4322 nostra
990 4258 1217 4323 cousuetudine
1240 4259 1309 4325 lou·

188 4354 258 4436 gius
281 4355 431 4421 abhorret
447 4374 542 4435 quam
553 4374 645 4423 voces
657 4356 854 4425 huiusmodi:
874 4355 1020 4442 βδάλλω,
1045 4365 1162 4445 κτῆμα,
1183 4364 1311 4449 μνῆμα,
