2736 4778
180 326 255 401 29⁰
478 315 797 386 DISSERTATIO
820 318 868 383 H.
911 318 953 382 P.
976 316 1001 384 l.

182 505 227 569 ad
247 503 394 567 ultimum
424 500 531 565 demto
561 502 664 588 sigma
687 504 787 569 altero
820 495 1028 593 φοβεστράῑη
1057 512 1094 566 ut
1121 501 1304 586 δυστσμείν

254 604 262 618 ·
299 604 329 618 ··
363 607 395 646 2¹

182 616 215 672 et
237 603 352 789 ffliiss‘li
387 604 610 768 lihmeralium
637 727 755 783 unum,
787 704 878 790 quod
910 705 945 769 in
970 703 1039 769 iota
1065 703 1149 781 exit,
1173 703 1302 791 duplici

61 875 65 881 ,
180 806 280 871 modo
303 805 509 891 componitur
538 802 756 891 εἶκοσίεὸρος,
781 802 969 894 susorum
997 816 1030 870 et
1058 799 1301 890 εὔιοσόργιισς,

180 903 359 994 ,εἰκοσέυρς
402 906 530 970 Eadem
550 905 585 968 in
603 905 787 971 diversitate
810 918 886 970 sunt
899 905 1177 993 praepositiones:
1203 902 1302 972 ἔπιε-

68 1048 71 1053 -
181 1002 239 1094 τῆς
261 1005 428 1083 ἐπέτειος,
458 999 667 1094 ἆρἰιριελίσσιυ
693 999 889 1094 ἄμφελίσσω
918 1017 978 1071 οιαὶ
1002 1007 1152 1071 seduna
1171 1016 1302 1072 tantum

181 1127 349 1192 syncopae
374 1106 435 1183 vel,
458 1117 494 1170 ut
515 1106 568 1170 alii
589 1118 716 1183 vocant,
740 1128 912 1195 apocopae
929 1107 1051 1172 affinis:
1077 1101 1194 1183 πάθος
1208 1098 1301 1173 oino-

181 1210 290 1292 κοπῆς
312 1203 371 1271 ἐπὶ
394 1211 454 1292 τῆς
474 1205 570 1292 περί·
601 1205 776 1291 Πίνδαρος
795 1205 856 1292 γὰρ
878 1206 1025 1291 πέρσὸον
1053 1202 1117 1294 ἔφη
1141 1199 1217 1272 ἀντὶ
1236 1209 1301 1273 τοῦ

181 1304 343 1392 περίοδον
361 1305 419 1371 καὶ
442 1305 597 1392 περιέναι
614 1302 896 1391 τετρασυλλιίβως,
918 1306 1047 1373 Anccd.
1064 1305 1176 1372 Oxou.
1190 1305 1232 1370 T.
1243 1304 1300 1373 lv.

181 1407 254 1472 309.
297 1406 422 1472 Dorica
442 1406 596 1493 πέροδος,
618 1405 795 1491 πέραπτσν
817 1417 876 1471 etc.
903 1407 1197 1492 praetermittimus,
1218 1407 1302 1472 itam

183 1532 266 1594 quae
287 1508 475 1592 Hesychius
497 1508 590 1573 affert
610 1507 706 1572 tacito
735 1516 867 1572 auctore
890 1503 1066 1591 Πιρώσιον
1086 1506 1184 1594 μέγα.
1224 1511 1301 1574 Πε-

180 1604 301 1696 ρόσχεα
333 1607 375 1674 τὰ
409 1604 492 1696 ῥάκη
527 1609 653 1693 etc.²²)
706 1617 739 1672 et
770 1630 874 1692 aeque
912 1607 1061 1693 ignotum
1096 1601 1301 1692 Ἅπέρωπος

180 1703 302 1792 τραχύς
323 1700 395 1774 οἷον
416 1702 625 1794 ἀπερίοπτος
648 1707 771 1792 Phryn.
793 1710 886 1794 App.
916 1731 950 1793 p.
970 1708 1000 1772 8.
1053 1706 1100 1787 lta
1121 1730 1223 1773 unum
1243 1696 1299 1772 rc-

181 1808 337 1892 linquitur
357 1805 447 1871 verbi
473 1813 640 1891 περιεῖναι
663 1808 871 1895 participium
897 1809 932 1872 in
955 1792 1166 1874 comicorum
1194 1807 1300 1872 versi·

182 1907 245 1974 bus
267 1919 299 1973 et
319 1908 354 1973 in
375 1907 474 1973 Babr.
495 1906 578 1972 Fab.
601 1908 761 1976 CXXVl.
785 1910 815 1975 6.
840 1909 1045 1994 Thucydidis
1066 1930 1143 1974 vero
1172 1918 1205 1972 et
1224 1908 1299 1975 Da-

181 2009 359 2076 mosthenis
381 2009 491 2087 locos,
519 2031 602 2093 quos
621 2009 809 2076 Meinekius
832 2012 969 2097 apponit
996 2011 1040 2075 sd
1063 2010 1218 2074 Pherecr.
1239 2007 1299 2074 Fr.

179 2109 296 2177 XXV.
328 2111 402 2176 348.
435 2111 576 2175 incertos
607 2112 717 2177 reddit
748 2111 944 2196 ambiguitas
978 2111 1166 2197 scripturae.
1209 2108 1298 2174 Pro-

180 2211 290 2296 prium
304 2205 458 2297 Ἀμφίων
480 2211 666 2278 credibilius
690 2223 740 2277 est
761 2212 900 2298 simplex
924 2234 996 2277 esse
1016 2209 1298 2299 apraopositione

183 2310 362 2376 derivatum
384 2331 458 2375 cum
480 2333 648 2397 paragoge
669 2311 831 2398 bisyllaba
851 2324 888 2378 ut
907 2308 1070 2399 Ὑπερίων
1091 2333 1190 2397 quam
1212 2332 1297 2397 quo·

180 2413 280 2480 modo
310 2409 562 2477 Chocroboscus
595 2413 708 2476 statuit
739 2412 835 2479 Orth.
865 2414 938 2478 168.
971 2412 1057 2478 κατὰ
1086 2415 1205 2498 κρᾶσιν
1230 2414 1299 2477 τῶν

180 2511 245 2583 ,dv'o
270 2502 304 2580 ᾗ
332 2509 381 2590 εἷς
405 2507 440 2576 ἓν
459 2508 608 2599 μακρόν,
642 2536 708 2597 qua
731 2513 856 2579 ratione
884 2515 972 2579 idem
1001 2513 1036 2576 in
1056 2513 1137 2579 ΕΜ.
1160 2510 1219 2587 92,
1243 2511 1297 2577 10.

179 2614 316 2682 verbum
345 2608 485 2694 περίαχε
522 2634 543 2675 a
571 2635 716 2699 syncope
744 2613 858 2679 avertit
888 2613 1096 2679 distinctione
1122 2611 1232 2677 subtili
1260 2606 1299 2677 ui

180 2711 367 2801 προθέσεις
389 2704 425 2776 αἱ
449 2704 624 2794 δεχόμεναι
654 2715 710 2779 τὸν
739 2710 836 2799 λόγον
863 2720 924 2800 τῆς
953 2711 1153 2802 ἐνθλίψεως
1175 2706 1214 2780 οὗ
1238 2709 1296 2779 δέ·

178 2838 294 2899 χονται
305 2810 362 2878 τὸν
373 2807 472 2895 λόγον
487 2816 546 2899 τῆς
563 2812 713 2901 κράσεως
729 2807 801 2883 οἷον
820 2809 1024 2899 ἀναέρχομαι
1042 2807 1239 2896 ἀνέρχομαι·
1260 2809 1298 2879 αἱ

181 2913 219 2980 δέ
231 2907 405 2995 δεχόμεναι
416 2909 583 3000 τὸνλόγον
597 2919 657 3001 τῆς
672 2912 821 3000 κράσεως
831 2908 871 2981 σίν
887 2916 1037 2995 δέχονται
1052 2911 1220 2999 τὸνλόγον
1239 2916 1299 2999 τῆς

182 3008 376 3100 ἐνθλίψεως
392 3003 465 3080 οἷον
479 3013 625 3103 προέστη
643 3013 772 3103 morium]
785 3004 962 3102 (προῦστη)
974 3007 1129 3095 περιίαχε
1143 3008 1296 3097 περίαχε,

180 3115 271 3202 quod
281 3115 496 3179 Buttmannus
511 3137 644 3200 quoque
667 3114 810 3182 Gramm.
830 3111 1111 3200 §.120.Adn.15.
1134 3111 1218 3176 crasi
1239 3112 1297 3176 tri-

179 3214 261 3295 buit,
282 3216 492 3281 Hcrmannus
512 3236 589 3281 vero
613 3227 646 3282 et
671 3216 735 3293 alii,
759 3216 836 3301 quia
858 3216 949 3302 apud
958 3213 1146 3279 Hesiodum
1165 3212 1296 3298 legitur,

180 3317 306 3384 aeolico
320 3313 486 3380 concisum
504 3325 620 3399 putant
635 3315 675 3380 cl.
686 3317 854 3381 Muetzcll.
867 3317 909 3382 de
921 3315 1051 3400 Theog.
1063 3315 1136 3379 170.
1168 3314 1298 3379 Eadem

250 3553 299 3620 21)
310 3554 474 3620 Λυσθείδης
490 3568 543 3624 pro
560 3551 734 3618 Λυσιθείδης
750 3550 883 3622 scriptum
903 3550 1024 3605 librariis
1044 3551 1130 3606 tribui
1146 3550 1176 3604 in
1193 3550 1295 3604 Parsll.

180 3652 210 3706 p.
226 3637 250 3687 5.
264 3636 301 3689 of.
314 3635 387 3690 Kail.
400 3635 469 3706 Syll.
482 3635 570 3690 lnscr.
582 3636 685 3691 Boeot.
700 3654 729 3706 p.
743 3637 785 3690 ⁴7.

249 3719 298 3786 22)
311 3719 413 3789 Aptius
425 3728 495 3790 puto
507 3726 638 3792 περίσχια
654 3719 685 3773 id
704 3727 747 3774 cst
762 3717 912 3792 περιμὴρια
931 3719 1073 3775 seminalia
1090 3736 1164 3790 quse
1180 3717 1296 3792 propris

180 3801 251 3880 ῥάκη
263 3801 390 3857 dracoue
408 3802 595 3858 nominantur.
621 3804 772 3860 Consimila
784 3822 887 3860 nomen
898 3805 1056 3877 Hesychius
1070 3806 1173 3860 afferre
1183 3803 1297 3860 videtur

181 3889 211 3945 in
223 3890 287 3944 loco
300 3904 384 3960 quem
396 3887 555 3942 Meinekins
568 3897 669 3944 tractat
681 3890 758 3946 Com.
776 3891 823 3945 Fr.
835 3890 869 3944 T.
885 3890 933 3945 IV.
951 3892 1011 3945 7⁰2.
1028 3887 1207 3962 Περισχαδίν
1216 3919 1251 3931 -
1261 3916 1296 3930 ·—

178 3982 292 4047 ψίαθον
314 3975 345 4029 ἐν
362 3962 385 4043 ᾧ
403 3975 570 4048 περιειλσῡσι
587 3971 635 4036 τὰς
650 3971 776 4045 lugaidus.
803 3975 858 4030 Pro
877 3972 1075 4048 παρευνὴνωσε
1095 3976 1201 4033 Δοιυίι.
1211 3977 1294 4031 Eum.

179 4063 240 4117 62l.
251 4059 399 4116 scholiasta
407 4055 592 4133 nepessinus
604 4059 806 4130 legitimoque
819 4061 916 4132 diplsn
927 4060 1073 4116 adnotavit
1083 4059 1154 4133 πρὸς
1165 4059 1215 4129 τὴν
1226 4077 1295 4116 συν-

99 4178 103 4182 »
181 4143 300 4216 αὶοιφὴν
319 4148 364 4215 τῆς
382 4152 450 4217 περί
459 4148 507 4200 καὶ
519 4142 569 4214 τὴν
580 4147 713 4214 συζυγίαν
723 4149 771 4201 τοῦ
784 4142 913 4222 ῥήματος.
946 4144 1104 4202 Patientia!
1116 4147 1253 4202 &tremus
1272 4144 1297 4200 si

181 4237 360 4298 saginantum
373 4231 452 4287 verbi
466 4230 598 4287 omissum
611 4227 737 4287 dixisset.
