2736 4778
190 330 269 413 ert
472 327 795 401 eusebiano
819 326 868 395 11.
910 327 1017 403 uu.

189 511 284 591 lesit,
306 511 477 599 excepisse
497 512 544 585 de
560 533 689 581 οαιισαο
706 534 774 581 non
790 512 855 580 boe
874 512 990 592 solum,
1012 512 1104 598 quod
1121 513 1239 582 mirum
1255 527 1313 583 est
1339 475 1348 485 .

190 635 210 685 e
231 611 524 693 Creteteenotari,
538 638 540 643 ·
553 615 613 683 red
635 615 745 687 omnia
766 636 840 683 oum
861 613 972 685 tetre
1000 617 1190 699 eonjunota,
1220 638 1311 708 qnae

190 725 268 785 sunt
292 715 431 802 plurima
456 717 793 817 etpemgetissima
846 715 899 783 Ie
926 714 1134 783 manifestum
1160 718 1198 785 fit
1227 740 1309 804 syn·-

189 834 297 903 «σασα
311 816 478 887 literarum
493 812 640 906 po'heud
655 817 806 887 omnibus
826 815 1000 904 probatam
1017 839 1091 887 esse
1107 816 1310 904 minimeque

189 917 341 1003 siquem
362 940 443 1005 prae
456 918 581 989 -oeteris
602 918 778 1004 sequimrrr.
821 917 1108 1001 Quemadmodum
1134 940 1212 985 voro
1232 921 1310 989 He·

188 1019 346 1093 rodimus
362 1015 516 1098 ιῑλίποσς
528 1030 563 1087 et
575 1019 669 1106 peria
682 1019 728 1087 ud
742 1040 900 1106 praesens
915 1017 1308 1105 perispomenonrebrlit,

189 1119 237 1189 sie
266 1119 365 1187 etium
386 1120 454 1191 veri
482 1120 588 1192 sinrile
616 1130 669 1187 est
694 1143 771 1187 euna
791 1114 984 1204 Ἡγᾶἰοχος,
1010 1130 1047 1185 ut
1067 1118 1132 1187 boo
1152 1122 1309 1208 exemplo

187 1232 280 1299 uter,
311 1242 380 1295 non
411 1243 432 1287 a
459 1221 620 1307 berytono
647 1218 732 1310 ἦγον,
764 1221 856 1306 qnod
883 1219 924 1286 ab
949 1220 1031 1288 ΕΜ.
1058 1221 1079 1287 l.
1102 1243 1133 1288 e.
1160 1222 1308 1308 fingitur,

189 1322 408 1410 oompositum
426 1344 536 1410 neque
561 1323 659 1390 etism
684 1343 728 1391 ex,
740 1316 954 1408 Ἡγισίλοχος
975 1322 1097 1391 omissa
1117 1311 1307 1409 syllabae]

188 1435 551 1510 oonnaoumputasse
578 1423 640 1490 sod
673 1421 788 1488 eadem
815 1432 852 1488 ut
878 1421 936 1488 illa
960 1424 1143 1511 explicasse
1167 1424 1308 1495 ratione.

186 1526 320 1605 Etenim
347 1535 385 1593 ut
412 1548 432 1592 a
456 1523 704 1607 ewri‘duoitur
728 1518 895 1605 μισόθεσς
917 1534 950 1589 et
971 1547 991 1591 a
1011 1524 1120 1592 verbis
1141 1526 1308 1593 secundae

188 1627 413 1695 destinationis
432 1621 617 1710 Τιμόθεος,
636 1619 877 1712 σκιρτοττόδης,
897 1623 1106 1711 νιιιόβσολσς,
1125 1625 1309 1712 &poddeho

187 1728 210 1795 ἱ.
232 1751 267 1814 q.
289 1723 472 1816 λοξιθήρας
491 1724 617 1811 Pbryn.
635 1725 709 1793 628.
720 1725 774 1809 ²⁸)
794 1724 840 1789 ita
857 1723 899 1789 ab
918 1720 1066 1812 ἡγοῦμαι
1082 1726 1159 1793 duci
1175 1738 1309 1814 poterut

182 1824 377 1914 Ὴγόλοχος,
403 1849 512 1912 noque
538 1849 607 1893 non
634 1826 829 1913 permissum
856 1836 925 1891 erat
951 1826 1118 1893 literarum
1146 1829 1308 1895 connexi·

187 1951 301 2007 uerum
330 1928 463 1995 alteram
489 1928 633 1994 inserere
656 1922 828 2016 Ἡγέλοχος
860 1936 897 1991 ut
920 1922 1105 2013 Ἀγίδαμος
1135 1928 1170 1995 in
1197 1929 1307 1997 Inser.

186 2031 351 2111 Ιααοιιὶοα,
383 2025 615 2115 deotpertus,
640 2025 831 2116 χαλίφρων,
865 2028 958 2112 quod
988 2029 1122 2097 minime
1148 2030 1308 2098 credibile

187 2144 239 2201 est
256 2154 333 2201 eum
357 2152 439 2199 voee
465 2130 560 2197 devie
584 2127 682 2211 χάλις
702 2150 886 2197 eonnexum
907 2151 994 2206 esse;
1023 2132 1083 2197 sed
1109 2152 1204 2199 casus
1231 2133 1307 2201 tulit

186 2244 225 2309 nt
245 2232 462 2321 praeferretur
482 2217 615 2299 tertia}
636 2251 735 2314 quem
756 2241 952 2316 aeceperunt
970 2227 1180 2317 Ἀρχέλοχος,
1203 2225 1306 2319 ἀρχέ-

187 2358 292 2414 aanor
318 2343 380 2399 ete.
423 2331 558 2401 Summa
585 2329 688 2414 hujus·
709 2330 940 2416 disputationis
964 2329 1045 2398 beee
1064 2342 1130 2410 est,
1157 2332 1305 2419 syllabae

187 2435 293 2509 finalis
322 2432 518 2507 reeisionem
551 2453 616 2516 que
650 2431 798 2497 nonnulli
825 2429 1022 2518 μιαίφονσς,
1057 2429 1210 2510 oblinet-c
1238 2444 1305 2502 rete.

188 2536 362 2623 explicant,
385 2557 426 2600 ex
442 2531 622 2620 propositis
637 2552 705 2595 non
720 2530 805 2596 eifiei
820 2553 880 2597 nee
897 2531 1076 2618 quidquam
1091 2533 1157 2599 lide
1168 2534 1306 2621 dignum

188 2637 296 2705 afferri
318 2658 375 2702 our
395 2635 505 2700 literas
521 2620 563 2700 οἶ
586 2643 620 2697 et
632 2621 683 2721 ᾖα
702 2631 818 2696 futuris
840 2643 1010 2719 excerptas
1030 2656 1102 2699 esse
1121 2636 1304 2701 credamus.

187 2736 356 2823 syllabam
374 2723 426 2803 το
449 2735 603 2800 omissum
628 2733 756 2819 putavit
784 2733 862 2800 sch.
888 2734 929 2798 Π.
958 2735 1038 2804 XV.
1060 2735 1134 2801 619.
1162 2735 1202 2805 τὸ
1228 2731 1306 2824 ἠλί-

185 2845 289 2924 βατος
309 2831 380 2904 ἀπὸ
400 2839 465 2902 τοῦ.
482 2829 607 2903 ἆλιτεῖν
633 2830 870 2920 ἐσχημάτισται
891 2838 976 2903 κατὰ
1002 2834 1188 2925 συγκοπήν,
1217 2859 1303 2922 quae

185 2939 222 3007 in
242 2939 331 3007 Gud.
350 2936 424 3014 240,
446 2936 498 3002 30.
526 2936 709 3002 Heliodoro
736 2935 935 3013 tribuuntur,
968 2936 1119 3003 hisvero
1142 2959 1303 3025 persaepe

182 3050 402 3108 commutatur
423 3060 497 3104 oum
518 3038 730 3114 Herodiano,
758 3037 811 3103 eui
832 3036 991 3103 Lehrsius
1020 3038 1077 3103 illa
1097 3038 1218 3105 tribuit.
1260 3040 1305 3104 In

186 3143 324 3212 eandem
355 3140 654 3228 interpretationem
689 3139 772 3204 forte
810 3138 926 3204 insidit
952 3141 1167 3204 Buttmannus
1193 3139 1305 3206 Lexil.

184 3247 232 3314 Π.
255 3245 328 3311 182.
371 3243 481 3308 Alium
503 3263 604 3328 supra
625 3240 786 3328 proposui
807 3239 842 3306 in
864 3241 906 3306 P.
921 3240 949 3305 I.
972 3262 1000 3306 e.
1013 3241 1075 3309 IV.
1096 3240 1163 3326 tud.
1197 3239 1304 3321 Quod

187 3345 441 3416 Choerobosous
478 3342 601 3429 profert
636 3342 732 3408 Orth.
765 3341 844 3418 264,
877 3341 930 3407 28.
982 3338 1213 3429 Τιμήσανδρος
1245 3341 1304 3408 καὶ

185 3447 270 3517 κατὰ
293 3441 464 3533 συγκοπὴν
490 3440 674 3530 Τίσανδρος
694 3441 903 3528 nugatorium
923 3453 984 3507 est.

269 3551 296 3632 ξ.
320 3546 350 3611 7.
392 3546 434 3610 Ισ
450 3544 595 3610 motione
611 3566 696 3628 quae
715 3544 833 3610 dieitur
851 3565 911 3629 per
927 3543 1050 3630 gradus
1068 3564 1304 3626 nonnunquam

186 3647 345 3735 syllabam
366 3646 505 3713 deficere
530 3655 623 3712 vetus
645 3655 696 3711 est
717 3645 907 3731 persuasi03
935 3644 974 3713 τὸ
996 3641 1161 3710 πιότατον
1183 3664 1302 3727 ruyro-

185 3748 254 3841 πῆν
275 3746 406 3817 ἔπαθεν
427 3747 464 3816 ἐκ
487 3751 546 3815 τοῦ
569 3743 778 3823 πιονιότατσς
797 3747 891 3811 Eust
915 3746 987 3824 776,
1009 3745 1062 3810 63.
1105 3746 1182 3810 Hoc
1204 3765 1301 3809 nemo

184 3852 301 3930 utitur3
329 3844 495 3926 πιότατος
520 3846 572 3913 vel
594 3869 614 3911 e
634 3845 776 3933 positivo
797 3854 879 3925 πῐος
900 3847 995 3913 fluxit
1014 3845 1104 3912 unde
1125 3845 1304 3931 syntbeton

185 3946 375 4042 πιόφολλσρ
405 3949 532 4036 (omiss.
561 3947 597 4013 in
626 3946 743 4033 Thes.)
778 3946 890 4017 Schol.
923 3948 959 4012 in
984 3947 1123 4014 Aristot.
1157 3946 1245 4032 Top.
1271 3943 1306 4011 Ι..

254 4189 301 4257 tt)
319 4190 486 4243 Συλολωαία
505 4200 581 4240 nune
599 4182 704 4239 editum
722 4191 765 4238 est
782 4202 836 4256 pro
856 4187 982 4240 notente
1000 4184 1079 4255 qnod
1100 4181 1129 4237 in
1149 4179 1237 4238 Proll.
1255 4182 1303 4235 ll.

184 4274 333 4348 epalleliue
352 4272 464 4328 nomine
484 4269 600 4327 delendi
620 4271 671 4324 sed
689 4270 861 4327 dubitanter.
