2736 4778
179 363 254 444 ιω
397 404 402 411 -
458 378 465 395 ·
543 357 864 430 αωετωτπωο
897 357 929 424 1.

179 547 460 636 significationem.
510 546 628 631 Itaque
661 545 876 634 Thucydides
909 567 1010 631 quum
1040 545 1138 610 vellet
1168 542 1206 613 τὸ
1236 540 1298 613 ota

179 647 382 730 ἐπιτειχίσαι
404 647 604 715 substantive
627 648 811 726 enuntiare,
835 659 967 714 coactus
990 656 1040 712 est
1064 646 1173 712 dicere
1194 640 1213 734 'l
1235 641 1299 715 οὐκ

177 748 391 831 σ’πιτείγισις,
413 759 447 815 ct
464 750 643 836 Euripides
663 749 769 836 llipp.
792 749 864 814 196.
893 743 942 816 δι’
965 742 1192 835 ἀπειροσύνην
1215 741 1301 813 τούκ

177 842 367 929 ἀπόδειξιν,
400 849 478 934 quia
504 872 614 934 neque
632 843 854 930 ἆναττοδειξία
880 849 915 913 in
933 870 996 913 usu
1018 858 1068 912 est
1088 868 1150 913 nec
1170 841 1301 928 ἅτσιχι-

176 947 271 1027 στία,
301 970 340 1014 ac
361 949 391 1014 si
414 949 462 1014 ita
481 950 658 1027 diceretur,
686 973 754 1016 non
782 946 821 1015 τὸ
849 944 909 1015 οὐν,
936 947 1140 1029 ἐπιτειχίσαι
1168 946 1298 1033 signifi·

176 1060 266 1116 caret
292 1050 352 1115 sed
377 1047 416 1117 τὸ
443 1045 630 1133 ἀτείχιστον
657 1045 753 1118 εἶναι.
806 1050 930 1115 Poetae
962 1047 1117 1114 credibile
1149 1058 1200 1114 est
1225 1058 1298 1114 tam

175 1150 344 1236 gravitatis
377 1161 446 1215 tum
474 1173 682 1217 numerorum
712 1152 872 1217 rationem
905 1151 1038 1215 duxisse
1071 1161 1108 1214 ut
1134 1150 1300 1236 Apollon..

175 1251 204 1316 Ι.
224 1250 298 1316 246.
327 1244 404 1318 ἀλλ’
435 1245 473 1319 ori
501 1251 635 1338 πρηττά
659 1252 805 1320 κέλευθα
827 1247 933 1330 πόνος
954 1245 985 1318 d’
1009 1245 1184 1339 ἄπρηκτος
1203 1247 1293 1317 ίοῐσι

175 1364 209 1423 ct
237 1351 359 1418 Aesch.
383 1352 477 1438 Sept.
497 1351 570 1417 694.
596 1350 738 1433 αίματος
759 1346 799 1419 οὗ
821 1354 995 1437 θεμιστοῦ.
1024 1351 1120 1416 Eum.
1142 1349 1196 1416 53.
1217 1347 1299 1436 ῥέγ-

175 1442 272 1520 κουσι
303 1447 335 1518 d'
362 1447 399 1520 οὗ
427 1447 611 1520 πλάστοιστ
639 1449 831 1540 φασιάγιασι
861 1465 922 1519 etc.
952 1452 1011 1517 sed
1036 1453 1094 1517 ubi
1117 1452 1214 1519 codd.
1235 1473 1296 1516 vn·

174 1552 269 1631 riant,
291 1552 484 1640 plerumque
508 1552 648 1619 difficilis
671 1563 722 1619 est
734 1554 850 1619 electio
868 1577 898 1619 v.
914 1554 1028 1619 Elmsl.
1050 1553 1093 1618 ad
1108 1554 1202 1619 Med.
1217 1553 1297 1618 348.

167 1654 317 1721 Ellendt.
339 1655 382 1719 od
402 1654 533 1721 Arriun.
558 1654 619 1720 IV.
643 1655 694 1731 13,
712 1654 744 1718 6.
766 1654 829 1718 nisi
848 1676 967 1721 nomen
984 1655 1093 1741 ipsum
1111 1653 1293 1738 asynthesi

175 1754 357 1820 abhorreat.
400 1757 525 1822 Verum
545 1776 613 1819 non
632 1753 738 1819 solum
756 1753 856 1841 alpha
872 1754 1066 1841 privativum
1084 1768 1117 1819 et
1132 1753 1296 1840 particula

175 1855 329 1941 negativa
353 1847 549 1943 οἷναιρεττκά
570 1865 647 1920 sunt
667 1863 704 1918 ut
726 1853 780 1918 ille
804 1866 909 1933 vocat,
933 1856 991 1920 sed
1015 1856 1113 1921 etiam
1134 1855 1294 1922 vocabula

175 1956 451 2034 contrarietatum,
471 1977 559 2041 quae
579 1954 683 2020 nostri
706 1954 867 2020 dialectici
890 1957 1141 2022 contradictorio
1163 1969 1296 2023 vocant.

174 2056 297 2125 Suidas
319 2081 345 2123 s.
361 2052 480 2145 Ἀρετή
503 2082 537 2145 p.
559 2057 633 2122 317.
657 2055 705 2143 (p.
730 2056 791 2120 706
811 2057 948 2140 Bernh.)
974 2050 1185 2142 ἀντικείμενα
1205 2054 1296 2124 τίσιν

174 2152 238 2225 ὅσα
258 2162 299 2246 τῇ
321 2152 493 2241 ἀναιρέσει
516 2160 582 2224 τῶν
604 2156 758 2224 ἐναντίων
778 2157 986 2236 συνίσταται,
1011 2153 1179 2244 τυφλότης
1197 2147 1291 2240 dung,

174 2252 368 2343 κατάφασις
387 2250 573 2345 ἀπόφασις,
595 2257 686 2342 quod
702 2279 807 2343 genus
826 2258 1061 2323 contrariorum
1072 2254 1189 2322 Cicero
1201 2253 1294 2344 Top.

172 2355 240 2423 XI.
262 2358 389 2425 ἀλυττνσ
410 2357 570 2444 appellat3
591 2357 726 2422 stultitia
743 2394 784 2407 ·-
804 2359 976 2446 sapientia,
1001 2357 1291 2440 bonitas-muli·

172 2456 219 2522 tis
224 2481 234 2534 3
263 2470 337 2524 rant
355 2463 439 2525 ecim
456 2459 523 2525 alia
538 2461 713 2532 contraria,
737 2476 817 2542 qaas
836 2463 1000 2544 privantia
1016 2461 1085 2525 licet
1101 2460 1293 2540 appellemus

173 2561 268 2625 latine
289 2553 477 2644 στερητικοί.
522 2559 722 2641 Praepositae
743 2562 826 2624 enlm
846 2563 889 2626 ιἰτ
910 2564 1018 2642 privat
1037 2562 1166 2625 ocrltou
1186 2580 1225 2626 ea
1243 2565 1292 2632 αι’,

175 2678 269 2743 qaam
287 2660 412 2724 haberet
433 2661 463 2724 si
481 2662 698 2740 praepositam
716 2679 782 2725 παπ
797 2662 926 2742 [σίνται
947 2660 1083 2742 dictitat
1103 2662 1292 2744 tadipat'tatt

171 2760 354 2823 hamanitas
380 2760 608 2824 inhumanitas.
658 2760 735 2824 Hoc
764 2763 800 2826 ίπ
828 2759 946 2826 Graeci
976 2760 1167 2845 plerumque
1189 2760 1292 2847 slphc

170 2855 342 2946 privativo,
364 2856 467 2923 rarius
489 2859 734 2945 praepositione
751 2853 823 2927 ἆπό
843 2859 1038 2947 exprimunt,
1053 2861 1194 2926 Nonnus
1211 2883 1287 2926 vero

171 2958 270 3024 ctiam
291 2957 389 3025 verbo
413 2957 585 3025 deficiendi
608 2960 716 3047 pisces
738 2959 992 3046 λιπογλώσσσας
1011 2983 1132 3027 vocans
1152 2961 1290 3030 XXVI.

169 3061 242 3128 281.
274 3057 460 3145 πλαταμών
485 3056 662 3140 λιπόσκιος
690 3083 751 3148 pro
778 3054 898 3140 ίίσκιος
924 3062 971 3128 X.
993 3063 1067 3128 328.
1091 3061 1215 3151 ἔλαφοι
1237 3064 1289 3129 λι-

168 3158 356 3239 πσσθενέες
388 3161 546 3233 ΧΧΧΠ.
573 3162 646 3228 252.
679 3187 746 3229 non
779 3175 816 3227 ut
842 3163 1027 3229 Philomela
1055 3158 1291 3248 λιπόγλωσσσς

167 3274 301 3329 vocatur
332 3260 394 3328 IV.
424 3261 497 3327 325.
531 3273 564 3326 et
595 3263 750 3347 Marsyas
779 3260 976 3351 λιπόῤῥινος
1002 3264 1031 3328 Ι.
1059 3264 1112 3330 44.
1138 3264 1199 3330 sed
1225 3284 1289 3352 pro

168 3350 367 3451 ίίγλωσσος.
383 3353 541 3453 ἀσθενής.
567 3398 610 3410 -
635 3363 881 3449 Praepositioni
908 3363 1067 3447 loquelari
1094 3361 1155 3444 δίς
1172 3365 1291 3431 'consi-

166 3464 275 3529 milem
300 3469 496 3548 potestatem
523 3460 623 3526 habet
654 3459 759 3529 πάλιν
786 3463 821 3527 in
841 3463 1009 3547 adjectivis
1030 3462 1286 3553 παλίγγλωσσος

168 3574 200 3629 et
222 3561 458 3655 παλίμφημος,
482 3563 574 3648 quod
592 3562 836 3650 Glossographi
855 3559 1025 3653 δίςφημος
1044 3577 1078 3645 εί,
1090 3561 1290 3656 κακόφηγως

166 3664 435 3748 interpretantur,
463 3675 497 3729 et
523 3687 591 3732 non
620 3663 775 3730 abhorret
803 3686 824 3728 a
853 3664 990 3750 propria
1015 3662 1113 3752 hujus
1140 3664 1287 3733 adverbii
1353 3724 1355 3729 .

167 3760 406 3851 significatione
431 3761 587 3847 ἐναντίως
611 3776 648 3830 at
672 3774 810 3853 apparet
839 3786 857 3831 c
885 3763 993 3830 vicino
1012 3767 1212 3852 παλιστσμῶ
1235 3784 1288 3835 rt·

167 3870 284 3938 clamo.
311 3864 401 3950 quod
431 3863 681 3933 Valckenarius
696 3865 739 3929 ad
761 3862 915 3930 Phoenn.
936 3867 1030 3932 134&
1060 3887 1135 3933 cum
1163 3865 1286 3952 παλίγ-

165 3968 315 4051 γλωσσος
337 3965 471 4032 confert
515 3965 586 4033 Scd
609 3965 697 4031 idem
718 3964 817 4029 etiam
842 3965 1035 4032 contrariam
1059 3966 1204 4055 sugendi
1220 3967 1288 4032 vim

165 4064 286 4130 lrabcre
312 4065 481 4131 contendit
508 4063 696 4151 Hesychius
727 4065 966 4145 Παλίσκιος-
982 4064 1021 4135 τὸ
1040 4062 1145 4136 πάλιν
1167 4067 1286 4136 ἐπίτα-

166 4180 220 4229 ατν
239 4165 407 4251 σημαίνει,
437 4163 529 4259 quod
554 4163 649 4263 iterat
670 4162 784 4232 Schol.
808 4162 850 4231 ad
867 4162 985 4235 Medd.
1007 4166 1119 4254 Mosq.
1142 4168 1216 4237 362.
1239 4169 1290 4235 si·

164 4260 297 4349 mulque
323 4264 417 4332 addit
447 4258 665 4354 ’Θεόφραστος
688 4256 857 4339 Ι’ττοιλίσντια
882 4267 973 4356 λέγει
1000 4264 1064 4337 ὅσα
1087 4264 1289 4354 α’πεστραμ·
