2736 4778
142 311 217 382 ⁴36
493 304 814 373 DlSSERTATIO
840 305 908 373 111.

140 491 275 557 natione
306 488 441 576 propria
471 489 599 555 deflexa
628 491 672 556 ad
700 512 773 556 eam
794 512 894 577 quam
913 490 1047 557 nomina
1067 491 1105 557 in
1126 479 1201 572 εἶνῖ
1210 490 1267 559 ln·

141 593 229 659 bent
272 592 327 659 De
348 589 553 674 subjunctivo
574 591 676 678 longa
701 603 760 690 est
774 591 942 659 adnotatio
963 590 999 657 in
1018 592 1132 678 Epim.
1147 592 1266 663 ΙΑὯ.

141 693 201 762 ἐὰν
223 697 312 783 φανῇ
339 690 397 758 καὶ
420 692 622 780 πλεονασμῷ
643 696 702 761 τοῦ
726 721 745 780 η
768 690 879 783 φανήῃ
902 690 950 771 ὡς
970 692 1009 765 τὸ
1030 690 1131 783 στήῃ,
1153 692 1265 785 φθήῃ,

140 788 260 883 ἐμβήῃ.
294 786 388 860 ’Ἐστι
419 792 456 859 δὲ
475 790 539 890 ναὶ
563 786 648 860 ἄλλο
669 788 894 862 ὑποτακτικὸν
918 790 977 863 ἐὰν
999 794 1062 870 δῶ,
1092 786 1172 861 εἶτα
1198 796 1266 884 δῴη

139 892 391 992 apog-aldelme
409 897 471 959 rosi
493 919 512 981 η
535 893 592 961 καὶ
613 892 672 962 ἐὰν
697 889 769 962 ἁλῶ
792 890 896 983 ἁλῴη.
939 901 1102 980 Ζῃιῐται
1124 895 1166 963 δὲ
1186 898 1265 979 περὶ

140 1000 200 1063 τοῦ
222 1021 236 1062 ι
257 992 402 1078 πότερον
422 995 509 1061 κατὰ
529 992 715 1084 pulsaveris
736 993 825 1073 λέξιν
847 991 869 1083 ἢ
890 993 951 1063 ἐπὶ
972 993 1104 1073 τέλους,
1129 994 1199 1063 boc
1218 1010 1265 1063 est

138 1105 247 1161 utrum
269 1108 323 1160 eta
344 1093 435 1180 prius
458 1094 605 1162 abundet
625 1116 668 1160 an
690 1096 781 1181 quod
800 1095 957 1179 sequitur.
993 1096 1088 1161 Haec
1111 1099 1263 1181 quaestio

134 1199 205 1283 jam
229 1194 352 1281 dudum
374 1195 485 1261 decisa
506 1207 572 1275 est,
594 1218 657 1263 nec
679 1196 814 1262 dubium
832 1197 912 1281 quin
926 1209 1072 1264 vetennn
1088 1197 1264 1266 doctorum

140 1295 347 1363 scientissimi
371 1294 454 1385 βήῃ,
488 1295 578 1387 θήῃς
600 1309 661 1364 eto.
685 1298 803 1364 eodem
823 1296 898 1362 locb
920 1294 1093 1363 habuerint
1115 1322 1187 1385 quo
1210 1296 1262 1371 el-

140 1400 251 1485 ιιληεῖς
272 1420 467 1482 omnemque
489 1399 669 1485 pleonasmi
685 1398 829 1487 speciem
847 1396 1104 1465 removerint-
1121 1400 1277 1490 Kpalm.

139 1495 263 1588 ἔκρανα
300 1500 339 1566 τὸ
372 1499 617 1586 προςτακτικὸν
653 1525 774 1583 κρανον
807 1522 949 1576 ιιονικινς
980 1523 1101 1587 κρηνον
1135 1500 1197 1568 καλ
1229 1499 1264 1569 ἐν

138 1602 340 1686 πλεονασμῷ
359 1605 419 1668 τοῦ
439 1588 648 1687 pappum·
679 1598 785 1680 οὕτως
804 1596 1014 1686 Ἡρωδιανὸς
1040 1599 1075 1666 ἐν
1100 1604 1151 1689 τῷ
1181 1602 1263 1689 arpi

139 1706 265 1767 noddo
287 1699 439 1785 Theogn.
461 1699 544 1765 Can.
567 1701 623 1778 91,
639 1701 691 1766 24.
719 1701 761 1766 Id
780 1723 913 1787 quoque
931 1700 1087 1787 peculiari
1105 1702 1263 1771 dimus

139 1802 270 1866 nomine
291 1800 507 1865 distinximus.

601 2074 713 2143 CAP.
738 2076 799 2145 IV.

551 2230 838 2305 Deiota.

221 2417 246 2498 ξ.
271 2414 299 2478 1.
342 2413 397 2478 De
416 2413 609 2498 pleonasmo
633 2415 777 2498 syllabae
806 2413 929 2500 primae
957 2432 1065 2499 pauca
1089 2421 1168 2477 sunt
1196 2432 1257 2478 no·

136 2516 226 2581 titiae
248 2514 384 2590 tradita,
406 2513 698 2579 luculentissimum
719 2515 783 2580 hoc
805 2513 841 2581 ιὰ
861 2511 955 2580 urrisu
975 2508 1051 2578 κατ’
1075 2506 1259 2594 ἀνάπτυξιν

135 2616 261 2702 γίνεται
283 2612 405 2691 πινύιο,
428 2612 525 2681 ἔνθεν
547 2616 585 2679 τὸ
607 2611 729 2703 πινυτή
750 2615 858 2702 Epim.
882 2615 910 2679 Ι.
923 2615 974 2680 63.
992 2612 1085 2681 Suid.
1110 2636 1136 2679 s.
1152 2610 1257 2681 ’Λπι-

136 2715 254 2784 νύσσω.
297 2716 470 2791 Evolutio‚
494 2738 592 2799 quam
617 2715 672 2781 ille
693 2718 855 2792 nominat,
884 2717 1093 2802 pleonasmus
1119 2726 1258 2780 vocatur

135 2819 170 2884 in
191 2819 271 2886 ΕΜ.
289 2817 363 2895 672,
384 2816 437 2880 42.
457 2815 513 2881 ubi
530 2816 664 2882 verbum
680 2817 830 2885 arturiano
845 2819 933 2882 varie
953 2817 1137 2883 disseritur:
1157 2813 1257 2901 παρὰ

134 2921 176 2988 τὰ
197 2918 289 2986 πνέω
310 2915 445 2984 amicata
467 2919 524 2985 καὶ
546 2913 851 3006 ἂναδιπλασιαομῷ
873 2916 1050 2985 πιπνῦσκω
1077 2917 1133 2985 καὶ
1160 2910 1253 2984 cirro-

133 3024 219 3110 βολῇ
239 3023 298 3088 τοῦ
320 3007 348 3087 π
369 3017 538 3086 πινύσκιο·
561 3014 696 3101 ἄμεινον
720 3021 756 3086 δὲ
781 3019 888 3103 λέγειν
908 3013 1129 3101 πλεονασμόν.
1164 3018 1256 3103 Περὶ

133 3127 274 3201 παθῶν,
300 3122 482 3206 eodemque
504 3121 620 3184 transit
640 3120 694 3185 ille
715 3120 750 3184 in
767 3120 876 3206 Epim.
901 3121 922 3184 l.
947 3142 973 3184 c.
1003 3120 1058 3185 καὶ
1084 3117 1170 3185 κατὰ
1190 3144 1253 3202 με·

132 3223 333 3306 ταπλασμὸν
355 3218 476 3287 mvsa}
499 3223 555 3286 καὶ
578 3222 664 3288 aurci
685 3220 855 3308 ocysorrviv
877 3215 998 3297 πνυτὸι,
1026 3218 1082 3284 ubi
1105 3217 1254 3285 scriben-

135 3325 211 3390 dum
238 3335 288 3389 est
315 3317 539 3404 πλεονασμόν·
570 3345 646 3386 nam
674 3323 906 3408 metaplasmus
933 3344 1000 3386 non
1026 3321 1090 3386 huc
1112 3322 1256 3407 pertinet

133 3427 192 3491 sed
222 3426 264 3490 ad
294 3446 388 3489 casus
421 3422 567 3487 verbales
595 3429 701 3491 πνῦθι
729 3423 784 3505 (ut
811 3424 940 3507 κλῦθι),
970 3420 1088 3500 artico,
1116 3422 1253 3503 πνυτός,

132 3523 362 3611 Πνιταγόρας.
395 3524 492 3590 Alius
511 3525 583 3609 quis
606 3522 759 3603 πινιτός,
784 3524 861 3609 quia
878 3524 1028 3589 usitatius
1047 3535 1107 3602 est,
1127 3524 1253 3591 idcirco

131 3626 275 3690 nativum
308 3648 380 3691 esse
413 3627 539 3702 statuit,
574 3625 696 3705 πνιτός
729 3639 947 3712 angustatum.
1003 3626 1072 3693 Sed
1105 3638 1255 3711 praestat

131 3728 358 3816 pleonasmus,
392 3750 488 3811 quem
524 3728 694 3813 amplexus
720 3731 938 3794 Buttmannus
969 3728 1113 3794 Gramm.
1139 3728 1168 3793 Ι.
1199 3729 1252 3795 74.

133 3831 208 3896 adn.
239 3825 342 3906 πίναξ
374 3849 392 3891 e
425 3825 517 3909 πλάξ
548 3830 668 3894 factum
699 3842 811 3914 putat3
847 3853 908 3895 nec
941 3829 1092 3894 subvenit
1122 3830 1252 3897 melius.

132 3932 281 3999 Certiora
304 3940 379 3993 sunt
400 3952 483 4013 quae
505 3931 539 3995 in
557 3930 677 3995 Parall.
695 3931 747 3994 31.
774 3931 926 3997 adnotavi
945 3931 1077 3998 πτίσσω
1096 3928 1250 4020 πίτυρον,

130 4029 222 4100 mdo
245 4032 381 4119 pitysso.
426 4033 504 4097 ,lam
525 4032 647 4095 addere
669 4029 749 4094 libet
769 4032 880 4099 Schol.
907 4034 989 4117 Lyc.
1012 4032 1085 4097 675.
1115 4032 1251 4099 κνωπό-

131 4157 264 4218 μορφον
284 4129 534 4221 θηριόμορφον·
565 4137 694 4208 κοιλ-τες
721 4133 785 4218 γὰρ
814 4135 871 4201 καὶ
891 4131 1059 4200 κινιόπεια
1084 4133 1141 4200 καὶ
1164 4128 1250 4198 κνώ-

130 4254 215 4297 netu
239 4230 279 4295 τὰ
303 4230 407 4316 θηρία
421 4270 458 4279 -
472 4234 599 4318 λέγεται
625 4232 737 4299 δὲκαὶ
765 4232 932 4314 κνώδαλα,
965 4259 1048 4320 quac
1073 4236 1172 4320 vulgo
1205 4235 1250 4299 ad
