2736 4778
449 1140 874 1256 lutulultlll.

593 1328 745 1342 —Q

102 1441 157 1524 Ut
190 1453 280 1519 multi
304 1455 432 1521 suntin
453 1456 538 1521 omni
571 1474 686 1537 genere
714 1457 927 1524 doctrinarum
961 1452 1020 1519 loci
1053 1454 1221 1534 subnubili,

102 1557 156 1638 qui
177 1575 279 1639 neque
312 1559 358 1622 ita
390 1559 488 1623 excoli
510 1567 655 1641 possunt,
689 1569 725 1627 ut
758 1560 836 1627 nihil
868 1557 993 1625 obscuri
1014 1556 1220 1637 relinquatur,

102 1677 204 1740 neque
227 1665 334 1724 tomen
356 1663 524 1742 praeteriri
547 1669 682 1745 queunt,
716 1665 791 1746 quin
813 1664 917 1746 operis
938 1667 1030 1727 tenor
1051 1661 1220 1725 interrum-

104 1767 206 1841 patur,
230 1762 275 1827 itu
296 1763 375 1830 haec
396 1784 521 1847 quoque
544 1785 625 1848 quae
647 1769 746 1833 instet
768 1767 911 1849 quaestio
934 1763 1096 1846 spinarum
1120 1780 1221 1845 paene

103 1865 173 1945 plus
207 1884 302 1945 quum
329 1868 395 1931 veri
416 1866 537 1934 fructus
570 1870 715 1951 praebet,
749 1870 807 1936 sed
840 1869 915 1951 quia
948 1867 989 1932 od
1011 1866 1222 1931 substantiam

104 1968 182 2032 artis
204 1969 349 2049 pertinet,
372 1988 496 2052 quoqrro
517 1973 609 2037 modo
630 1973 784 2038 tentanda
806 1979 863 2037 est.

189 2070 313 2136 Nomen
334 2073 437 2154 ipsum
460 2076 655 2155 grammatici
676 2076 709 2140 iu
731 2076 832 2140 Bostii
847 2074 940 2138 Excc.
964 2069 1147 2153 adGregor.
1160 2069 1219 2136 681

105 2178 138 2237 et
159 2172 354 2241 Bschmanui
370 2163 492 2243 'Anecol
515 2178 547 2243 11
570 2177 632 2244 370
655 2179 704 2244 his
726 2178 793 2244 fere
815 2176 919 2243 verbis
942 2175 1112 2255 explicent:
1137 2199 1221 2261 προ-

106 2277 329 2362 σχηματισμός
344 2281 367 2362 ¹)
391 2279 492 2363 ἐστιν,
528 2279 608 2346 ὅταν
642 2280 788 2369 συλλαβὴ
824 2281 1053 2367 προσοιθῆοαι
1081 2276 1221 2342 κατὰτὸ

105 2381 210 2458 ῑῖλθς,
246 2380 280 2447 ἕν
311 2382 373 2466 μὲν
401 2386 447 2467 τῷ
472 2380 724 2470 προσώπατα
753 2384 899 2461 καὶτοῖς
923 2384 1057 2458 λοιποῖς
1079 2375 1221 2459 ἷιονικός,

106 2482 139 2550 ἐν
163 2485 199 2551 δὲ
232 2489 278 2573 τῷ
305 2481 443 2551 οὑτοσί
465 2488 520 2552 καὶ
542 2486 732 2552 τουτοισί
766 2487 818 2552 καὶ
842 2479 948 2573 ἦσθα
972 2482 1027 2549 καὶ
1051 2478 1140 2571 ὁτιή
1164 2485 1222 2549 ολι-

106 2583 225 2666 πκός.,
251 2587 353 2653 Aliter
386 2589 526 2671 appellat
546 2589 746 2656 Herodianus
779 2591 811 2655 iu
842 2589 937 2675 schol.
960 2587 996 2651 Il.
1018 2586 1094 2656 XIV
1117 2584 1178 2652 396
1204 2582 1220 2650 r‘

107 2691 162 2756 διὰ
186 2695 244 2756 τοῦ
267 2695 313 2778 ’fi
339 2692 515 2771 ἐπέκτασις
538 2692 675 2778 ἔγωγε,
700 2693 858 2779 ἔμοιγε,
882 2697 916 2757 et
935 2691 1007 2755 EM.
1026 2689 1098 2756 638.
1120 2690 1161 2756 43
1186 2691 1222 2755 τὸ

107 2791 181 2876 οὐχί
202 2790 269 2860 κατ’
293 2794 466 2862 ἕπέκιασιν
488 2800 546 2879 τῆς
568 2800 615 2882 ’χῖ
635 2798 816 2882 συλλαβῆς,
846 2814 908 2877 quo
929 2794 1021 2858 titulo
1045 2794 1224 2858 Priscianus

107 2898 135 2960 V
160 2899 208 2962 12.
230 2898 294 2962 208
315 2898 432 2962 Latina
463 2897 552 2960 boore
575 2904 608 2964 et
622 2887 809 2983 plerumque
830 2898 989 2976 inscribit;
1023 2897 1080 2962 sed
1113 2897 1224 2961 eodem

106 3002 198 3066 modo
221 3000 397 3082 complures
418 3005 640 3082 nuncupautm
654 3001 780 3065 nativae
791 2999 911 3065 formae
923 2997 1181 3080 amplificationes
1189 2998 1224 3079 ²).

178 3225 204 3288 1)
224 3227 267 3278 Sic
285 3226 318 3278 sb
337 3227 385 3279 his>
397 3233 423 3279 et
441 3227 500 3279 eliis
519 3227 641 3280 scribitur
666 3244 814 3295 perunum
832 3228 927 3294 sigma,
955 3243 1009 3278 non
1027 3224 1224 3277 ut:Dindoriius

108 3319 181 3377 optet
201 3314 228 3362 in
247 3312 336 3374 Thes„
356 3309 622 3382 προςσχημαπομός.
658 3308 783 3383 Πρόσχες
801 3314 987 3380 grammaticus
1006 3312 1161 3379 chregor.
1173 3306 1226 3364 680

108 3415 154 3465 pro
164 3399 282 3464 exemplo
291 3399 394 3450 Atticae
404 3399 550 3465 perellipsis
560 3401 643 3465 affert,
653 3402 774 3467 idemque
783 3401 909 3467 probetur
917 3401 945 3449 in
957 3399 1043 3464 Epim.
1053 3399 1139 3450 Crem.
1152 3399 1164 3448 I
1175 3393 1224 3452 lul

108 3480 254 3551 relegitur
279 3486 385 3551 saepius
412 3501 471 3536 eum
490 3487 628 3551 similibus,
655 3503 724 3553 queo
750 3489 778 3537 in
796 3487 892 3538 Purall.
913 3483 945 3537 17
963 3484 1051 3537 attuli:
1069 3487 1224 3554 προσιείχω

108 3562 196 3622 accedo
221 3577 285 3634 ete,
312 3571 359 3622 seri
385 3571 595 3639 discrepantibus
623 3573 778 3641 plerumque
803 3571 889 3635 libris,
919 3587 947 3623 v.
974 3572 1058 3623 Sturu.
1085 3571 1121 3623 ed
1147 3571 1226 3625 Dion.

108 3658 182 3709 Cass.
201 3657 327 3708 xxxvii
346 3656 393 3720 53,
411 3660 504 3725 Poppo
530 3660 566 3710 sd
583 3659 704 3725 Tbucyd.
723 3661 735 3710 1
755 3658 796 3711 15.
818 3658 840 3722 l,
858 3658 973 3713 Ellendt.
992 3658 1026 3710 ed
1043 3658 1147 3709 Arriam
1166 3657 1192 3708 11
1211 3655 1224 3708 1

109 3759 134 3810 ρ.
154 3741 211 3805 139,
231 3743 343 3796 Bredov.
363 3744 396 3794 de
414 3745 483 3796 Disl.
502 3743 601 3796 Herod.
619 3760 645 3810 p.
663 3741 698 3796 99
716 3759 763 3811 sq,
790 3751 943 3797 constanter
958 3760 1023 3796 vero
1042 3738 1111 3814 πρὸς
1128 3738 1226 3810 βωμὸν

108 3833 240 3898 apsyctos
259 3825 435 3897 πρόσφαγμα
454 3826 547 3899 τύμβῳ
561 3830 657 3884 Aescb
675 3831 809 3898 etEurip.‚
827 3850 852 3886 v.
863 3823 1016 3884 Hermann?
1026 3829 1171 3881 sdHecub.
1183 3827 1225 3891 ll,

107 3933 175 3983 quse
201 3933 260 3968 cum
280 3910 349 3983 πρός
374 3919 521 3983 composite
538 3932 598 3969 sess
623 3919 784 3970 constructio
810 3920 912 3985 probet.
966 3918 1037 3968 Alibi
1058 3930 1122 3966 vero
1152 3910 1226 3986 πρό-

108 4008 187 4064 θυμα
205 4002 344 4070 significet.

175 4086 555 4154 utnustoceoet.xx117
582 4087 763 4158 ἐκτεταμένον
789 4087 846 4142 ἐστὶ
864 4083 895 4140 τὸ
913 4083 1038 4153 πόληος
1055 4087 1101 4138 καὶ
1120 4081 1148 4138 rb
1168 4088 1227 4153 11η·

107 4172 260 4242 ληιάδεω.
278 4175 401 4242 Apellen.
420 4175 495 4226 Geni.
513 4172 575 4227 503.
592 4172 627 4227 11
645 4172 675 4228 τὸ
694 4181 767 4228 ποῖα
785 4173 812 4232 ἐς
830 4169 859 4225 τὸ
878 4174 1017 4224 τοιαῦτα
1036 4171 1227 4228 intermorie-

108 4279 166 4314 νον.
185 4262 342 4329 Apollonius
359 4263 425 4315 citer
441 4263 470 4313 in
487 4261 578 4314 Lexic.
598 4261 639 4314 77.
661 4262 694 4317 10
720 4255 870 4331 ἑρπύζων
887 4254 943 4310 κατ’
964 4256 1111 4312 ἔπέκτασιν
1129 4258 1225 4329 lquo-

110 4344 242 4409 στάζων.
261 4351 321 4401 ΕΜ.
340 4347 451 4402 13156
470 4340 573 4414 ἤνιπα
591 4351 637 4399 καὶ
656 4345 711 4401 κατ’
732 4347 878 4400 &uersuum
895 4341 1049 4412 ἦνίπαπα
1066 4353 1117 4400 etc.
