2736 4778
178 342 253 418 304
471 339 790 409 DISSERTATIO
815 340 860 405 11.
903 339 945 405 P.
967 339 995 404 Ι.

177 523 289 615 χερός,
310 526 441 613 quicum
457 538 629 611 utrumque
645 524 810 603 cohaeret,
827 526 966 614 vestigia
985 526 1094 591 omnia
1111 547 1203 591 erasa
1220 535 1300 593 sunt

180 650 254 695 cum
279 628 480 715 pulvisculo;
510 650 584 691 narn
610 628 644 692 in
673 628 901 714 supplemento
928 627 1121 694 Sohottiano
1147 627 1298 715 Oppiam

179 727 264 814 Qu.
286 728 348 795 IV.
372 727 443 793 198.
467 723 580 816 ἀφρὸν
605 724 815 794 διιοσιαλάει
837 729 876 795 δὲ
893 728 974 795 ποτὶ
994 730 1098 813 χὲρον,
1124 751 1193 794 non
1213 728 1302 796 haec

180 841 230 896 est
251 829 411 916 scriptura
433 829 530 895 codd.
555 829 615 894 sed
637 830 769 910 χέρσον,
796 827 886 913 quod
907 827 942 892 in
967 826 1084 913 σχερόν
1105 830 1302 895 mutandum

180 941 238 996 aut
269 931 380 1017 potius
412 928 512 994 verba
542 924 856 1016 ποτὶ-αἰδομένω
888 928 1067 994 omittenda
1098 941 1206 1007 erant3
1239 931 1301 996 illo

179 1033 281 1098 utitur
296 1056 326 1096 v.
338 1029 412 1096 361.
431 1029 525 1117 ῥῖνας
544 1024 704 1109 σχεδόθεν
722 1029 857 1112 χέρσοιο
877 1031 1037 1107 τιθέντες.
1079 1031 1232 1096 Alterum
1248 1040 1301 1097 est

180 1127 370 1218 ἐναρρόρος
392 1126 412 1217 ἡ
435 1123 603 1215 πολεμική
625 1119 696 1193 ἀπὸ
718 1133 778 1195 τοῦ
799 1129 916 1216 φέρειν
938 1130 980 1195 τὰ
1004 1127 1105 1216 ἔναρα
1126 1132 1206 1197 ΕΜ.
1222 1132 1298 1199 337.

180 1232 272 1317 quod
293 1232 408 1314 Enyns
436 1227 604 1314 epitheton
625 1228 726 1293 fnisse
747 1228 876 1293 videtur
901 1230 953 1294 vel
977 1230 1158 1296 Amazonis
1186 1233 1299 1317 cujus·

181 1331 277 1406 dam3
310 1329 338 1395 si
367 1326 551 1411 asclepiade
581 1328 737 1415 scriptum
765 1340 865 1407 esset,
900 1351 941 1394 ex
972 1332 1124 1398 Hesiodo
1155 1344 1299 1399 sumtum

180 1431 324 1497 dicerem
346 1427 401 1515 qui
422 1428 563 1493 Martem
585 1425 773 1515 ἕναριρόρον
793 1431 979 1516 usurpavit,
1004 1454 1071 1496 non
1093 1430 1299 1520 ἕναρςρόρον

181 1542 218 1597 ut
253 1533 471 1597 Buttmannus
508 1528 619 1594 scribit
656 1528 798 1594 Grumm.
831 1528 877 1595 ΙΙ.
909 1530 983 1595 461.
1015 1542 1083 1597 not.
1120 1531 1299 1619 plaudente

181 1631 432 1700 Schneidewino
463 1629 609 1714 Conject.
634 1631 684 1694 11.
715 1629 750 1693 id
777 1629 862 1695 enim
889 1652 956 1698 non
984 1632 1118 1698 minoris
1144 1633 1299 1700 licentiae

182 1744 232 1798 est
254 1753 352 1817 quam
375 1728 567 1819 πνρςρόρος
588 1730 671 1794 foret
692 1730 742 1792 vel
764 1730 933 1816 ωὲρςβιος.

266 1831 445 1896 Nominum
466 1851 548 1916 pure
568 1828 810 1894 terminatorum
827 1852 928 1895 unum
944 1831 1084 1918 pertinet
1103 1832 1146 1897 ad
1160 1835 1298 1921 primam

182 1931 433 1998 declinationem
463 1930 633 2015 ζείδωρος,
666 1929 694 1994 si
723 1928 758 1993 id
785 1952 826 1995 ex
853 1926 1032 2018 ζειόδωρος
1055 1933 1223 1999 concisum
1248 1945 1298 2000 est

180 2034 261 2100 EM.
276 2033 352 2109 410,
369 2032 398 2096 8.
422 2029 546 2116 quippe
569 2028 632 2094 hoc
652 2031 760 2095 versui
782 2029 913 2096 heroico
936 2031 1167 2099 inconveniens
1189 2056 1298 2120 neque

182 2145 251 2200 erat
265 2133 397 2218 quicum
413 2130 604 2197 commutari
622 2143 753 2215 posset3
774 2154 850 2197 nam
865 2130 1066 2197 substantiva
1082 2132 1296 2219 ζωοδδτειρα,

181 2228 419 2315 ὄλβοδόιειρα,
452 2226 716 2315 δεομοδόιειρα,
753 2230 1002 2318 καρποδότιιρα
1034 2242 1095 2298 etc.
1131 2232 1297 2300 homerica

183 2331 386 2399 consuetudo
406 2329 574 2415 repudiat3
597 2330 656 2393 sed
675 2331 877 2416 probabilior
894 2332 993 2398 crasis
1015 2354 1056 2397 ex
1074 2330 1240 2417 ζιόδωρος
1260 2343 1298 2397 ut

181 2431 286 2499 πλέον
307 2433 413 2498 πλεῖν.
456 2430 511 2495 De
534 2430 679 2495 secundo
704 2431 818 2497 ordine
840 2431 901 2496 tria
922 2432 1099 2498 affertmtur
1119 2433 1295 2497 neutralia:

180 2530 375 2620 λῃιβόιειρα
397 2522 521 2613 ὤφειλε
544 2527 766 2616 λιριοβοίειρα,
787 2533 955 2620 συνεκόπη
978 2534 1016 2600 δὲ
1037 2536 1093 2601 διὰ
1115 2531 1153 2601 τὸ
1175 2534 1296 2619 μέτρον

179 2632 290 2718 Epim.
317 2633 345 2696 Ι.
372 2630 445 2696 263.
483 2631 649 2713 quomodo
685 2631 780 2694 etiam
811 2630 970 2720 ληινόμος
1003 2633 1203 2698 decurtatum
1236 2645 1296 2699 est.

179 2732 331 2798 Alterum
359 2725 552 2814 αἷρωτόλιοι
582 2727 711 2813 δμωαί·
734 2732 920 2819 Σιμωνίδης
942 2732 978 2800 ἐκ
1001 2737 1060 2801 τοῦ
1082 2730 1295 2819 αἶριοπόλιοι

180 2833 334 2918 σνγιιοπῇ
352 2834 413 2895 τοῦ
424 2817 458 2895 ο.
501 2828 616 2908 Οὕτως
628 2827 835 2911 Ἡρωδιανὸς
852 2830 931 2917 περὶ
948 2835 1073 2897 παθῶν
1086 2833 1166 2898 ΕΜ.
1178 2833 1230 2912 38,
1242 2834 1296 2898 46.

180 2931 280 2996 Hune
324 2929 440 2995 erroris
480 2931 646 2995 insimulat
684 2929 952 2997 Schneidewinus
995 2932 1199 2998 Simonidem
1239 2934 1296 2997 Fr.

181 3031 364 3100 CXXVII.
390 3031 460 3096 122.
485 3027 654 3116 ἔριπόλιοι
683 3031 853 3117 scripsisse
879 3031 1049 3117 suspicans
1071 3032 1106 3096 id
1128 3043 1178 3096 est
1197 3053 1296 3115 crua-

181 3136 305 3200 duevae.
351 3132 419 3199 Sed
447 3153 544 3196 causa
570 3131 685 3196 recidit
715 3133 749 3195 in
775 3131 945 3208 librarios;
973 3143 1073 3218 poeta
1098 3132 1185 3197 enim
1207 3131 1295 3198 haud

181 3232 280 3298 dubie
302 3229 458 3313 ἐριπόλοι
477 3230 606 3316 scripsit
627 3242 664 3295 nt
684 3227 846 3316 νηοπόλοι
869 3255 975 3319 eoque
996 3233 1127 3298 nomine
1148 3232 1295 3299 lanificae

180 3329 380 3417 εἷροιιόνοος
408 3329 476 3394 sive
504 3327 695 3417 ἐριουργούς
720 3331 924 3416 significavit.
974 3334 1122 3398 Tertium
1147 3333 1298 3418 σιοείδης

180 3430 308 3516 σιοίδης
331 3429 409 3512 (hoc
427 3429 576 3513 accentu)
601 3434 752 3518 σογκοπῇ
773 3437 832 3499 τοῦ
849 3422 875 3499 ο
893 3435 973 3499 ΕΜ.
998 3437 1069 3511 134,
1092 3436 1144 3500 24.
1167 3434 1211 3499 ad
1232 3456 1294 3504 no·

179 3552 255 3594 men
271 3531 400 3615 plantae
419 3533 492 3597 οίον
509 3530 604 3596 retuli
626 3529 669 3593 ad
685 3531 807 3596 Buttm.
819 3533 893 3598 450.
937 3534 1001 3598 His
1023 3535 1166 3620 adjunge
1185 3535 1295 3601 δικτυ-

178 3624 282 3712 (altos
306 3639 339 3693 ct
365 3628 570 3715 δακρδρῤοος
596 3630 624 3695 si
652 3629 715 3695 hoc
742 3651 816 3695 cum
839 3631 982 3719 δάκρυον
1004 3634 1223 3720 compositum
1245 3645 1295 3698 est

179 3736 215 3791 ut
237 3723 456 3810 δοκροογόνος
478 3740 538 3795 etc.
564 3753 594 3794 v.
616 3733 642 3814 ξ.
663 3732 695 3796 4.
738 3732 864 3796 Eorum
890 3754 975 3817 qnae
1005 3755 1079 3798 cum
1106 3733 1296 3799 masculinis

179 3825 362 3914 composita
384 3838 459 3891 sunt
482 3829 604 3913 duplex
632 3841 681 3895 est
707 3832 799 3897 ratio.
843 3832 929 3898 Nam
952 3833 980 3898 si
1002 3857 1079 3920 pars
1102 3835 1194 3921 prior
1215 3856 1294 3920 syn·

177 3929 259 3994 theti
288 3926 433 3992 vocalem
456 3928 589 4012 longam
617 3932 761 3997 continet
789 3943 825 3997 ut
851 3929 949 4012 λαός,
974 3938 1068 4016 ζῶον,
1100 3930 1235 4001 dubium
1256 3936 1294 3999 fit

178 4039 287 4095 utrum
303 4017 423 4095 ocum
442 4049 480 4093 eo
500 4039 701 4097 contractam
718 4055 759 4098 an
776 4045 937 4099 exemtum
953 4035 1011 4113 sit3
1034 4059 1118 4121 qnae
1132 4034 1292 4101 dubitatio

177 4130 320 4215 pertinet
341 4130 383 4194 ad
397 4125 584 4210 Λαδικεύς,
603 4127 801 4220 Λακράτης,
821 4131 979 4218 λατόμος,
1000 4132 1208 4223 ζωγράφρος,
1228 4128 1293 4216 ζώ-

178 4251 294 4315 φυτον.
340 4231 517 4319 Syncopen
536 4254 612 4297 vero
634 4230 734 4296 subiit
754 4256 871 4299 nomen
894 4234 1032 4302 leminae
1052 4236 1086 4300 in
1105 4232 1228 4301 Marini
1249 4234 1294 4302 V.
