2736 4778
162 360 228 425 DE
248 359 519 428 PROSTHESI
540 359 604 426 ET
627 361 891 431 APHAERESI.
925 363 964 431 C.
982 365 1059 432 VII.
1112 370 1191 443 -113

66 544 167 610 distat
192 547 307 626 μῶλος
336 555 369 610 et
394 539 588 627 μόθοςΝ).
632 544 726 608 Hace
754 566 827 609 oum
852 541 957 627 ἔχθος
984 559 1016 612 et
1039 543 1188 637 ἀχθῆσιιι

64 645 156 711 haud
177 645 273 722 facile
299 643 524 710 conciliaveris
546 644 606 709 sed
631 645 742 730 potius
766 667 807 710 ex
829 644 1021 712 abscondito
1043 652 1187 734 quodam

66 748 209 814 themate
228 747 368 812 fluxisse
390 745 538 810 videntur
559 745 627 811 sive
649 746 685 809 id
706 743 782 831 μόω
804 746 867 810 fuit
887 748 1039 812 movendi
1062 760 1095 814 et
1116 774 1186 816 mo·

64 849 169 914 liendi
197 841 436 934 significatione
458 847 641 932 praeditum
669 846 738 912 sive
767 847 857 912 aliud
887 846 1003 913 simile.
1046 851 1189 933 Aquilae

65 950 239 1038 epitheton
255 945 407 1034 μόρφνος
423 943 446 1035 ἢ
460 948 556 1034 παρὰ
574 948 633 1036 τὴν
650 941 777 1035 ὄρφνην
796 945 1034 1036 ἐσχημάτισται
1055 945 1078 1035 ἢ
1093 940 1206 1035 παρά

65 1051 108 1117 τὸ
138 1047 285 1133 μάρπιω
315 1047 391 1115 Seh.
417 1050 461 1114 A.
490 1049 534 1113 ad
563 1049 604 1115 11.
631 1049 767 1117 XXIV.
796 1050 870 1115 316.
901 1073 932 1114 v.
961 1050 1083 1116 Parall.
1113 1053 1188 1118 344.

66 1150 158 1215 Illud
181 1150 256 1233 jure
283 1149 423 1235 praefert
446 1149 640 1216 Euatalhius
671 1162 704 1217 et
730 1150 876 1215 similiter
903 1173 1069 1216 romanam
1096 1175 1189 1219 avem
1289 1214 1293 1223 ,

66 1274 88 1315 a
110 1251 219 1316 colora
239 1250 348 1337 aquilo
369 1249 489 1315 dictam
507 1262 633 1338 putant.
667 1253 805 1335 Μίρμις
825 1252 922 1336 παρὰ
943 1252 981 1318 τὸ
1004 1250 1083 1341 εἴρω
1104 1256 1187 1321 ΕΜ.

61 1352 144 1429 580,
166 1353 219 1418 21.
248 1364 281 1417 et
309 1351 386 1416 hinc
416 1352 514 1417 etiam
540 1351 708 1440 μήρινθος
736 1362 769 1416 et
794 1350 912 1438 μηριίω
942 1353 1018 1419 duci
1047 1369 1188 1441 possunt

60 1478 91 1519 v.
113 1455 216 1519 Proll.
235 1453 310 1519 368.
355 1455 509 1540 Μαλερῷ
533 1451 617 1539 πυρί
643 1451 741 1540 παρὰ
768 1452 826 1540 τὴν
854 1446 955 1520 ἀλέαν
981 1457 1187 1544 πλεονασμῷ

60 1543 221 1642 σοῦ-μὴ*
248 1553 346 1639 παρὰ
372 1553 411 1620 τὸ
438 1553 623 1637 puluinari
654 1547 828 1640 ἀφανίζειν
850 1553 962 1620 Schol.
984 1558 1057 1624 BV.
1081 1559 1125 1621 ad
1145 1558 1186 1623 11.

63 1657 169 1723 XXI.
191 1655 266 1721 375.
310 1656 388 1719 Hoc
409 1656 529 1738 μολεῖν
551 1653 672 1720 nemini
694 1654 863 1739 cognitum
885 1668 935 1721 est
956 1657 1015 1722 sed
1037 1654 1189 1742 ἀμαλοιῖν

64 1769 98 1825 ct
118 1752 319 1840 ἀμαλάύνειν
338 1756 438 1842 vulgo
463 1751 637 1842 ἀφανίζειν
658 1756 910 1842 interpretantur
936 1769 967 1823 et
990 1758 1032 1823 ab
1055 1754 1187 1843 ἀμαλός

64 1868 244 1935 arcessunt,
267 1858 356 1923 unde
374 1858 445 1923 fieri
468 1866 579 1943 potest
599 1869 636 1921 ut
650 1857 798 1935 nonnulli
820 1852 961 1940 ἀμαλεῖν
984 1860 1185 1926 deflexerint.

33 1974 36 1979 '
64 1957 231 2040 Μαλερός
251 1980 329 2024 vero
351 1959 625 2045 Etymologornm
647 1958 842 2041 conjecturis
864 1957 929 2023 huc
954 1959 1031 2023 illuc
1053 1961 1189 2043 trahitur

64 2061 349 2149 praeponderante
371 2060 461 2124 nulla
482 2082 512 2124 v.
533 2058 637 2123 Proll.
660 2058 734 2122 261.
764 2059 890 2144 Μυάᾷν
912 2054 983 2124 ἀπὸ
1010 2064 1071 2125 τοῦ
1096 2059 1188 2147 ὕδωρ

65 2164 272 2250 πλεονασμῷ
297 2160 379 2227 ΕΜ.
407 2160 489 2238 593,
518 2159 570 2255 27.
593 2159 844 2234 vererumne,
873 2157 937 2223 nisi
960 2160 1049 2244 quod
1069 2183 1189 2228 nomen

62 2258 171 2345 μάἀος
199 2271 352 2349 putorem
374 2262 484 2348 potius
507 2284 604 2346 quam
626 2260 795 2325 humorem
818 2259 979 2346 significat
1000 2262 1041 2326 ci.
1061 2263 1186 2330 Techn.

65 2363 140 2430 301.
160 2363 235 2428 adn.
257 2401 299 2412 -
322 2368 493 2451 Μακκοᾷν
515 2362 612 2451 παρὰ
631 2361 669 2428 τὸ
695 2359 827 2449 μήιιαὶ
853 2368 921 2429 κοῶ
952 2357 972 2449 ἢ
1003 2363 1055 2431 ὅτι
1077 2361 1188 2431 :rauel

64 2463 144 2552 γυνὴ
174 2465 305 2550 γέγονεν
327 2463 385 2531 ἐπὶ
406 2463 520 2553 μωρίᾳ
541 2465 787 2549 διαβαλλομένη
809 2463 888 2528 ΕΜ.
910 2464 984 2541 574,
1006 2464 1056 2529 10.
1100 2465 1188 2530 Illud

66 2563 262 2652 comprobat
294 2565 486 2642 Helladius‚
524 2565 616 2630 alteri
649 2563 822 2629 auxiliatur
850 2563 1043 2649 Hesychius·
1068 2559 1189 2644 ’Λκκιίς

62 2665 287 2753 παρᾴμωρος,
310 2667 351 2732 de
368 2665 487 2732 Macco
507 2665 600 2732 Osco
620 2677 770 2730 neutrum
791 2665 972 2750 quidquam
989 2665 1188 2733 inaudivisse

63 2776 218 2853 apparet,
243 2787 304 2832 nec
325 2766 420 2850 juvat
438 2766 573 2833 verbum
595 2766 715 2854 plebeji
738 2768 865 2854 saporis
885 2768 928 2831 ad
950 2769 1092 2835 calculos
1116 2781 1187 2853 ety-

62 2866 231 2953 mologiae
261 2889 424 2934 revocare.
473 2863 636 2937 ‹Ioculare'
656 2882 707 2935 est
736 2869 827 2957 quod
850 2868 1054 2937 scholiastae
1069 2871 1124 2935 ·ad
1145 2872 1194 2937 11:
1272 2887 1274 2890 ·

61 2970 107 3036 V.
131 2967 205 3033 661.
227 2967 262 3033 in
284 2980 424 3068 ruentem
445 2970 535 3036 venit
557 2969 748 3053 μαιμώωσα
771 2970 990 3053 socialitates
1007 2978 1188 3055 γευστικιῦς

63 3067 189 3150 ἔχουσα
210 3073 272 3135 τοῦ
291 3096 316 3152 μ
338 3069 590 3153 πλεονάζοντος.
621 3071 711 3135 Hinc
734 3071 777 3134 ad
796 3070 926 3155 ellipsin
944 3065 1190 3155 pergo’ilqpcg

58 3165 279 3256 Ἀρίσταρχος
301 3165 347 3249 ὡς
367 3172 484 3257 μέχρις
506 3165 713 3254 ἀνεγίνωσκε,
732 3165 818 3254 παρ’
844 3164 866 3234 li
888 3169 946 3236 καί
967 3169 1093 3254 ἐγένετο
1115 3173 1188 3236 He·

63 3268 193 3335 rodian.
222 3268 258 3332 in
288 3271 399 3339 Schol.
435 3273 475 3338 ll.
504 3271 603 3338 XVI.
633 3270 706 3336 324.
741 3271 795 3335 cui
824 3269 950 3336 lubrico
977 3270 1189 3337 fundamento

65 3370 302 3458 superstruitur
334 3395 440 3440 canon
474 3373 554 3440 ΕΜ.
576 3371 633 3450 36,
665 3372 717 3437 35.
758 3369 789 3439 οί
816 3365 930 3449 Ἴωνες
957 3371 1039 3438 ὅταν
1068 3370 1190 3460 ὕφεσιν

65 3469 277 3558 ποιήσωνται
300 3467 491 3561 συμφώνου,
513 3472 588 3541 τότε
612 3473 669 3540 καί
692 3473 730 3539 τι)
749 3473 947 3557 παραλῆγον
964 3476 1096 3559 φωνῆεν
1115 3475 1189 3556 τρί-

65 3596 191 3639 πουσιν
227 3568 275 3650 είς
300 3562 326 3640 α
355 3571 463 3652 δεινός
484 3571 591 3652 αἰνός,
620 3573 718 3658 μέχρι
742 3567 829 3656 ἀχρι.
872 3573 950 3637 Hoc
976 3573 1188 3640 Herodianus

64 3672 277 3760 praecepisse
299 3673 419 3739 dicitur
439 3675 474 3740 in
497 3672 748 3761 Orthographia
769 3672 858 3739 Gud.
884 3673 956 3751 100,
977 3674 1030 3740 49.
1053 3686 1086 3740 et
1107 3698 1188 3741 con·

64 3774 156 3839 venit
181 3796 364 3860 synonymo
395 3776 511 3864 μέσφα
541 3775 608 3840 aive
632 3775 752 3860 με’σφι,
784 3773 876 3859 quod
903 3795 977 3838 cum
1003 3777 1105 3857 μέσος
1131 3799 1188 3842 co-

64 3885 203 3961 gnatum
226 3875 363 3942 videtur.
408 3876 477 3941 Alii
500 3876 596 3965 μέχρι
620 3898 640 3939 a
656 3872 788 3963 μακρός
809 3886 977 3964 repetunt,
1002 3873 1076 3964 ἀχρι
1097 3899 1192 3954 vcro,

136 4131 183 4194 25)
206 4124 301 4189 Μόλος
324 4123 410 4190 πίνος
429 4124 505 4198 μάχη
526 4129 595 4182 Ηεε.
617 4134 647 4181 et
663 4129 739 4180 hunc
759 4127 934 4182 intellectum
957 4124 1044 4176 habet
1061 4120 1137 4193 μάχη
1156 4118 1189 4180 'in

65 4213 226 4285 composito
236 4212 396 4287 χερομιίχος
413 4216 468 4267 hoc
486 4220 530 4268 est
546 4213 671 4282 agricola
689 4209 703 4265 ὁ
717 4215 792 4282 χειρὶ
806 4215 910 4278 πονῶν,
929 4217 958 4263 et
971 4207 1089 4264 vicissim
1105 4212 1190 4272 πόνος

63 4303 144 4372 apud
161 4299 315 4353 Homerum
332 4296 484 4370 praecipue
502 4297 628 4352 laborem
645 4296 781 4351 bellicum
800 4296 950 4367 significat.

120 4387 362 4433 Lobcck.1’athot.
963 4381 983 4449 8
