2736 4778
192 332 249 398 DE
273 331 523 412 SYNAERESI,
545 331 745 399 DIAERESI
767 337 826 399 etc.
862 332 933 397 Pu
956 331 1026 398 0.1.
1050 332 1119 418 §.b
1174 331 1213 396 31

97 493 214 560 habere
237 497 329 561 docet
352 497 391 575 ἔνι’,
412 500 445 572 εἶ,
465 497 503 566 ὀι
523 494 623 581 χωρὶς
644 498 702 583 ιῆς
724 490 881 581 τετάρτης
903 493 1053 580 συζυγίας
1079 498 1143 560 τῶν
1171 489 1218 572 εἷς

95 635 126 679 μι
163 602 263 663 rodan
287 597 349 683 γὰρ
372 599 412 664 οὐ
435 595 684 683 παρσλργονιαι
707 601 748 685 τῇ
771 594 957 684 διφθόγγῳ,
981 592 1132 685 ζεσγνύρν
1153 596 1216 683 γὰρ

95 698 150 764 καὶ
184 695 308 784 ὅμοι’·ρν
339 701 440 788 χωρὶς
472 704 528 765 νοῦ
556 701 579 766 F
609 698 663 764 noi
694 698 780 786 λέγει
810 693 1074 776 δἈπσλλώνισς
1096 695 1217 786 aniana

97 800 153 884 νῆν
185 798 384 886 ἀπολογίαν,
418 800 470 868 ὅτι
503 801 539 867 τὸ
569 796 719 889 {suprimat
753 800 809 868 καὶ
839 796 982 889 πηγνῦην
1017 798 1072 865 καὶ
1096 794 1217 886 ripariae

97 904 285 987 προσθέσει
309 908 364 969 aod
385 908 410 990 y]
434 904 608 992 παθητικὰ
630 900 765 990 γίνεται,
788 899 964 989 ζιυγνὺμρν
980 901 1034 967 καὶ
1050 897 1215 976 adlocuti,

96 1002 214 1090 ἐπειδὴ
236 1006 320 1087 μετὰ
344 1007 402 1095 τὴν
424 1010 457 1076 οἱ
473 1002 652 1092 σύμφωνον
675 1001 735 1088 οὐχ
757 1001 940 1092 εὑρίσκεται
964 999 1217 1091 ἐπιφερόμενον·

95 1097 196 1170 ‘doio
218 1099 302 1188 olyra
326 1103 529 1192 ἀποβάλλειν
563 1107 596 1175 ἐν
624 1111 695 1186 τοῖς
722 1112 948 1194 παθητικοῖς,
979 1105 1217 1192 προσπέβαλον

87 1207 130 1273 ’ἐν
155 1214 222 1287 ιοῖς
245 1209 470 1296 ἐνεργητικοῖς.
519 1205 649 1277 Τσῦισσ
671 1203 726 1278 οὖν
747 1208 843 1296 χάριν
865 1209 905 1274 τὰ
929 1203 1062 1275 εὐκτικὰ
1086 1203 1125 1273 οὐ
1149 1232 1215 1273 πα-

95 1309 288 1398 puldrorum
330 1309 516 1400 σιφθόγγῳ.
583 1313 631 1378 Ex
669 1313 838 1394 postremis
875 1310 981 1376 verbis
1020 1311 1217 1391 cognoscitur

95 1414 295 1494 Apollonium
332 1414 372 1480 de
398 1416 596 1507 successione
625 1433 832 1481 consonarum
858 1413 943 1479 idem
965 1412 1103 1476 sensisse
1133 1413 1217 1494 quod

96 1514 274 1594 complures
296 1517 383 1597 alios,
407 1535 485 1597 quos
507 1518 746 1596 nominavimus,
768 1516 903 1597 librique
919 1515 1019 1579 nostri
1031 1512 1218 1579 confirmant

100 1635 202 1698 neque
229 1636 291 1683 non
313 1625 419 1685 ratum
441 1618 538 1683 babet
558 1619 770 1686 Buttmannus
793 1619 825 1702 ,6.
850 1617 911 1682 107
934 1616 1005 1681 adn.
1028 1615 1069 1682 36
1092 1636 1122 1698 p.
1145 1614 1217 1696 519,

35 1801 46 1813 .
100 1718 137 1784 cl.
161 1720 192 1803 §a
212 1719 253 1785 58
275 1739 300 1785 s.
322 1741 351 1786 v.
372 1716 452 1799 ἑνός.
498 1720 561 1787 Sed
593 1724 678 1804 quod
710 1722 837 1804 quddam
869 1738 909 1784 nc
938 1718 1062 1785 vocales
1089 1719 1216 1801 quidem

95 1828 167 1903 post
188 1821 416 1905 diphthongum
438 1828 466 1894 οἱ
492 1819 602 1890 inferri
621 1843 715 1907 posse
738 1823 926 1900 concedunt,
957 1821 991 1885 id
1018 1822 1048 1885 ei
1074 1821 1216 1903 ignotum

96 1923 194 1989 fuisse
216 1925 386 1990 ostendunt
408 1945 489 2007 quae
512 1928 710 2006 antecedunt,
734 1945 831 2009 quum
843 1925 919 1990 dicit
933 1923 1015 1988 hanc
1027 1924 1216 2005 scripturam

101 2026 140 2090 ab
163 2027 311 2109 optativis
332 2027 467 2108 passivis
500 2046 557 2110 per
573 2029 827 2110 antidpationem
849 2025 1008 2107 quandam
1028 2027 1216 2091 translatam

101 2147 171 2194 esse
195 2130 235 2194 ad
256 2128 390 2195 formam
411 2130 555 2196 activam.
599 2130 778 2212 Simplicius
801 2129 887 2195 dictu
909 2134 959 2193 est
985 2126 1068 2192 huuc
1090 2129 1217 2193 modum
1259 2144 1264 2151 ’

103 2231 269 2313 utrobique
291 2250 330 2297 cu
352 2231 496 2313 analogia
517 2233 650 2299 aliorum
671 2234 839 2299 verborum
850 2230 1078 2312 diphthongum
1088 2230 1215 2310 habere,

100 2334 157 2398 sed
182 2335 262 2414 iota,
295 2335 370 2416 quia
402 2334 442 2398 ab
474 2336 574 2417 ypsilo
606 2354 668 2400 non
695 2341 784 2401 tanto
812 2334 880 2399 soni
908 2333 1087 2416 discrimine
1109 2332 1216 2412 distat

104 2441 221 2517 quanto
243 2436 283 2500 ab
298 2439 332 2519 ἱ,
351 2439 364 2507 ὲ
383 2442 416 2503 et
433 2441 457 2519 ὁ,
480 2456 550 2503 cum
573 2455 610 2502 eo
632 2439 664 2502 in
676 2438 964 2518 monophthongum
982 2433 1216 2506 {confluxisse

93 2538 122 2602 A
150 2541 264 2603 natura
290 2557 365 2604 vero
399 2545 563 2622 acceptum
588 2540 708 2606 habeut
728 2541 855 2606 nomina
885 2545 982 2623 μυῖα,
1018 2531 1116 2624 ὅμοια
1146 2541 1216 2615 eta,

98 2657 179 2721 quae
212 2641 268 2722 qui
299 2640 367 2706 sine
402 2642 467 2706 iota
494 2643 697 2724 scripserunt,
720 2643 798 2708 nibil
825 2642 911 2708 eliud
934 2659 1049 2707 causae
1076 2638 1216 2705 habuere

96 2760 191 2822 quam
223 2742 308 2823 quod
339 2745 479 2809 vocalem
511 2763 605 2810 eures
638 2763 712 2810 suas
745 2743 918 2826 fugientem
950 2763 990 2808 ne
1017 2741 1216 2808 scribendam

94 2843 222 2924 quidem
243 2849 407 2926 putarent3
441 2847 499 2911 sed
519 2847 704 2912 reiiciuntur
729 2865 749 2911 a
772 2845 969 2929 Theognosto
993 2844 1067 2911 Gan.
1094 2844 1153 2909 102
1178 2842 1215 2908 ιὰ

94 2942 149 3010 διὰ
172 2948 231 3011 τοῦ
251 2946 301 3017 {Ia}
320 2944 488 3032 βαριῖεονα
506 2943 838 3033 ἀπσρσσχρμάεισεα.
854 2947 910 3013 διὰ
935 2948 992 3030 τῆς
1015 2947 1042 3015 οἶ
1063 2943 1213 3032 γράφον·

95 3072 147 3110 τοι
169 3053 259 3129 μυῖα,
278 3044 451 3133 diliana,
475 3042 603 3135 ὅρμοιο,
627 3051 677 3115 cui
699 3049 844 3115 convenit
866 3042 1031 3133 ὄργυιόιις
1053 3047 1137 3128 apud
1159 3046 1215 3112 Ni·

93 3149 244 3214 candrum
266 3150 377 3216 eodem
399 3151 524 3216 modulo
552 3170 614 3232 quo
637 3147 825 3236 δακρυόεις,
860 3168 962 3231 neque
990 3147 1121 3214 offendit
1148 3166 1215 3213 oar-

97 3253 199 3333 reptio
221 3253 406 3334 diphthongi
427 3254 527 3318 vocab
547 3254 755 3335 praemissae,
780 3253 838 3318 sed
858 3251 932 3318 libri
954 3247 1102 3336 ὀργυόεις
1124 3268 1215 3331 prac-

98 3354 176 3419 bent
196 3355 365 3437 probatum
386 3352 543 3421 Meinekio
566 3360 599 3420 et
621 3353 730 3420 Ottoni
752 3354 942 3420 Schneidero
965 3353 1006 3417 ad
1029 3352 1121 3419 Ther.
1143 3350 1216 3417 216.
1316 3439 1318 3443 Α

96 3453 145 3518 Ι)ε
168 3474 244 3521 voce
266 3451 343 3536 ὑός,
378 3458 467 3523 cuius
494 3457 721 3537 bic‘meminit
755 3458 870 3539 duplex
897 3460 948 3522 est
975 3455 1138 3520 dubitatio.
1182 3452 1217 3519 Si

99 3557 186 3637 prior
207 3557 328 3639 syllaba
349 3559 443 3641 longa
464 3566 527 3640 est,
561 3561 738 3642 synaeresis
762 3559 905 3637 incessit3
943 3558 971 3623 si
996 3558 1115 3639 brevis,
1152 3558 1217 3623 iota

96 3660 247 3724 radicitus
269 3660 413 3725 evulsum
435 3667 498 3741 est,
524 3667 582 3727 aut
601 3664 676 3743 qudo
697 3663 728 3726 in
750 3661 906 3743 loquendo
927 3679 990 3727 non
1013 3661 1216 3744 expromitur,

96 3769 153 3826 aut
174 3761 259 3859 quod
281 3761 373 3828 abest
400 3763 536 3829 everbo
559 3762 651 3850 φύσι,
678 3765 712 3828 id
733 3764 817 3829 enirn
837 3765 932 3846 vulgo
952 3782 1011 3846 pro
1033 3769 1137 3845 etymo
1159 3762 1215 3827 ha·

88 3864 199 3929 betur.
243 3864 327 3930 Huic
355 3866 381 3930 si
404 3865 525 3949 syllaba
546 3867 641 3948 longa
661 3883 756 3947 opus,
789 3867 930 3932 nonnulli
951 3866 1142 3932 addiderunt
1162 3882 1215 3947 vo·

93 3965 195 4030 celem
205 3967 399 4047 auxiharem
421 3986 502 4048 quac
524 3969 708 4050 saepissime
719 3968 919 4051 producendo
936 3968 1035 4050 epsilo
1048 3965 1216 4032 adhibetur

91 4066 218 4155 (νρείιο,
242 4068 360 4151 naulo)
382 4073 416 4133 et
435 4068 485 4135 bia
502 4071 598 4136 etiam
608 4071 709 4152 ypsilo
721 4068 855 4154 (altalo,
878 4067 1034 4153 μεθείω).
1050 4068 1215 4134 -Eodem

94 4172 284 4237 adminiculo
321 4176 448 4237 auctum
491 4178 541 4237 est
572 4173 775 4254 periecticum
813 4169 919 4254 μνιών
956 4171 988 4235 in
1024 4169 1214 4237 Gbnstodor.

94 4273 209 4356 Ecpbr.
232 4272 295 4340 236
331 4278 365 4339 ct
391 4274 424 4340 in
446 4273 554 4340 multis
576 4275 666 4341 codd
687 4276 723 4343 Il.
746 4273 823 4343 XVI
845 4272 921 4355 315,
950 4273 1006 4341 sed
1027 4271 1120 4359 μοιῦν
1142 4293 1214 4341 con·
