2736 4778
197 381 239 449 98
574 380 853 449 olsssnunslo
884 380 938 448 VI,

196 547 238 612 ad
268 544 542 628 interpretandum
571 544 609 610 IL
632 545 682 610 ΠΙ
703 544 782 625 273,
814 545 870 611 ubi
902 545 976 610 inde
1009 562 1029 610 u
1060 545 1155 627 longo
1179 550 1332 629 tempore

195 650 358 732 vulgatum
382 655 432 715 est
453 644 561 736 ἀρνῶν
584 645 1074 736 ἐκκεφαλέισνιάμνινιρίχσς,
1098 646 1158 713 sed
1182 648 1331 715 nonnihil

196 752 402 819 dissensionis
434 750 533 818 fuisse
559 751 667 834 prodit
688 750 784 818 schol.
806 752 843 818 B.
867 751 900 817 C.
923 751 1009 830 τινὲς
1030 746 1212 836 ὀρνέων,
1247 741 1330 841 ἵν’ᾖ

196 850 242 934 ῶς
263 851 442 923 ἱππείων
465 849 635 923 ὁπλέων.
690 855 734 920 Hi
755 855 852 938 igitur
874 849 1000 942 ἀρνέων
1021 871 1078 936 pro
1101 849 1256 944 ἀρνείων
1275 872 1330 938 po·

196 959 292 1024 situm
327 977 398 1024 esse
431 963 612 1024 statuerunt
643 965 768 1025 exemto
800 959 866 1024 ictu
897 963 935 1024 ut
966 953 1083 1041 βόιος,
1118 952 1246 1037 νῶνισς
1272 962 1329 1024 cte

195 1061 272 1140 Quis
295 1064 341 1128 ita
363 1063 536 1142 censuerit,
570 1063 662 1128 docet
688 1061 784 1127 schol.
807 1061 844 1126 A.
866 1061 972 1128 verbis
994 1060 1034 1126 ab
1057 1061 1263 1142 Aristonico,
1295 1064 1330 1126 ut

195 1165 298 1231 adhuc
310 1166 465 1231 creditum
477 1170 535 1246 est,
558 1166 680 1246 sumtis,
704 1165 980 1247 sedvixintegris:
994 1158 1189 1251 Ζηνόδοτος
1202 1159 1329 1253 γράφω

196 1264 346 1353 ἀρνέων
368 1267 410 1335 ἐκ
432 1268 659 1355 κεφαλέων·
692 1263 763 1334 ἀπὸ
797 1269 834 1336 δὲ
856 1272 922 1334 τῶν
943 1266 1027 1333 κατὰ
1049 1266 1108 1354 τὴν
1131 1260 1251 1355 ὀρθὴν
1274 1269 1329 1355 λη·

194 1368 317 1457 γὸντων
340 1367 389 1449 εἷς
410 1375 438 1449 ῖς
460 1365 500 1436 οὗ
523 1369 668 1458 γίνονται
690 1375 845 1438 τσισῶτσι
868 1372 1059 1457 διαιρέσεις,
1072 1363 1143 1436 ἀλλ’
1160 1365 1241 1437 ἀπὸ
1263 1372 1329 1436 τῶν

195 1470 244 1552 εἷς
265 1477 312 1544 αῖ·
335 1471 365 1541 εἰ
388 1474 425 1542 δὲ
448 1466 553 1561 ἀρνες.
578 1468 695 1563 ἀρνῶν.
742 1473 805 1541 Sed
827 1475 919 1557 longe
941 1473 1100 1538 diversam
1120 1472 1170 1538 illi
1195 1478 1327 1540 senten·

193 1579 272 1643 uam
293 1577 406 1643 trium
426 1576 528 1659 upum.
552 1575 669 1659 1239,
701 1577 774 1643 mu.
797 1578 869 1644 sor.
895 1576 943 1656 ιι,
967 1573 1049 1641 ouu
1071 1574 1146 1642 σω.
1169 1575 1193 1642 3
1217 1574 1328 1643 neve,

194 1677 283 1749 ἐστιν
312 1676 330 1746 ὁ
357 1679 461 1766 λέγων
482 1680 520 1745 τὸ
542 1680 693 1768 ντητικὸν
714 1679 771 1747 ἐπὶ
794 1684 859 1746 τῶν
882 1684 1078 1764 σωματικῶν
1098 1685 1216 1766 μερῶν
1239 1682 1324 1766 ἀσμ-

192 1780 358 1868 βάνεσθσι
383 1782 466 1848 κατὰ
488 1778 692 1872 τεθνηκότος
704 1785 740 1868 8)·
764 1784 818 1851 διὸ
841 1781 896 1851 καὶ
918 1783 1109 1871 μέμφονται
1129 1781 1325 1871 Ζηνοδότρι·

193 1891 328 1974 κιητινῇ
352 1888 414 1970 γὰρ
436 1882 599 1973 ἐχρήσατο
623 1889 718 1975 φωνῇ
741 1884 793 1952 ἐπὶ
817 1883 946 1968 ζώντων
969 1881 1088 1974 ἀρνῶν.
1132 1885 1229 1952 Haec
1249 1890 1323 1952 ante

194 1989 287 2054 dictis
309 1989 355 2054 ite
376 1990 516 2070 graviter
537 1995 724 2071 repugnant,
747 1994 784 2053 ut
804 1989 837 2054 in
856 1989 1010 2071 principio
1026 1989 1137 2056 scholii
1147 1989 1321 2057 Aristoni&

195 2092 293 2157 verbe
314 2092 477 2171 excidisse,
500 2092 528 2156 is
551 2098 659 2157 eutem
681 2091 727 2155 sic
748 2088 814 2155 iere
837 2092 1001 2175 scripsisse
1024 2093 1188 2159 videatur:
1214 2090 1319 2183 Ζηνό-

193 2197 291 2272 δοτος
313 2190 436 2283 γράφει
459 2192 621 2282 ἀρνέων,
646 2193 848 2272 ἐπιθετινῶς
870 2190 943 2262 ἀντὶ
964 2200 1024 2262 τοῦ
1047 2191 1241 2285 ἀρνιίων·
1262 2220 1318 2263 κσ-

192 2300 258 2376 νῶς
281 2297 329 2365 δὲ·
351 2295 458 2375 κανῶν
482 2293 543 2383 γάρ
567 2296 656 2364 ἐστιν
670 2334 705 2344 -
722 2291 817 2363 ditor
832 2297 869 2365 δὲ
891 2293 1041 2386 ἀρνὲων
1064 2302 1319 2390 πρσσηγσριιιῶς

193 2397 263 2468 ἀπὸ
298 2405 356 2489 τῆς
390 2392 486 2484 ἀρνες
509 2396 662 2479 εὐθείας·
691 2394 762 2465 ἀλλ’
789 2394 858 2466 ἀπὸ
882 2404 945 2466 τῶν
968 2397 1015 2481 εἰς
1038 2401 1116 2486 -—⁴).
1160 2401 1249 2468 Hinc
1269 2418 1318 2469 oo·

195 2505 388 2587 gnoscimus,
421 2504 509 2569 illum
545 2501 671 2593 ἀρνέων
693 2503 759 2567 siue
781 2503 971 2569 adiectivum
994 2504 1060 2570 siue
1083 2504 1319 2574 substantivum

194 2608 370 2688 aequaliter
393 2606 560 2671 damnasse
583 2624 742 2687 unumque
766 2606 931 2672 admisisse
948 2602 1055 2696 ἀρνῶν
1068 2609 1318 2689 Aristarcheum,

194 2711 278 2792 quod
313 2708 499 2774 confirmant
532 2716 638 2774 cetere
660 2710 789 2774 Homeri
812 2712 956 2792 exemplu
976 2716 1093 2798 χηνῶν,
1115 2717 1240 2799 χειρῶν
1261 2717 1317 2779 etr.

193 2813 354 2877 Diaeresis
377 2813 537 2877 nominum
560 2813 653 2877 huius
675 2811 794 2877 formae
817 2813 870 2878 iile
888 2814 1056 2895 vestigium
1079 2815 1205 2880 nullum
1226 2834 1319 2898 proe-

190 2915 253 2997 bet,
276 2936 349 2980 num
372 2917 455 2998 quod
478 2917 573 2983 schol.
600 2917 642 2981 ed
663 2916 699 2981 Il.
722 2904 769 2981 IX
792 2915 855 2982 327
879 2916 1032 2983 adnotant
1054 2913 1165 3004 ὀάρων
1191 2921 1318 3008 γράφε-

193 3044 248 3083 ται
272 3019 326 3084 καὶ
361 3015 474 3106 ῶρέων
497 3040 516 3084 a
548 3021 740 3085 nominativo
763 3015 861 3106 ῶρες,
897 3021 960 3085 iam
983 3019 1038 3084 diu
1066 3020 1099 3084 in
1127 3019 1318 3089 oblivionem

193 3123 303 3199 venit3·
328 3140 425 3185 unum
458 3122 586 3187 Hesiod.
610 3123 726 3205 Tbeog.
749 3123 811 3190 235
834 3123 1031 3207 θεμιστέων,
1060 3141 1117 3204 pro
1145 3126 1318 3206 quoiunt

304 3263 457 3270 —---—---

193 3327 320 3399 διεκρίθη
338 3329 475 3401 (διῃρέθη)
495 3325 531 3388 ὠς
549 3326 578 3381 τὸ
596 3325 700 3382 δισυ“.
727 3331 761 3395 cf.
778 3331 885 3382 Edemm.
904 3331 926 3382 I
943 3327 1003 3385 ffl-
1031 3331 1132 3384 Better
1150 3332 1201 3386 Od.
1223 3334 1241 3387 l.
1260 3335 1280 3388 l.
1296 3342 1329 3393 ei.

191 3415 227 3466 Il.
245 3416 275 3466 Χ
280 3416 303 3465 1⁷
317 3411 367 3468 [idi
388 3412 465 3483 ὅτεῳ,
487 3416 521 3467 Π.
540 3417 608 3468 XII
621 3413 672 3468 428
690 3410 765 3484 ὁσίῳ.

260 3500 288 3561 3)
314 3503 453 3568 inculpato
481 3509 542 3555 eunt
568 3503 652 3560 ἵππος
666 3498 887 3570 Ἀγαμιμνσνέη,
916 3502 981 3568 νηῦς
1007 3505 1146 3574 Νισισρέη
1178 3511 1243 3571 etc,
1272 3506 1317 3559 sed

190 3591 282 3636 contra
309 3588 427 3653 regulam
447 3588 625 3640 Callimachus
650 3588 713 3658 χεὶρ
742 3587 929 3654 Πολυδευνείη
956 3590 1020 3642 dicit
1046 3597 1073 3643 et
1095 3591 1143 3656 at,
1170 3606 1198 3646 v.
1216 3592 1315 3645 Aneod

195 3672 282 3726 Crem.
302 3673 333 3726 Τ.
352 3675 389 3724 IV
408 3670 467 3728 399.

258 3775 285 3840 d)
303 3776 345 3827 Au
362 3776 473 3827 lacunae
492 3779 666 3843 suspicionem
686 3779 789 3831 accedit
807 3780 952 3845 scripturae
970 3780 1106 3847 mendum,
1134 3781 1206 3848 quod
1224 3782 1313 3834 Ducu-

187 3868 288 3913 tzerum
306 3863 333 3911 in
352 3863 451 3912 Zenod.
464 3861 496 3916 73
515 3864 615 3927 fefellit,
633 3865 668 3916 eb
686 3866 832 3917 Aristonici
850 3868 951 3919 editore
968 3869 1048 3919 tacite
1067 3874 1215 3920 correctum
1233 3886 1261 3936 p.
1273 3869 1314 3922 87.

187 3949 264 4012 Quod
287 3950 314 3997 in
331 3949 392 3999 EM.
411 3949 457 4001 uit.
484 3949 661 4015 subscriptum
689 3956 729 4001 eet
757 3946 786 4002 nd
814 3949 922 4021 ἀρνίων
940 3950 990 4006 οὐκ
1017 3952 1107 4006 ἔπαθε
1133 3949 1314 4024 πλεονασμὸν

188 4031 257 4084 ἀλλὰ
276 4039 436 4103 συναιρεσιν
454 4039 515 4095 (scr.
526 4034 778 4106 διιιίρισιν),ιισσίρὶ
797 4039 875 4092 debet
893 4040 926 4093 de
942 4041 1073 4093 omnibus.
1109 4041 1177 4093 Vere
1195 4041 1316 4094 abundet

189 4122 291 4186 epeilon
309 4124 336 4171 in
355 4123 495 4186 adverbiis,
515 4139 584 4189 quoe
602 4124 670 4188 epici
688 4126 764 4175 metri
782 4129 870 4193 gratia
887 4127 939 4178 huo
958 4127 1077 4191 dilatant,
1092 4123 1238 4197 torpeus,
1250 4144 1314 4197 πρσ·

188 4210 321 4272 operior,
341 4204 542 4263 Eiemmutlt).
578 4209 648 4260 Hinc
665 4210 730 4261 illud
749 4212 846 4278 differt,
866 4214 935 4281 quod
953 4215 1078 4281 genitivis
1096 4214 1196 4267 ionicis
1216 4220 1314 4268 nature

186 4294 293 4344 inuitum
312 4301 359 4357 est,
378 4297 494 4360 eynizesi
511 4297 661 4361 obnoxium,
686 4300 844 4369 tertiumque
872 4318 890 4353 ιι
908 4301 1089 4368 synecdrome,
1115 4308 1146 4355 ut
1163 4300 1228 4368 dixi,
1251 4318 1314 4368 pro·

184 4379 292 4433 fectum.
1090 4378 1097 4390 ’
