2736 4778
137 342 202 407 nn
223 337 490 409 ruosrrmffl
511 336 573 406 nr
596 335 858 404 arumnusr.
881 334 921 403 c.
932 335 997 401 111.
1019 337 1045 420 t.
1057 334 1088 401 a.
1125 336 1176 410 ar

63 527 119 595 καὶ
143 532 202 596 τοῦ
225 516 260 608 o,
284 522 323 596 ob
349 526 433 592 κατὰ
460 519 600 609 τροπήν,
624 519 728 599 οὕτως
750 521 808 588 tat
823 525 884 586 τοῦ
905 516 978 604 μύω
999 517 1176 604 πλεονάζει

63 629 179 696 καὶτὸ
203 617 234 696 ἆ
249 629 305 696 καὶ
328 629 365 693 τὸ
388 612 414 712 ἦ
435 624 515 689 ΕΜ.
539 635 570 687 et
589 622 699 710 Epim.
717 621 745 686 I.
767 620 818 685 85.
840 620 1174 688 ButtmannusLexil.

62 717 109 809 Π,
135 732 207 797 118.
229 726 326 813 ἆμύω
350 750 391 791 ex
413 720 509 813 ἠμὺω
536 734 648 789 natum
671 733 765 811 putat
786 723 992 810 correptione
1012 722 1120 790 ionioa
1139 734 1177 789 ut

62 831 173 919 πάρη,
202 814 314 910 λάξῖς.
345 827 404 893 sed
431 835 540 912 potest
563 826 760 917 eontrarium
790 825 874 891 sumi
902 820 997 914 ἦμύω
1020 846 1060 890 ex
1082 821 1177 907 ἂμύω

63 933 210 998 extitisse
238 941 276 994 ut
304 923 366 1014 ἧκὴ
396 950 456 1014 pro
489 923 552 1015 ἇκὴ
582 923 706 1016 (ἀκμή,
735 922 880 1013 ἀκωκή),
918 922 1097 1013 ἡφλυσμός
1116 940 1177 1013 pro

61 1029 257 1119 ἀφλοισμός
281 1029 373 1097 Suid.
395 1050 460 1113 qua
481 1028 607 1094 ratione
628 1052 695 1094 non
717 1039 769 1095 eta
790 1026 1026 1115 prosthetioum
1048 1037 1099 1093 est
1119 1027 1179 1093 sed

59 1131 165 1219 alpha
196 1142 232 1196 ut
263 1153 369 1217 saepe.
425 1130 517 1212 Quin
549 1129 645 1195 etiam
678 1128 843 1216 quaeritur
873 1151 951 1193 num
983 1124 1081 1207 ἄμύω
1110 1128 1178 1195 sire

60 1231 162 1321 ἧμύω
184 1233 270 1298 idem
292 1231 426 1298 verbum
448 1233 491 1296 sit
513 1242 611 1317 atque
634 1229 717 1311 μύω.
752 1230 793 1295 In
812 1229 868 1295 illo
887 1229 1021 1316 quidem
1035 1230 1177 1297 Hesiodi

60 1333 135 1399 loeo
160 1356 220 1420 pro
243 1329 339 1416 ἆμύω
360 1333 450 1398 nullo
475 1334 575 1398 modo
606 1331 704 1398 scribi
725 1333 847 1420 poterit
865 1332 949 1415 μύω.
991 1333 1069 1398 Hoo
1091 1334 1177 1400 enim

62 1435 104 1500 de
130 1434 307 1522 palpebris,
328 1434 425 1501 labris
439 1436 482 1520 ⁸),
507 1434 693 1500 vulneribus
716 1433 908 1501 coeuntibus
932 1430 1176 1523 diuturnitate

61 1558 137 1601 vero
161 1537 201 1600 de
223 1536 339 1623 capitis
362 1548 395 1601 et
415 1537 562 1624 eorporis
584 1537 793 1603 inclinatione
821 1536 958 1602 animive
982 1536 1178 1604 demissione

64 1661 91 1704 v.
133 1637 297 1724 Spitzner.
335 1639 417 1704 Eae.
452 1638 627 1704 XXXIII.
655 1648 689 1704 et
715 1638 743 1705 si
776 1659 1009 1724 nonnunquam
1043 1638 1178 1704 alterum

62 1762 122 1826 pro
146 1738 246 1806 altero
270 1738 422 1805 substitui
444 1750 554 1828 potest
577 1750 614 1805 ut
632 1740 666 1805 in
688 1742 762 1807 Nio.
784 1741 839 1806 Al.
852 1740 927 1806 453.
952 1737 1098 1829 η’μύσντα
1117 1740 1178 1824 χά-

64 1843 136 1907 λιυα
169 1841 212 1926 (si
240 1863 315 1906 vere
344 1841 390 1906 ita
417 1843 573 1929 seriptum
596 1844 659 1926 est)
681 1842 769 1908 idem
788 1843 875 1908 valet
895 1842 985 1928 quod
1007 1868 1177 1928 συμμεμυ-

63 1939 144 2006 κότα
175 1939 268 2027 χείλη
281 1943 312 2027 ⁴)
346 1944 447 2009 multo
482 1944 614 2032 saepius
654 1954 762 2008 temen
793 1942 982 2009 notabiliter
1014 1944 1177 2010 differunt.

64 2041 178 2123 Quare
199 2040 280 2106 illud
303 2043 343 2107 ab
366 2045 507 2122 affectis,
531 2066 616 2130 quae
640 2045 774 2128 quidem
795 2043 929 2129 proprie
949 2043 996 2107 ita
1017 2043 1178 2123 dicuntur,

63 2143 210 2230 separari
233 2143 348 2222 debet3
370 2145 411 2211 τὰ
428 2146 492 2230 γὰρ
510 2143 610 2231 πάθη
628 2142 666 2210 ab
684 2141 884 2229 δηλούμενον
900 2137 960 2211 οὐκ
972 2137 1178 2214 ἆλλάσσσυσι

63 2242 175 2311 Schol.
197 2245 300 2312 Dion.
324 2245 468 2312 Gramm.
491 2269 525 2332 p.
548 2245 621 2309 959.
663 2243 808 2310 Nomina
828 2243 924 2330 hujus
944 2244 1073 2331 generis
1096 2267 1176 2313 eon·
1241 2297 1244 2301 ,

62 2358 180 2434 gregat
200 2345 311 2415 Sohol.
335 2347 375 2412 Il.
397 2348 458 2414 VI.
480 2345 553 2412 518.
577 2345 613 2411 τὸ
637 2340 756 2435 laetor
778 2347 888 2433 γέγονε
910 2346 1005 2428 παρὰ
1023 2346 1061 2414 τὸ
1081 2355 1178 2427 θεῖος

64 2445 107 2526 ὡς
127 2447 207 2531 μύει
228 2443 337 2537 ἠμύει,
360 2447 505 2527 nadaver
523 2443 704 2535 ἧπσδανός,
732 2443 864 2536 εὐγενής
885 2443 1052 2544 εὐηγευής.
1079 2445 1179 2534 βαιός

63 2545 232 2637 itastis-i}
260 2549 354 2635 παρὰ
380 2548 418 2616 τὸ
441 2545 524 2627 ἔθος
547 2545 662 2626 iberae
683 2547 739 2614 καὶ
760 2554 871 2638 τροπῇ
892 2553 953 2615 aori
977 2575 994 2617 a
1023 2544 1073 2627 εἷς
1097 2536 1179 2639 ab}

63 2650 119 2718 καὶ
140 2654 384 2738 καταβιβσσμῷ
404 2655 465 2718 τοῦ
487 2649 605 2716 τόνου·
626 2642 875 2733 ἇυσλσγώτερσν
894 2649 930 2718 tle
948 2649 985 2718 ἐκ
1000 2653 1178 2732 forestae,

62 2745 159 2838 ὅτιῆ
188 2744 270 2836 αὐτή
289 2750 385 2829 τάσις
401 2748 543 2832 σώζεται
560 2749 616 2817 καὶ
631 2743 729 2833 ὀλίγα
744 2745 843 2837 πάθη
856 2749 1014 2819 δίδονται.
1048 2751 1178 2819 Horum
1214 2787 1219 2799 =

63 2851 206 2937 primum
225 2849 419 2916 Eustathius
442 2872 573 2936 quoque
596 2874 629 2938 p.
650 2848 723 2928 659,
747 2850 799 2916 47.
826 2872 887 2939 pro
911 2857 1010 2931 θεῖος
1033 2855 1178 2941 positum

63 2953 144 3018 dicit
167 2951 250 3018 κατὰ
272 2949 489 3038 nuperorum,
513 2952 590 3038 quia
612 2950 709 3038 hujus
734 2951 834 3038 longe
856 2953 920 3019 alia
941 2962 992 3018 eet
1012 2954 1177 3041 signifiea-

63 3055 120 3132 tio‚
142 3051 401 3139 Aristophanem
417 3074 493 3118 vero
517 3053 685 3139 accepisse
707 3074 767 3139 pro
791 3049 939 3139 συνήθης
953 3052 995 3118 ab
1013 3053 1095 3133 ἔθος
1110 3057 1178 3121 eive

63 3150 163 3245 ἦθος.
207 3156 319 3239 Atque
342 3153 405 3219 hoo
426 3154 497 3219 sine
520 3152 621 3218 dubio
643 3153 760 3229 vineit3
781 3173 858 3215 narn
874 3151 964 3235 quod
982 3150 1101 3241 ἡθεῖος
1122 3176 1178 3221 ao-

64 3267 195 3322 rentum
223 3277 289 3321 non
316 3277 390 3319 eum
421 3253 521 3319 habet
547 3274 644 3338 quem
663 3251 791 3330 τέλειος
815 3263 848 3317 et
866 3252 930 3317 aha
953 3254 1178 3322 anominibus

64 3358 96 3422 in
115 3345 161 3436 0⁸9
192 3357 335 3421 derivata
342 3404 351 3434 ‚
381 3356 416 3420 id
444 3367 616 3421 excusatur
643 3354 828 3420 diversitate
859 3353 1106 3440 significationis
1137 3357 1177 3424 ei.

133 3527 163 3594 3)
177 3522 351 3580 Posteriores
369 3525 406 3577 ad
424 3541 505 3578 aures
523 3522 741 3592 transtulerunt3
760 3518 814 3594 μύε
829 3518 876 3584 τὰς
889 3520 974 3586 ἀκοάς
988 3524 1089 3581 Galen.
1102 3526 1176 3600 Eup.
1261 3596 1265 3600 .

65 3611 102 3667 11.
120 3614 144 3665 5.
165 3629 194 3681 p.
211 3611 268 3662 tta.
290 3608 325 3662 Τ.
340 3607 419 3663 XIV.
446 3607 513 3664 Βὺει
533 3606 654 3683 supplies
674 3605 794 3680 φράσσει
811 3607 880 3663 Hea.

135 3697 166 3763 ¹l)
187 3695 219 3749 In
232 3694 293 3749 Nic.
312 3693 399 3748 Ther.
415 3697 473 3749 oto.
487 3690 622 3767 κὸρκσρου
635 3689 770 3768 &pabeam
784 3689 813 3763 (l
830 3696 953 3764 κσνίλην)
970 3694 1012 3750 rei
1031 3696 1177 3754 herbariae

65 3781 149 3854 periti
170 3783 429 3840 decernantutrum
447 3774 463 3849 ἢ
478 3776 601 3851 priona,
620 3789 652 3835 ut
669 3778 844 3835 Schneidero
861 3779 981 3852 placuit,
1000 3779 1179 3840 scribendum

65 3867 99 3922 rit
111 3869 142 3921 id
155 3875 198 3922 est
210 3863 354 3939 μεμυκότα
366 3863 458 3937 φύλλα
471 3868 578 3938 ἔχοντα,
591 3883 626 3921 an
640 3861 763 3939 ἠμῦσυισ
775 3864 804 3920 id
816 3874 860 3921 est
874 3865 917 3922 ἀεὶ
931 3865 1178 3940 κατακλινόμενον·

65 3971 128 4008 ram
141 3947 292 4024 utrumque
305 3961 412 4024 spectat
421 3951 595 4008 scholiastae
607 3951 817 4026 interpretatio;
831 3947 978 4023 ἣμυόεντα
991 3959 1020 4006 et
1030 3950 1177 4023 ἦμυὸενια,

64 4041 142 4122 (EO-d
159 4038 321 4093 Thesaurus
342 4036 462 4110 recepit,
486 4036 673 4110 improbabile
695 4046 740 4093 est
757 4037 823 4111 quia
841 4054 858 4092 a
874 4035 967 4092 verbis
987 4036 1127 4109 adjectiva
1149 4037 1179 4092 in

65 4144 119 4187 οεις
135 4122 270 4180 exeuntia
286 4140 343 4178 non
359 4125 508 4179 ducuntur.
533 4123 708 4181 Doederlein
721 4123 748 4179 in
759 4119 1178 4195 Glossar.110m.p.oa.pa‘m,

64 4207 163 4282 lutera
179 4218 208 4265 et
224 4203 340 4282 ἆμεύειν
356 4207 414 4264 sive
432 4207 558 4281 ἀμείβειν
573 4209 649 4267 idem
663 4228 724 4266 esse
738 4216 827 4281 putat.
855 4203 1038 4264 Homericum
1055 4205 1180 4282 ὑπεμνή-

63 4317 133 4365 μυκε
151 4304 280 4354 reterum
300 4294 428 4352 nonnulli
445 4299 622 4370 καταμίμυκε
640 4305 669 4352 et
688 4300 797 4352 νένευκε
818 4288 994 4364 interpretati
1011 4301 1084 4348 sunt.

927 4377 969 4445 5.
