2736 4778
123 495 187 564 326
283 490 495 560 EPILOGUS
519 490 577 558 DE
598 485 973 556 INTERPUNOTIONE
996 484 1100 554 CUM

124 659 307 725 continuata
336 657 488 722 dirimens
507 655 629 721 'addito
656 652 832 736 pronomini
858 654 993 717 aooenta
1014 650 1118 732 gravi
1130 649 1176 733 *).
1221 648 1267 714 De

124 759 183 826 boo
204 760 326 825 dicetur
347 765 468 841 postea

208 863 227 945 5
250 860 279 925 3.
312 860 388 926 Pius
399 858 619 942 negotiinobis
630 857 780 923 exhibent
791 856 1002 921 enoliticae
1018 862 1151 921 extra
1173 876 1265 938 par·

124 963 308 1029 entbesin
329 961 500 1042 positae,
519 960 654 1025 manime
666 958 867 1040 pronomini,
878 958 918 1022 de
929 976 993 1039 quo
1008 958 1160 1040 agimus,
1173 977 1266 1025 naeus

123 1066 238 1131 tertius
249 1070 452 1147 quartusque.
480 1062 574 1129 illum
585 1066 711 1127 constat
721 1078 817 1142 saepe
834 1061 1030 1126 vocativis
1049 1062 1198 1144 adiungi
1212 1082 1266 1144 pro

123 1168 264 1233 voeativo
286 1166 432 1232 adieetiri
443 1164 614 1246 possessivi
635 1162 704 1245 ἐμέ,
727 1180 789 1244 quo
800 1159 914 1226 Graeci
925 1170 1039 1229 carent
1052 1165 1099 1245 ¹):
1125 1156 1157 1229 ὦ
1183 1164 1263 1230 ndei

122 1293 192 1352 μοι,
216 1266 353 1354 σύγγονέ
373 1291 432 1349 μοι
465 1272 499 1332 et
530 1267 564 1332 in
584 1265 714 1348 plurali:
748 1255 925 1341 ὦκλεινὸς
946 1259 1024 1349 ἡμῖν
1050 1262 1168 1344 πόσις
1190 1266 1265 1332 Eur.

123 1371 200 1439 Heo.
216 1369 297 1435 1400
319 1366 432 1451 (tiso)
455 1368 656 1449 omniumque
677 1356 967 1449 frequentissimum
990 1358 1018 1430 ol
1042 1367 1173 1434 τέκνω
1196 1394 1264 1451 μοι.

124 1472 247 1539 Horum
269 1470 415 1551 exempla
436 1488 474 1535 ex
483 1471 587 1551 poetis
608 1470 739 1552 tragicis
749 1474 899 1550 excerpta
908 1470 1082 1550 proposuit
1094 1469 1266 1537 Skrzezka

123 1574 156 1641 in
189 1572 401 1654 disputatione
428 1573 623 1654 perscienter
655 1570 818 1637 eleborata
850 1571 890 1635 de
922 1572 1178 1652 pronominibus
1213 1592 1263 1638 or-

123 1675 358 1742 thobonumenis
389 1676 422 1740 in
443 1672 540 1737 Jahn.
563 1672 651 1736 Neue
671 1672 803 1736 datrae.
827 1672 895 1757 fiir
914 1672 1031 1735 Paisos.
1065 1674 1105 1741 Τ.
1129 1674 1199 1741 vn
1231 1683 1263 1741 el

123 1778 259 1844 maxime
280 1777 313 1842 in
335 1795 375 1841 ee
394 1782 496 1858 parte,
519 1794 601 1858 quae
622 1775 776 1857 inscripta
797 1782 848 1841 est
875 1774 913 1838 de
927 1776 1188 1861 prmwmsiosdm
1210 1800 1260 1841 eu·

125 1879 238 1943 diiioa's
265 1878 305 1942 eo
323 1879 390 1943 loeo
412 1877 550 1967 perosi,
583 1876 641 1940 sedi
659 1878 752 1964 vulpe
775 1876 932 1964 dsbhbqai
948 1877 1028 1941 solet
1060 1898 1096 1961 p.
1124 1876 1191 1945 l98
1214 1898 1259 1961 sq

124 1980 246 2046 Horum
273 1979 424 2045 nonnulla
454 1979 506 2045 bio
530 1998 684 2062 reponere
712 1998 806 2063 cogor
828 1984 1008 2045 nniversam
1027 1982 1258 2063 quaestionem

124 2083 280 2165 eopiosius
312 2082 534 2164 explicaturus.
587 2083 728 2149 Primum
755 2083 931 2162 dubitatum,
964 2100 1041 2148 num
1076 2102 1257 2165 pronomen

125 2202 197 2251 eum
229 2184 374 2251 vocativo
407 2183 590 2264 misereat,
622 2204 664 2249 an
697 2202 767 2250 oum
799 2186 853 2265 iis,
886 2202 968 2267 quae
1000 2184 1255 2267 subsequuntur.

123 2286 162 2353 In
184 2286 250 2352 Alo
265 2284 328 2351 314
351 2285 443 2369 (323)
464 2286 506 2353 σὺ
528 2282 568 2362 δ’,
592 2278 620 2352 ὦ
642 2288 755 2355 τέκνον
775 2311 846 2370 μοι,
871 2290 943 2365 πῶς
964 2284 1175 2374 νορευθὴσει
1199 2294 1255 2353 iss·

126 2389 204 2467 loia
236 2387 438 2453 Hermannus
466 2388 545 2454 illud
567 2389 759 2472 transposito
782 2396 937 2455 commate
968 2406 1028 2470 per
1047 2389 1254 2472 hyperbaton

124 2491 352 2572 interpretetur
375 2494 447 2568 πῶς
468 2516 536 2572 μοι.
579 2491 668 2556 Idem
690 2492 788 2557 Andr.
812 2490 873 2555 734
899 2489 991 2574 (748)
1015 2487 1113 2574 ἡγοῦ,
1138 2494 1255 2561 τέκνω·

124 2616 194 2674 μοι,
218 2585 304 2677 δεῦρ’
324 2586 380 2656 ὑπ’
395 2586 554 2677 ἀγκάλαις
565 2592 705 2672 σταθείς
716 2600 766 2658 ter
777 2595 984 2675 interpungit:
1008 2589 1100 2678 ἡγοῦ,
1125 2596 1252 2673 τέκνον,

124 2719 200 2777 μοι,
225 2690 310 2778 dsdp'
328 2713 549 2774 -pronomen
570 2696 756 2777 imperativo
778 2697 947 2778 applicans.
992 2695 1067 2760 Mea
1090 2698 1254 2762 sententia

125 2798 251 2862 dativus
274 2797 416 2861 vocativo
426 2797 561 2862 blandae
573 2799 793 2880 appellationis
805 2817 901 2863 eausa
917 2799 1058 2863 adiectus
1071 2806 1133 2864 est
1147 2835 1192 2847 -
1206 2800 1253 2864 sb

195 3086 223 3145 l)
239 3087 289 3139 Ad·
300 3088 350 3142 od
368 3089 430 3139 iiix
448 3084 500 3141 406
517 3106 543 3156 p.
562 3086 639 3143 liiii.
657 3086 863 3143 bonusradius
897 3087 926 3142 τὸ
951 3085 1094 3161 ,,γαμβρός
1112 3088 1183 3153 ἐμὸς
1202 3088 1253 3143 θύ-

125 3178 209 3244 γατέρ
228 3173 271 3225 re“
298 3170 359 3224 ἀντὶ
379 3175 426 3225 τοῦ
446 3161 466 3224 ὦ
489 3178 600 3241 γαμβρέ
620 3187 681 3227 ιιοι·
708 3173 805 3227 κωλύει
828 3174 857 3227 ti
883 3171 912 3227 sd
935 3177 1023 3227 εἰπεῖν
1046 3180 1163 3242 γαμβρέ
1184 3176 1253 3231 κατὰ

125 3255 251 3324 nastasia
271 3255 286 3322 ἡ
304 3254 369 3327 ipsos
388 3255 561 3325 ἀντωνυμία,
592 3246 621 3322 ἧς
639 3258 688 3311 οὐκ
714 3260 769 3312 ἔστι
788 3254 897 3324 elnaem}
919 3256 964 3311 διὰ
987 3258 1035 3325 τὴν
1053 3266 1255 3330 συνέμπιωσιν

125 3340 173 3407 τὴν
191 3339 261 3412 πρὸς
279 3341 376 3414 ἑτέραν
394 3342 573 3413 ἃντωνυμίαν
592 3341 750 3410 elrrosaearjr.
786 3348 838 3398 Hie
861 3348 976 3397 vocativi
998 3347 1119 3398 deiectus
1143 3349 1256 3401 dubiam

126 3430 213 3481 reddit
232 3431 342 3483 Seidleri
360 3433 537 3482 coniecturam
557 3432 780 3497 elegantissimam
800 3433 832 3482 de
846 3432 993 3483 Philodami
1010 3432 1104 3498 Epigr.
1120 3434 1146 3484 V
1165 3450 1194 3485 n.
1205 3433 1257 3488 los

126 3503 265 3579 ὦποδός,
292 3504 314 3567 ὦ
332 3511 436 3581 κνήμης
455 3539 488 3551 -
506 3504 528 3566 ol
547 3516 603 3568 τῶν
620 3521 727 3583 dorae
745 3522 911 3585 (parapter,
941 3518 1061 3582 quesita
1078 3519 1207 3584 corrigit:
1235 3507 1257 3570 ὦ

127 3600 181 3651 τῶν
207 3597 288 3667 ,θύμ’
319 3599 384 3665 ἐμέ(
413 3604 577 3669 quamplura,
603 3602 681 3667 idque
709 3602 807 3654 dictum
831 3619 889 3655 osse
914 3610 946 3655 ut
962 3603 1086 3654 Latinum
1105 3603 1195 3655 anime
1213 3605 1257 3663 mi,

126 3702 153 3735 v.
170 3686 266 3737 Relatt.
284 3686 343 3739 Aet.
362 3687 458 3738 Societ.
476 3687 547 3753 Lips.
567 3703 628 3738 ann.
650 3684 718 3740 isso
735 3704 762 3753 p.
780 3686 839 3742 lio.
875 3688 1003 3754 Equidem
1020 3703 1128 3749 vereor,
1156 3705 1193 3740 ne
1212 3691 1256 3741 bie

127 3771 305 3823 barbarismus
332 3773 480 3838 gentilitate
508 3773 638 3838 loquentis
666 3773 845 3835 (mulierculae
868 3777 936 3824 enim
954 3774 1090 3824 Romanas
1117 3774 1164 3825 illa
1194 3784 1257 3826 sani

130 3855 222 3919 verba)
241 3872 292 3907 nen
312 3860 377 3908 satis
396 3864 543 3922 excusetur,
561 3864 748 3924 praetereaque
774 3876 792 3909 a
808 3860 1004 3910 blandientibus
1021 3874 1074 3908 non
1093 3854 1190 3924 θυμός
1209 3877 1255 3927 ap·

128 3943 253 4009 pellatur,
273 3943 319 3993 sed
344 3939 432 4009 ψυχῆς
458 3931 565 4011 olqth
583 3940 667 4011 ψυχή.
704 3946 759 3995 Nee
777 3945 866 3995 deerat
883 3944 1021 4010 effugium:
1049 3941 1106 4010 qo'l‘
1127 3942 1182 4005 tut
1199 3948 1255 4013 iq,

102 4044 106 4056 ¹
126 4031 199 4096 φίλει
218 4044 254 4095 με
272 4027 345 4079 basio
361 4044 409 4089 me,
428 4028 498 4094 quod
515 4029 613 4095 legitur
631 4031 712 4083 dntb.
733 4031 757 4081 V
782 4029 843 4089 1583
862 4032 912 4080 nisi
930 4032 998 4081 forte
1014 4036 1092 4095 poeta
1110 4046 1196 4083 ausus
1215 4040 1257 4084 est

73 4168 77 4174 ,
125 4108 200 4166 asdod
221 4111 271 4174 ἐμὲ
286 4115 372 4165 dicore
390 4130 437 4180 pro
455 4108 543 4166 ’κύσον
560 4120 589 4165 ut
605 4114 670 4166 λῦσε
688 4131 735 4180 pro
754 4114 847 4179 λῦσον,
865 4133 890 4165 v.
905 4116 967 4167 adn.
985 4100 1023 4165 ed'
1036 4116 1125 4166 Bottm
1151 4132 1181 4183 p.
1193 4116 1256 4170 489,

127 4224 157 4234 -
178 4198 237 4249 alio
257 4199 334 4249 modo
352 4201 484 4252 Homerus
501 4203 651 4252 vocativum
669 4202 798 4251 novit-ium
823 4190 845 4253 ὦ
865 4201 1256 4258 serenissimorum

129 4283 213 4334 κλῦθί
227 4300 289 4350 μευ,
310 4277 433 4352 operris
452 4281 518 4346 θεὸς
535 4277 643 4349 ἤλυθες,
661 4285 688 4336 id
706 4291 747 4338 est
764 4274 786 4337 ὦ
805 4285 862 4348 θεέ,
882 4279 912 4345 ὃς
924 4282 1020 4355 χθιζὸς
1037 4277 1144 4350 ἤλυθες.

195 4366 225 4431 l)
242 4368 325 4443 dola:
351 4368 453 4432 „dmm
471 4368 511 4435 dd,
528 4371 578 4436 pol
599 4367 686 4433 δοκεῖ,
706 4366 785 4430 πόλις
803 4359 872 4423 οὖσα
891 4367 923 4422 τὰ
937 4364 1055 4439 Ἄρβηλα
1073 4368 1257 4442 ἀπηνέγκατο

129 4451 233 4504 Arriam.
250 4454 325 4508 Alex.
343 4455 381 4506 vi
400 4455 440 4509 ll.
463 4455 506 4524 io,
521 4472 549 4509 r.
566 4455 696 4510 Ellendt.“
716 4455 761 4524 [dt
775 4474 824 4526 μοι
842 4456 921 4511 δοκεῖ
934 4456 1064 4527 'Kneepm
1081 4458 1098 4521 θ
1114 4453 1152 4527 d]
