2736 4778
130 353 195 443 aso
472 318 774 442 'mnemonico
800 373 889 442 vm

133 535 235 618 Epim.
257 533 358 601 1245
391 536 430 601 τὸ
453 540 518 622 κρί
539 535 713 604 πέπονθεν
734 531 780 616 ὦς
803 535 840 604 τὸ
865 539 928 604 δῶ·
962 538 1030 602 πᾶν
1057 536 1125 624 γὰρ
1150 531 1266 622 ὄνομα

134 633 311 726 αὖδέττρον
330 635 377 722 μὴ
401 628 508 721 ὄνομα
531 637 697 720 στοιχείου
729 635 777 718 εἰς
798 642 927 726 φωνῆεν
949 641 1048 725 λῆγον
1070 640 1262 707 συνεσταλ-

132 742 232 823 μένον
255 736 335 808 οὔτὸ
358 738 441 822 ἔχει·
464 758 525 822 quo
546 741 625 806 nihil
646 739 790 822 efficitur,
824 742 900 824 qnia
919 741 1138 824 monosyllaba
1162 742 1261 809 huius

132 860 301 909 mensurae
322 841 409 909 nulla
430 848 505 908 sunt
525 848 653 925 praeter
675 841 717 922 τί,
739 844 824 909 unde
845 843 956 926 regula
971 843 1043 910 duci
1059 862 1124 910 non
1134 850 1257 927 potest

133 944 177 1011 Et
197 940 388 1027 praegravat
398 950 510 1011 auctor
521 944 694 1012 Aristotele
714 945 747 1011 in
769 945 923 1011 eiusmodi
944 962 1041 1011 causa
1050 965 1116 1013 non
1125 946 1259 1014 tenuior

132 1047 344 1114 Aristarchus
388 1045 421 1112 Is
443 1046 528 1113 enim
556 1052 612 1133 κρῖ
629 1048 715 1114 idem
736 1048 864 1130 quidem
886 1066 923 1115 ac
945 1047 1046 1135 κριθή
1069 1047 1256 1131 significare

133 1148 314 1229 affirmavit,
348 1143 507 1235 εἰρῆσθαι
534 1149 572 1218 δὲ
599 1144 639 1216 οὗ
661 1144 730 1216 κατ’
756 1144 948 1240 ἀποκοπὴν,
984 1147 1068 1216 ἀλλὰ
1090 1176 1255 1240 μετεσχη-

131 1249 300 1336 ματὶσθαι
322 1250 360 1316 τὸ
384 1250 533 1338 θηλυκὸν
554 1247 601 1330 εἷς
623 1249 807 1340 οὐδέτερον,
839 1273 869 1318 v.
890 1252 1005 1318 Parull.
1029 1252 1100 1319 115.
1146 1254 1255 1337 Apion

131 1372 206 1419 reno
227 1371 272 1421 nc
289 1371 460 1437 synonyma
487 1353 614 1436 quidem
640 1372 712 1421 esse
734 1355 901 1435 concessit,
935 1356 992 1421 sed
1023 1360 1078 1445 κρῖ
1110 1358 1255 1439 speciem

131 1455 290 1538 quandam
312 1456 419 1543 (γένος
439 1456 484 1539 τι)
506 1456 617 1522 hordei
638 1456 806 1539 appellari;
840 1457 925 1539 quod
950 1458 1012 1523 nisi
1045 1458 1085 1524 ab
1107 1458 1254 1527 Homero

131 1557 201 1641 ipso
224 1558 347 1637 didicit,
376 1575 473 1639 quum
495 1560 630 1625 animam
653 1558 721 1624 eius
744 1558 784 1624 ab
805 1556 915 1624 inieris
937 1565 1108 1641 evocasset,
1130 1563 1253 1629 mirum

131 1665 183 1727 est
203 1659 288 1726 unde
309 1661 483 1743 acceperit,
514 1680 590 1729 nem
622 1665 678 1749 κρῖ
700 1661 779 1728 illud
800 1661 853 1726 vix
875 1660 951 1726 alibi
977 1661 1063 1746 legit
1108 1662 1252 1742 Quibus-

130 1780 205 1829 nam
232 1764 427 1846 argumentis
448 1763 651 1830 Anstarohue
677 1764 830 1831 adversus
852 1764 1055 1832 Aristotelem
1087 1784 1172 1833 usus
1200 1766 1252 1851 sit,

129 1865 358 1948 incompertum
377 1864 546 1947 habemus3
572 1867 739 1934 nonnullos
760 1865 891 1934 offendit
912 1867 1089 1935 differentia
1110 1872 1252 1952 generis,

130 1982 229 2051 quare
250 1967 338 2034 aliud
359 1968 593 2036 substituerent
613 1975 753 2054 etymon:
787 1967 838 2037 liu
861 1969 899 2037 τὸ
922 1976 978 2057 κρῖ
997 1966 1067 2038 ἀπὸ
1090 1976 1154 2040 τοῦ
1177 1972 1252 2061 κρί-

128 2093 216 2154 μνον.
230 2060 479 2148 inundaverat,
513 2068 554 2139 cd
580 2072 645 2160 μὴν
667 2068 737 2139 ἇπὸ
765 2077 825 2161 τῆς
845 2077 982 2160 κριθῆς,
1021 2075 1186 2160 δηλοῦσιν
1219 2073 1252 2144 οἱ

131 2170 275 2240 παλαιοί
294 2174 386 2241 Euat
410 2173 502 2241 1218.
524 2174 581 2255 29,
601 2175 696 2242 schol
718 2174 754 2241 ll.
775 2174 806 2241 V
831 2172 906 2255 1963
938 2176 996 2242 sed
1027 2177 1088 2244 hoo
1119 2196 1251 2262 quoque

130 2273 278 2359 effugium
299 2277 516 2359 praecluditur
536 2297 573 2345 eo
606 2278 691 2360 quod
711 2278 888 2344 Favorinus
915 2279 948 2343 in
969 2278 1036 2344 Ecl.
1058 2278 1124 2345 278
1146 2278 1251 2349 refert

130 2379 324 2462 antiquiores
344 2385 514 2463 sequutus:
533 2380 586 2448 ’τὸ
618 2384 674 2465 κρῖ
704 2376 770 2447 εἴτε
803 2375 873 2447 dni
895 2385 955 2447 τοῦ
976 2377 1079 2470 κριθή
1103 2384 1249 2469 γέγονεν,

131 2476 198 2548 εἴτε
221 2475 290 2549 ἀπὸ
312 2485 373 2564 τοῦ
394 2480 544 2567 κρίμνον,
567 2485 659 2550 δοκεῖ
680 2478 881 2569 παραλόγως
903 2473 1006 2549 εἶναι·
1039 2480 1069 2550 οἶ
1089 2486 1153 2566 μὲν
1177 2484 1250 2553 ἀπὸ

129 2587 189 2650 τοῦ
210 2583 331 2670 κριθή,
365 2582 427 2651 οὐκ
449 2580 589 2670 ὄφειλον
611 2576 693 2652 εἶναι
720 2584 758 2650 τὸ
781 2589 835 2671 κρῖ
854 2579 1044 2672 οὐδέτερον,
1079 2582 1116 2652 αἱ
1136 2591 1206 2674 γὰρ
1220 2588 1250 2673 *)

130 2680 305 2752 ἀποκοπαὶ
328 2686 365 2751 τὸ
390 2681 472 2752 αὐτὸ
496 2686 587 2770 γένος
609 2683 827 2773 φυλάττουσιν
849 2677 919 2753 οἷον
942 2687 979 2751 τὸ
1003 2687 1066 2768 δῶ,
1089 2688 1150 2752 τὸν
1173 2693 1249 2755 Πο-

17 2842 21 2849 1
130 2788 240 2863 οοιδῶ,
264 2786 321 2854 τὸν
337 2784 502 2855 Ἀπόλλω.
542 2788 658 2855 Altera
678 2806 754 2869 pars
776 2788 902 2869 eclogae
924 2788 1053 2867 excidit;
1081 2805 1138 2852 cur
1162 2790 1249 2855 enim

129 2889 264 2976 κρίμνον
280 2908 404 2973 quoque
427 2891 551 2956 admitti
572 2896 718 2973 nequeat,
740 2891 1017 2969 nonaddccemur;
1039 2891 1249 2959 Aristarchus

127 2988 263 3059 fortasse
284 3011 362 3059 usus
384 2998 435 3059 est
456 2999 641 3075 argumento
663 2993 771 3059 solito:
804 2993 842 3058 τὸ
866 2984 1001 3078 κρίμνον
1028 2989 1088 3057 οὐκ
1111 2984 1246 3061 olderd

127 3092 272 3182 ποιητής.
316 3095 411 3161 Aliud
438 3100 520 3161 sumi
548 3101 679 3178 poterat
711 3114 731 3160 a
758 3095 943 3160 diversitate
969 3094 1172 3177 prolationis,
1207 3096 1248 3161 de

127 3214 190 3277 qua
211 3197 295 3263 idem
310 3198 484 3264 Favorinus
507 3199 540 3263 in
561 3199 712 3280 proximis
735 3197 888 3279 loquitur:
911 3197 949 3263 τὸ
973 3201 1027 3284 κρῖ
1046 3195 1186 3264 ἐκτείνει
1208 3192 1250 3264 τό

68 3344 71 3349 ,
127 3301 149 3382 τ’,
170 3297 245 3367 ἐπεὶ
272 3303 339 3368 πᾶν
366 3296 535 3388 οὐδέτερον
555 3296 803 3383 μονοσύλλαβον
825 3288 1006 3385 ’μονογενὲς
1032 3298 1247 3385 μακροκπτίτ·

126 3406 246 3489 ληκκοῐ,
268 3420 327 3471 nec
349 3403 474 3486 estqui
495 3403 663 3469 dissentiat
677 3401 710 3486 ¹).
754 3400 803 3467 De
824 3407 936 3468 neutro
958 3401 1011 3467 illo
1032 3401 1111 3465 nihil
1133 3401 1247 3485 singil-

195 3605 223 3672 1)
239 3607 368 3662 modim
390 3609 418 3660 in
434 3608 503 3661 libro
519 3609 619 3661 decimo
637 3624 721 3676 nono,
746 3612 792 3677 qui
817 3610 850 3661 de
867 3615 929 3662 tono
946 3607 1132 3660 adverbiorum
1149 3609 1246 3662 macn-

125 3700 186 3761 plue
203 3700 256 3759 cet,
274 3711 300 3760 p
320 3691 370 3748 189
392 3692 561 3746 circumflecti
583 3695 648 3748 dicit
663 3696 858 3763 monosyllaba,
883 3709 951 3762 quae
968 3695 1110 3761 ancipitem
1126 3692 1248 3748 habeant

124 3780 291 3847 productam:
310 3766 342 3842 ἆ,
360 3779 423 3842 νῦν,
442 3782 500 3845 κρῖ,
519 3774 604 3832 onore
621 3779 781 3846 ἐκτείνεται,
799 3774 881 3832 ὁπότε
900 3778 929 3832 δὲ
948 3781 1128 3845 συστέλλεται,
1146 3775 1247 3841 ὀξύνε-

125 3884 177 3919 ταα
215 3865 412 3919 substantivum
438 3866 503 3942 κρῖ-
511 3865 545 3915 ab
571 3866 623 3918 hoc
644 3866 704 3918 loco
721 3867 910 3918 alienissimum
927 3872 980 3929 eat,
1007 3866 1054 3919 sed
1078 3865 1247 3933 significetur

124 3951 238 4004 emec
254 3966 307 4003 vox
323 3950 429 4002 ίεαίᾰαίτ
451 3936 505 4022 κρτ,
526 3951 598 4003 nude
608 3951 820 4027 verbnmlaeptdu,
839 3954 914 4022 κρίκε
930 3956 1066 4018 repetunt,
1091 3951 1136 4003 vel
1152 3954 1246 4019 potine

81 4044 83 4047 ’
123 4039 150 4089 ln
168 4037 221 4110 βρῠ
239 4035 364 4088 mutanda
379 4048 412 4087 cx
431 4035 560 4088 choercb.
577 4039 604 4087 in
623 4036 721 4089 Pealm.
738 4032 782 4089 llll.
802 4035 836 4090 10
861 4036 919 4090 πᾶν
941 4035 1083 4109 ἐπίρρημα
1102 4034 1247 4093 corocot-

125 4124 210 4188 ίαρον
227 4121 358 4191 δίχρονον
375 4118 488 4174 ἐκτείνει
505 4117 571 4175 αὐτὸ
589 4122 636 4173 καί
653 4121 820 4190 περισπᾶταν
839 4113 899 4175 οἷον
915 4122 976 4188 νῦν,
993 4122 1056 4192 γρῦ,
1072 4123 1135 4194 βρῦ·
1163 4120 1196 4176 τὸ
1214 4122 1247 4177 δὲ

124 4204 160 4277 ῥά
177 4209 358 4261 συστέλλεται.

192 4289 349 4360 ‘llleliqao
365 4291 441 4344 loeo
455 4307 644 4362 paranympare
660 4290 728 4345 deca
743 4291 773 4346 in
789 4310 858 4360 τινα,
874 4292 920 4348 τεά
934 4291 1247 4362 daemomonem

123 4377 152 4431 a‘n
161 4395 254 4447 propr.
271 4378 385 4431 XVIII
397 4377 459 4431 Jua.
478 4397 506 4429 a.
525 4374 594 4432 1856
608 4396 637 4445 p.
653 4374 731 4431 6-8.
