2736 4778
124 335 203 410 ³82
408 329 728 401 DISSIIRTATIO
758 330 806 399 11.
848 331 890 398 Ρ.
907 330 956 398 11.

126 515 184 602 qui
195 512 488 606 μιάνθηνὶισιιιειο
499 517 714 584 multitudinis
730 517 920 585 adscribunt
931 515 1079 602 quamvis
1090 514 1245 603 exemplo

125 617 209 683 futili
235 619 269 683 in
298 617 431 686 scholiis
458 619 668 686 oolleotaneie
693 620 737 684 ad
763 619 806 686 11.
834 620 932 689 VIII.
953 619 1006 685 74.
1035 616 1075 686 νδ
1098 613 1246 706 ἑζέσθην

124 712 200 786 ἀντὶ
227 723 286 787 τοῦ
313 715 500 808 έζέσθησαι
525 713 573 799 ὥς
597 719 637 788 τὸ
666 717 871 810 έκόσμηθεν·
893 717 1014 805 ὅμοιον
1035 716 1074 787 δέ
1095 716 1168 787 lars
1192 722 1245 807 τῷ

123 815 281 908 μιάνθην.
324 821 454 887 Horum
471 821 711 908 disputatorum
729 822 812 888 ulter
830 821 968 905 ἔζεσδεν
982 819 1139 898 defendit,
1161 818 1247 886 alter

124 919 161 985 id
192 922 283 1007 quod
314 922 471 1010 seriptum
497 934 563 1001 ast3
595 922 802 991 consentiunt
830 932 939 988 autem
966 931 1142 1007 utrumque
1168 940 1246 989 esse

123 1021 284 1108 pluralem
315 1022 427 1089 aoristi
460 1023 584 1110 passivi
623 1046 665 1090 ex
703 1019 891 1113 δζέσθησαν
929 1033 1148 1103 oontrautum,
1187 1022 1247 1091 ille

125 1121 262 1204 έζεσθει
278 1124 449 1190 conferens
464 1145 539 1190 oum
556 1121 741 1215 κόσμηθεν,
765 1122 819 1192 hio
835 1122 975 1214 ἑζέσθην
991 1146 1066 1191 oum
1082 1119 1246 1212 μιάνθην.

126 1223 196 1291 Sed
223 1224 391 1290 inauditus
421 1236 472 1292 est
496 1225 635 1290 aoristus
663 1221 806 1314 ἑζέσθην
833 1248 901 1292 non
928 1227 1036 1293 minus
1064 1247 1165 1311 quam
1189 1225 1246 1291 ln·

126 1334 235 1390 turum
256 1321 430 1411 έζέσομαι,
453 1328 546 1413 eujus
567 1349 609 1392 ne
630 1325 836 1393 simulaomm
858 1327 992 1413 quidem
1007 1336 1098 1393 extat
1113 1337 1248 1416 praeter

126 1419 242 1508 σ’ζέσω.
277 1421 422 1515 ’Ἀερδεν
443 1439 476 1494 et
496 1427 617 1494 similes
630 1428 1021 1516 aoristosMosobopulus
1034 1425 1157 1497 Sohed
1169 1428 1245 1497 175.

125 1526 252 1627 triplici
270 1527 509 1597 machinatione
535 1528 580 1595 ad
592 1552 751 1631 normam
772 1530 912 1617 dirigere
933 1540 1071 1597 conatur
1090 1530 1246 1618 duranni}

124 1631 184 1716 τῆς
204 1654 250 1697 σα
273 1654 332 1696 και
322 1627 497 1717 συστολῇ
517 1634 577 1696 τοῦ
599 1658 620 1716 η
641 1630 779 1698 καὶτοῦ
800 1627 897 1702 τόνου
917 1629 1113 1716 μεταθέσει.
1144 1630 1243 1696 Ηιιιια

126 1729 223 1795 trium
251 1728 459 1795 affectionum
490 1729 756 1809 oumulationem,
790 1753 855 1815 qua
885 1731 1034 1798 nonnulli
1063 1727 1243 1818 perlectum

126 1830 286 1898 πέποσθε
315 1840 527 1908 excusarunt,
555 1854 597 1896 ne
624 1829 877 1899 Choeroboseus
906 1831 1039 1918 quidem
1061 1828 1139 1896 satis
1160 1851 1243 1896 oon·

127 1950 268 2017 coquere
284 1932 393 2018 potuit
408 1929 491 1999 Cen.
507 1931 580 1998 594.
599 1927 703 2031 uvido
722 1931 868 2020 πέπηθα
884 1933 1065 2021 πέπησμαι
1080 1932 1244 2018 πέποσθε

127 2031 185 2100 ναὶ
209 2030 295 2098 κατὰ
324 2031 455 2124 τροπὴν
480 2057 540 2101 τοο
564 2059 584 2123 η
612 2032 662 2111 εἷς
680 2058 698 2100 ο
718 2030 936 2099 nimands*
919 2029 978 2098 εὰν
999 2031 1064 2119 γὰρ
1088 2025 1246 2099 ἀπὸτοῦ

126 2129 326 2199 πεπόνθατε
346 2131 614 2233 σχηματέσωμεν,
637 2132 749 2200 πολλὰ
770 2129 869 2219 πάθη
874 2133 1099 2255 παρέχομεν,
1121 2156 1244 2217 συγκο·

127 2233 230 2330 πὴν
215 2236 276 2297 τοῦ
297 2257 319 2298 α
344 2231 403 2298 καὶ
424 2238 482 2301 τοῦ
504 2241 533 2302 θ
552 2259 611 2300 και
602 2229 808 2321 δπσβολην
832 2235 890 2299 τοῦ
913 2259 930 2298 ν
950 2256 1008 2298 και
1000 2231 1245 2317 πλεονασμὸν

126 2336 186 2398 τοῦ
203 2356 241 2411 σ,
275 2353 359 2417 quse
388 2334 498 2398 omnia
524 2334 553 2398 si
581 2333 857 2411 devoraverimus,
884 2342 1035 2418 superest
1062 2331 1152 2398 theta
1180 2354 1243 2420 pro

127 2442 184 2497 tau
206 2433 360 2520 positum.
404 2433 520 2519 Itaque
542 2434 614 2499 aliis
636 2456 677 2499 ex
700 2430 898 2519 πεπόνησθε
914 2443 1114 2499 contractum
1128 2433 1243 2500 volue-

127 2546 203 2599 runt
224 2528 388 2622 ἀποκοπῇ
407 2533 591 2621 (συμκοπῇ)
617 2537 675 2622 τῆς
696 2560 734 2617 νη
753 2535 936 2632 συλλαβῆς·
954 2529 1027 2602 οδε
1037 2529 1246 2617 Ἡρωδιανὸς

128 2633 165 2700 ἐκ
186 2659 245 2701 του
268 2635 429 2719 πέποσθε
458 2637 600 2722 συστολῇ
627 2640 685 2701 τοῦ
708 2661 728 2723 η
752 2630 801 2712 εἷς
826 2635 944 2700 oEM.
967 2633 1245 2712 662‚15.ubi·s1

128 2744 216 2799 reete
245 2756 281 2798 se
308 2731 409 2798 habet
436 2755 556 2798 nomeu
581 2738 700 2802 σιστο
704 2761 741 2824 η
772 2734 984 2799 Herodianus
1013 2745 1172 2820 sequutus
1195 2745 1246 2804 est

128 2832 311 2900 Aristarchi
338 2835 532 2920 scripturam
561 2832 740 2912 πέπασθε,
773 2835 873 2920 idque
906 2857 947 2899 ex
973 2837 1134 2923 πέποσθε
1162 2857 1245 2903 σοιι-

127 2958 256 3001 versum
283 2935 411 3021 putavit
438 2956 468 3000 v.
496 2934 540 2998 ad
561 2935 684 3001 Buttm.
706 2936 758 3000 25.
786 2935 845 3000 sed
871 2935 906 2999 in
928 2934 1005 3002 Seh.
1030 2936 1117 3003 vict.
1139 2937 1183 3001 ad
1203 2937 1245 3004 Il.

128 3037 193 3103 III.
222 3038 274 3102 99.
304 3033 474 3124 μεταβολή
501 3047 649 3114 vocatur,
677 3035 712 3100 in
739 3036 849 3124 Epim.
872 3035 900 3100 Ι.
922 3035 996 3100 358.
1017 3033 1143 3123 τροπή,
1177 3060 1245 3123 quo

129 3138 331 3225 significatur
359 3138 520 3205 πέποσθε
548 3139 599 3203 vel
628 3160 669 3204 ex
701 3138 863 3223 πέπυσθε
889 3147 1001 3202 natum
1023 3159 1095 3202 esse
1123 3140 1175 3204 vel
1202 3161 1246 3206 ex

128 3243 301 3308 πέπασθε.
348 3241 462 3324 Atque
490 3237 554 3304 huo
581 3262 643 3305 nos
670 3238 761 3304 ducit
789 3238 870 3304 ΕΜ.
905 3237 983 3316 662,
1014 3240 1064 3303 11.
1092 3236 1245 3322 πέποσχε

124 3333 331 3424 Ἐπίχαρμος
356 3333 426 3406 ἀπὸ
448 3343 507 3406 τοῦ
529 3336 664 3422 πάσχω,
691 3340 846 3420 πέπασχε
864 3337 1020 3404 καὶκατὰ
1038 3338 1246 3425 τροπῆντοῦ

128 3429 330 3522 ἆπέποσχε,
356 3439 409 3505 eui
427 3439 454 3504 si
476 3440 549 3526 quis
568 3441 734 3529 passivum
753 3440 932 3524 adjungere
951 3447 1061 3515 tentet,
1083 3438 1138 3505 vix
1155 3438 1246 3505 aliud

128 3542 209 3627 tingi
230 3542 352 3628 poterit
373 3564 471 3628 quem
493 3539 683 3627 πέπυσμαι.
718 3542 773 3609 Ex
787 3539 1030 3610 Ιιοαπέποσθε
1046 3550 1152 3606 ortum
1171 3563 1246 3608 esse

128 3642 218 3710 haud
248 3643 463 3730 improbabile
490 3642 634 3722 videtur,
663 3642 724 3710 sed
744 3654 782 3710 ut
801 3664 861 3732 pro
885 3651 973 3711 certo
994 3651 1137 3728 ponatur
1156 3641 1247 3711 haud

129 3743 297 3811 suaserim.
339 3745 417 3811 Non
437 3744 544 3810 minus
566 3743 733 3810 turbarum
756 3754 806 3811 est
827 3744 913 3811 cirea
932 3744 1050 3812 modos
1073 3743 1245 3831 obliquos:

127 3845 169 3913 τὰ
193 3843 243 3922 εἷς
272 3838 383 3923 δας
362 3844 432 3914 απὸ
461 3840 653 3933 βαρυτόνων
681 3844 836 3934 ῥημάτων
859 3843 1017 3931 γενόμενα
1045 3844 1103 3912 διὰ
1128 3850 1189 3912 τοῦ
1210 3870 1248 3912 υτ

127 3942 295 4013 κλίνονται
322 3936 400 4013 οἶδα
432 3941 554 4027 Οἶδας,
584 3970 627 4035 φε
629 3942 747 4031 ίδομαι
763 3937 925 4033 Ἀφείδας
950 3944 1008 4014 καὶ
1032 3938 1131 4012 αλλα.
1176 3943 1247 4013 Καὶ

126 4042 165 4113 τὸ
186 4041 433 4133 δπεμιέδανιες
452 4041 584 4135 μήποτε
605 4038 674 4112 απδ
701 4049 761 4113 τοῦ
785 4042 938 4112 ιυδαένω.
971 4043 1092 4132 Γέγονε
1114 4039 1247 4135 ιυδήεις

127 4140 300 4234 κυδήενιες
325 4146 382 4214 καὶ
408 4140 658 4232 ὑπερκύδαντας.
698 4139 908 4230 Ἡρωδιανὸς
936 4145 970 4214 έν
990 4150 1064 4223 τοῖς
1086 4144 1245 4233 ἐπιμερι-

128 4248 228 4327 σμσῖς
254 4247 342 4332 λέγει
368 4242 421 4315 ὅτι
446 4239 568 4332 μετοχή
598 4242 689 4312 ἐστιν
710 4237 781 4314 ἀπὸ
802 4250 862 4312 τοῦ
888 4244 1032 4313 κεδαίνω
1054 4241 1245 4336 ὑπερκυδδ·
