2736 4778
148 356 213 423 ns
233 352 503 422 Paosnunffl
523 351 584 418 nr
607 351 868 421 sennensi
892 351 930 421 c.
943 354 1003 422 1v.
1025 311 1104 440 §.a
1131 355 1179 431 νε

69 544 137 608 iota
160 541 280 631 pariter
301 542 438 626 longum
461 549 511 604 est
533 538 742 623 elisionisque
762 538 943 625 impatiens.
985 541 1089 606 Breve
1112 541 1179 606 iota

71 646 188 711 Gracci
209 645 303 709 istius
325 656 424 709 notae
446 664 604 729 persaepe
626 640 767 718 elidunt,
796 638 930 724 σχάδιον
953 642 1095 709 dicentes
1118 667 1177 732 pro

71 743 234 829 ἶσχύδιυν,
257 747 377 827 σιοριά
404 755 463 809 etc.

155 853 180 934 ξ.
201 849 232 913 2.
276 848 331 914 De
355 845 518 910 nonnullis
546 843 774 909 controversia*
787 854 837 908 est
857 843 942 910 inter
963 843 1077 909 doctos
1098 866 1180 928 quo-

69 949 169 1015 modo
202 949 320 1013 affecta
347 949 423 1025 sint,
452 947 641 1034 pleonasmo
669 969 710 1009 an
733 946 849 1045 ellipsi.
884 946 994 1013 Schol.
1016 946 1090 1011 Nic.
1117 946 1181 1012 Th.
1302 1035 1304 1039 Ι

69 1051 145 1117 263.
167 1050 205 1115 τὸ
229 1043 303 1116 ada
323 1049 526 1138 ἐξενήνεκται
548 1048 729 1134 χωρύςεού
749 1068 776 1115 ι·
795 1046 832 1113 τὸ
848 1048 886 1114 δὲ
896 1050 1023 1136 πλῆρες
1036 1045 1123 1114 ἰαύει
1136 1048 1179 1131 ⁴).

68 1153 102 1218 Ε
131 1150 292 1217 contrario
314 1145 520 1235 Ἡρωδιανὸς
547 1149 635 1234 λέγει
661 1147 717 1215 δἐι
744 1149 781 1217 τὸ
812 1146 899 1217 ιάύω
925 1149 1019 1235 παρὰ
1047 1150 1085 1216 τὸ
1108 1143 1181 1215 αύω

68 1252 149 1318 ΕΜ.
179 1251 258 1329 464,
287 1250 338 1317 32.
372 1251 429 1336 qui
458 1250 549 1314 addit
574 1250 729 1316 aoristum
751 1245 850 1319 ἆέσαι
879 1273 919 1316 ex
948 1245 1048 1319 αδσαι
1070 1245 1181 1317 natum

71 1376 153 1420 esse.
196 1347 284 1419 Αύω
301 1364 409 1419 tamen
435 1352 512 1417 alibi
532 1373 600 1417 non
623 1352 742 1438 legitur
757 1364 790 1417 et
807 1351 841 1417 in
857 1352 913 1419 illo
931 1353 1004 1441 ipso
1022 1354 1180 1436 Nicandri

69 1478 165 1521 versu
186 1477 247 1542 pro
271 1452 402 1532 ἐνδυκὲς
421 1447 496 1521 ada
514 1453 549 1519 in
571 1454 667 1520 codd.
687 1454 850 1520 nonnullis
869 1455 1092 1543 scriptumest
1111 1452 1182 1521 αἷέυ

71 1554 173 1631 ἰαύει,
214 1554 305 1640 quod
341 1556 486 1641 glossam
526 1556 625 1642 sapit,
657 1555 691 1620 in
720 1557 820 1624 altero
848 1556 921 1622 283.
948 1557 1181 1624 Valckenarius

72 1656 141 1725 αἰεί
162 1656 338 1721 substituit.
383 1657 451 1739 Qui
470 1661 498 1724 si
510 1661 584 1745 jure
600 1661 733 1727 verbum
752 1653 823 1726 αύω
842 1662 965 1725 dormio
983 1681 1023 1722 ex
1041 1658 1181 1725 Graecia
1276 1658 1279 1663 ’

71 1758 277 1837 exterminat,
305 1757 369 1824 hoc
398 1771 484 1826 certe
510 1763 701 1849 relinquitur
722 1772 758 1825 ut
780 1756 864 1826 ἱαύω
887 1760 929 1824 ad
951 1753 1001 1826 λύω
1023 1760 1091 1825 sive
1114 1755 1181 1827 ἆέω

69 1861 245 1926 referamus
275 1871 429 1946 tanquam
455 1864 499 1927 ad
524 1863 642 1930 thema.
693 1862 868 1928 Pertn'tum
896 1873 944 1926 est
972 1857 1043 1929 αύω
1067 1862 1181 1938 clamo,

70 1964 131 2027 sed
155 1963 212 2047 qui
240 1963 275 2026 in
299 1963 422 2049 Odyss.
444 1964 509 2029 IX.
533 1965 603 2029 184.
631 1956 715 2031 ἔνθα
739 1989 774 2030 τε
800 1965 912 2028 πολλὰ
940 1957 1019 2048 μῆλ’
1051 1957 1120 2039 ύῖἑς
1147 1988 1183 2028 τε

71 2064 128 2130 καὶ
150 2057 242 2148 αἶγες
263 2060 420 2132 ἰαύεσκον
440 2062 504 2129 hoc
524 2074 720 2152 acceperunt
734 2085 796 2149 pro
816 2058 930 2146 ἐβόων,
953 2061 1103 2148 protinus
1126 2085 1182 2127 ex·
1221 2068 1224 2075 '

71 2163 158 2250 plosi
183 2173 268 2229 sunt
313 2159 407 2252 Ἰωγή
437 2177 562 2232 veteres
595 2165 635 2231 ab
666 2161 831 2250 ἅγνυσθαι
861 2162 1039 2228 derivatum
1062 2164 1184 2250 [dicunt

71 2268 113 2331 ad
135 2264 385 2352 significandum
405 2267 514 2333 locum
532 2267 617 2335 ἔνθα
640 2269 780 2333 κλιύνταε
808 2263 849 2330 τὰ
872 2262 1001 2348 κύματα
1025 2260 1046 2354 ἢ
1067 2261 1085 2331 δ
1109 2260 1183 2333 δίνε-

69 2392 134 2450 μος
158 2365 235 2436 Sch.
260 2366 328 2433 Od.
351 2368 393 2434 V.
414 2369 488 2435 404.
512 2370 594 2447 sive,
625 2380 662 2433 ut
681 2365 840 2452 Vrrgilius
866 2366 911 2430 ait
942 2370 996 2433 ubi
1020 2372 1121 2434 omnis
1143 2371 1182 2434 οδ

70 2470 135 2534 olto
166 2470 329 2552 [sancitur
360 2472 447 2537 uada
477 2473 563 2537 Aen.
592 2469 620 2555 1,
651 2470 722 2534 160.
777 2466 874 2535 Certe
903 2467 1017 2532 eadem
1044 2468 1185 2532 cernitur

70 2569 231 2634 vocalium
257 2557 333 2636 oet
357 2558 385 2638 ἶυ
405 2572 595 2639 vicissitudo
622 2572 657 2636 in
684 2570 874 2656 compositis
900 2565 1043 2656 περιαγή
1069 2591 1182 2633 curva-

71 2681 144 2735 tura
165 2682 198 2735 et
219 2671 427 2757 περιιύγανον
451 2674 586 2740 canthus
603 2685 693 2740 rotae
709 2696 739 2739 v.
756 2671 857 2738 Proll.
876 2671 946 2737 183.
968 2693 1074 2756 neque
1094 2658 1184 2737 extra

70 2773 170 2839 fidem
200 2782 250 2838 est
269 2774 337 2840 iota
359 2776 558 2842 extrinsecus
580 2777 742 2862 adjectum
764 2796 851 2851 esse,
879 2783 916 2837 ut
937 2773 1007 2837 aliis
1033 2797 1117 2858 quae
1140 2775 1182 2839 ad

69 2875 127 2958 Aj.
154 2873 175 2938 1.
203 2896 231 2939 c.
262 2875 385 2941 contuli
415 2873 548 2963 ἷαείριο,
577 2873 682 2944 totae
708 2888 741 2942 et
770 2875 861 2962 quod
884 2874 996 2943 Schol.
1018 2877 1131 2964 Apoll.
1153 2878 1181 2941 Ι.

70 2975 145 3038 972.
172 2974 277 3060 tangit
307 2969 406 3054 οὖλος
434 2976 490 3043 καὶ
517 2974 629 3054 ἴουλος
651 2973 670 3064 ἡ
693 2981 759 3044 τῶν
779 2973 977 3058 δραγμάτων
1001 2977 1104 3063 δέσμη
1127 2978 1183 3043 καὶ

74 3072 174 3142 otta}
196 3071 216 3162 ἡ
238 3074 408 3163 Δημήτηρ,
431 3100 514 3162 quae
536 3077 626 3163 apud
647 3076 769 3141 Athen.
793 3076 891 3141 XIV.
914 3073 986 3138 618.
1008 3071 1183 3142 1).’1ουλιύ

69 3188 205 3242 vocatur
235 3200 254 3240 a
282 3176 381 3243 verbo
412 3175 493 3245 i'llso
527 3176 606 3245 εἶλιῦ
636 3200 665 3242 v.
689 3175 849 3242 Technol.
873 3176 944 3241 117.
974 3186 1006 3241 et
1025 3176 1098 3242 261.
1124 3178 1183 3241 sed

70 3302 187 3365 parum
215 3278 357 3365 cogitate
377 3279 457 3345 ΕΜ.
478 3279 558 3356 469,
583 3279 635 3345 38.
664 3278 728 3343 huc
749 3278 906 3344 admiscet
932 3276 1011 3365 ἴηλα
1032 3273 1104 3345 ἀντὶ
1123 3284 1184 3347 τού

71 3380 257 3461 ἐδέσμευσα
285 3375 352 3445 snt
381 3385 440 3445 τοῦ
474 3377 567 3460 sileo,
601 3382 690 3466 quod
717 3378 873 3449 Scholion
906 3381 1048 3469 pertinet
1073 3381 1116 3446 ad
1141 3378 1180 3447 ll.

69 3480 150 3546 XV.
186 3480 235 3545 19.
285 3479 351 3545 Hic
380 3479 584 3567 interponam
613 3483 838 3568 quaest-ionem
869 3482 909 3547 de
933 3482 1062 3548 duobus
1083 3506 1182 3548 voca-

70 3580 173 3657 bulis,
202 3602 285 3665 quae
314 3581 439 3665 antiqui
462 3583 620 3666 synthetis
646 3585 873 3649 adnumerant:
904 3581 981 3671 γνής
1008 3582 1124 3671 γνρτδς
1144 3578 1183 3674 ἦν

72 3681 188 3768 εἶν’ςαερ
212 3679 304 3769 Κρής
327 3679 472 3768 Κρητός,
503 3675 711 3768 καλέγὲνειο
742 3684 775 3751 ἐν
805 3686 961 3753 συνθέσει
982 3687 1066 3766 μετὰ
1086 3681 1184 3776 apel

72 3778 280 3864 circumspice
302 3776 409 3868 ’Ίγνρς
429 3777 575 3870 ’Ίγνητος
602 3783 657 3851 καὶ
693 3783 837 3873 ἐφύλαξε
866 3785 924 3875 τὴν
950 3783 1052 3876 αύιὴν
1078 3787 1184 3855 κλίσιν

143 4058 172 4126 l)
186 4056 307 4110 Ahrens.
321 4052 491 4110 Βίε1.ΑεοΙ.
505 4055 547 4109 28.
564 4062 705 4127 comparat
722 4049 773 4126 ν’ργῆ
790 4052 860 4125 ἰαχή,
879 4052 933 4125 ἀρά
950 4052 1026 4125 ἱερός
1042 4052 1121 4127 ἱερός,
1140 4057 1183 4112 his

72 4160 187 4214 quoque
207 4141 266 4196 iota
284 4143 441 4196 detractum
459 4149 569 4213 putans.
599 4141 644 4195 Ad
661 4142 777 4196 verbum
795 4141 866 4211 ἆχέω
882 4141 1062 4196 rcssrendum
1074 4141 1184 4200 videtur

72 4227 152 4298 Μέγ·
168 4225 297 4299 δχὴσειαι
306 4232 382 4298 μέγα
393 4224 485 4297 βοήσει
495 4229 563 4283 Ηεε.
574 4225 704 4283 Δεύνυσε
716 4227 791 4298 ἀχέει
806 4226 932 4297 Ilgsnins
949 4227 1044 4301 posuit
1056 4227 1084 4284 in
1095 4230 1133 4288 H.
1143 4232 1180 4288 Η.

75 4315 102 4369 in
115 4313 183 4368 Pan.
201 4316 241 4369 18.
254 4317 360 4386 θρῆνον
371 4315 574 4387 ληισροχεαυσα
581 4317 641 4385 χέει
651 4317 805 4386 μελίγηρυν
817 4308 921 4383 cicadis.
