2736 4778
324 344 389 409 on
406 339 683 410 Pnnscrnsr.
727 341 766 410 c.
785 344 845 411 vr.
877 347 902 430 ς.
924 344 953 409 1.
1120 347 1196 423 ⁴77

87 527 159 592 570.
180 527 261 593 ΕΜ.
285 527 315 605 9,
337 527 390 593 30.
413 521 432 591 t>
454 521 592 604 ἆττικὸς
613 524 859 612 παρακείμενος
880 527 992 596 ἐθέλει
1014 527 1102 617 ἕνεῇ
1119 530 1194 597 δευ-

86 628 168 716 τέρᾳ
190 629 248 695 καὶ
270 628 363 718 τρίτῃ
386 629 533 714 συλλαβῇ
557 625 593 691 ni
617 621 697 692 αὐτὸ
723 625 900 716 σι’μφωνον
921 626 1014 710 ἔχειν,
1035 623 1193 716 ἁλήλιφα,

86 722 262 812 ὀμώμοκε,
285 721 409 807 ὄλωλα,
430 727 512 795 ὅθεν
538 725 595 793 καὶ
623 726 661 793 τὸ
684 723 830 826 ‹iyriyogu
857 727 915 794 καὶ
942 726 1087 813 ἐδήδοκα
1115 732 1194 797 συλ-

87 831 174 915 λαβῇ
196 826 490 895 ἐπλεόνασε-καί
512 820 672 916 ἀποβολῇ
696 834 759 894 τοῦ
784 855 803 914 7
825 823 964 916 ἀγήοχα.
1009 828 1102 896 Sicut
1122 852 1194 897 ver·

87 928 166 995 bum
187 921 258 1015 ἔγω
288 929 396 1016 ipsum
422 927 502 993 nihil
528 927 578 992 sui
608 928 711 993 simile
740 928 841 994 hebet»
862 952 891 994 v.
914 928 1039 994 Techn.
1070 930 1122 994 49.
1150 931 1200 1012 ita·

89 1030 268 1114 perfectum
290 1031 357 1113 ejus
381 1029 461 1094 nulli
489 1030 605 1094 canoni
627 1030 742 1114 subjici
769 1040 887 1117 potest.
932 1030 1116 1097 Verborum
1138 1026 1193 1097 αἴ-

88 1153 155 1194 νειν
177 1140 209 1195 et
231 1127 355 1218 αἱονᾴν,
377 1127 477 1196 εἱλεῖν
499 1140 532 1195 et
552 1127 700 1196 αἰόλλειν
723 1133 875 1216 (versare,
887 1131 1024 1217 variare)
1048 1155 1115 1198 non
1133 1130 1193 1197 ob·

87 1251 182 1295 seura
202 1230 353 1316 cognatio
375 1230 434 1296 sed
460 1231 586 1317 species
610 1231 737 1298 diversa
760 1246 819 1299 est.

168 1351 192 1433 ξ.
216 1349 246 1414 3.
289 1351 344 1416 De
365 1348 613 1436 interpositione
636 1349 913 1438 diphthongornm
939 1337 982 1419 ἶνῖ
999 1362 1032 1417 et
1053 1337 1093 1421 oe
1112 1349 1193 1417 nihil

84 1449 162 1514 certi
185 1472 375 1537 expromere
396 1474 542 1538 possum.
586 1451 670 1516 Nam
693 1448 809 1536 ὁμοῖος
837 1454 897 1518 etsi
924 1453 1085 1519 interdum
1104 1454 1192 1519 idem

83 1551 168 1616 valet
188 1553 279 1637 quod
303 1547 394 1636 ὁμός,
418 1564 527 1618 tamen
548 1552 626 1638 quia
647 1553 778 1640 saepius
801 1554 917 1630 differt,
941 1554 1117 1640 paragogis
1133 1554 1191 1618 ad-

83 1666 270 1719 numeratur
295 1677 361 1719 uno
390 1675 463 1719 oum
491 1647 642 1730 ἀλλοῖος,
679 1650 834 1739 ἑτεροῖος.
888 1656 1020 1733 Herba,
1057 1676 1142 1740 quse
1173 1676 1193 1718 a

82 1754 250 1819 Nicandro
273 1753 510 1837 κουλυβάτεεα,
539 1752 580 1820 ab
603 1753 673 1818 aliis
700 1751 858 1838 κλύβατις
883 1770 916 1822 et
936 1752 1111 1838 κλιβάόιον
1132 1777 1190 1821 vo·

84 1871 190 1933 eatur,
219 1877 287 1920 non
309 1868 435 1921 constat
461 1855 551 1940 quod
572 1876 692 1920 nomen
718 1877 738 1918 a
759 1857 864 1943 primo
885 1857 1075 1945 impositore
1097 1880 1190 1924 aoce-

83 1958 178 2045 perit.
218 1951 342 2042 Ὀρούω
371 1957 480 2044 potius
510 1979 531 2021 a
555 1956 728 2020 thematico
756 1953 823 2038 ὅρον
852 1970 1069 2044 propagatum
1093 1980 1192 2044 quam

82 2082 142 2146 per
152 2057 317 2125 traducem
335 2050 422 2142 (inrito
439 2080 513 2122 oum
525 2056 693 2142 epenthesi
710 2057 830 2122 vocalis
841 2056 993 2124 boeotius
1012 2061 1192 2145 utquidam

81 2161 194 2224 volunt
214 2158 325 2247 Epirn.
343 2160 369 2223 1.
393 2158 464 2223 146.
487 2157 638 2244 Longius
664 2157 946 2246 circumspectanti
957 2184 1057 2226 unum
1076 2183 1189 2227 occur-

81 2261 123 2326 rit
144 2259 219 2325 huic
242 2259 345 2325 simile
366 2259 510 2348 Κηνοεεί
538 2259 606 2324 ἐκεῖ
631 2260 713 2325 Hes.
748 2261 935 2345 quodcum
961 2259 1050 2350 κείνῃ
1078 2262 1113 2326 id
1141 2274 1191 2327 est

82 2361 151 2428 ἐκεῖ
180 2371 212 2427 et
241 2361 352 2427 dorioo
380 2368 471 2448 τηνεῑ
496 2359 646 2426 convenit
673 2360 732 2425 sed
761 2361 955 2428 adscribitur
986 2363 1190 2430 Cretensium

82 2461 233 2527 dialecto.
254 2509 256 2512 ψ

536 2799 640 2870 ΟΑΡ.
672 2803 732 2872 VI.

79 2974 132 3047 De
156 2975 268 3072 ypsr'lo
295 2987 332 3048 et
349 2959 375 3051 i'
393 2976 518 3072 longo,
556 2977 603 3048 od
626 2980 775 3048 ultrinum
800 2975 842 3046 de
867 2976 1051 3071 sirterjeotu
1077 2976 1187 3077 syll·

565 3097 694 3168 barum.

165 3264 189 3346 ξ.
214 3264 242 3327 1.
289 3257 449 3344 Τύμονλος
467 3256 486 3325 r‘r
506 3262 645 3344 Τμῶλος
663 3259 748 3326 κατὰ
767 3256 943 3346 ποιητικὸν
960 3258 1188 3343 σχηματισμόν

79 3362 195 3448 Steph.
239 3362 325 3428 Illud
350 3363 469 3448 legitur
496 3362 530 3426 in
558 3361 660 3428 Anth.
689 3362 749 3428 VI.
775 3361 848 3426 234.
885 3372 916 3426 et
952 3359 1041 3446 apud
1068 3359 1187 3425 latinos

80 3464 255 3551 scriptores
276 3464 404 3529 interim
426 3463 472 3529 sio
495 3463 660 3549 seriptum,
681 3463 809 3528 interim
832 3485 891 3550 per
905 3462 972 3527 iota
988 3485 1017 3528 v.
1030 3462 1186 3530 Garaton.

80 3566 124 3632 ad
157 3565 227 3632 Cic.
257 3588 318 3654 pro
350 3566 470 3631 Flacco
503 3565 605 3631 XIX.
634 3565 687 3630 49.
722 3557 810 3641 οἶνος
851 3561 1039 3652 Τιμωλιέης
1072 3565 1186 3632 Galen.

79 3669 121 3733 de
145 3669 241 3737 Suco.
285 3667 386 3733 XIII.
419 3667 491 3731 802.
525 3666 566 3732 Τ.
599 3666 660 3734 VI.
693 3664 752 3729 sed
783 3665 895 3751 paneis
933 3665 1078 3732 versibus
1110 3678 1187 3755 post

82 3771 255 3856 Τμωλίτης
287 3789 351 3854 quo
385 3767 463 3833 alibi
496 3769 596 3833 utitur
630 3767 670 3832 de
703 3765 818 3833 Antid.
841 3768 882 3833 V.
914 3767 988 3834 429.
1021 3769 1061 3834 Τ.
1086 3770 1184 3837 XIV.

77 3872 154 3935 Hoc
180 3871 256 3956 quia
277 3870 387 3958 plnres
413 3869 511 3934 habet
532 3881 563 3935 et
590 3867 789 3953 antiquiores
811 3880 959 3934 suctores
989 3892 1048 3957 pro
1071 3869 1183 3956 primi-

77 3971 143 4036 tivo
165 3972 310 4037 habetur.
354 3971 519 4038 Particula
539 3966 615 4058 ἠΰτε
636 3970 664 4035 si
686 3993 727 4035 ex
747 3967 907 4054 bisyllabo
928 3962 1004 4055 ηὗτε
1033 3982 1108 4033 nata
1137 3980 1186 4034 est

77 4095 137 4159 per
160 4073 326 4151 diastasin,
349 4074 392 4137 od
413 4072 500 4138 huno
520 4072 628 4138 Iocum
649 4094 716 4136 non
738 4071 894 4159 pertinet,
917 4069 944 4133 si
965 4090 1042 4131 vero
1065 4088 1105 4131 ex
1129 4066 1186 4154 ἥτε

77 4173 144 4239 sive
167 4167 188 4261 ἤ
208 4199 244 4241 τε
265 4175 299 4239 id
319 4186 369 4240 est
389 4173 436 4253 ὥς
455 4200 509 4252 τε,
543 4170 789 4248 πλεονάσαντος
810 4175 869 4238 τοῦ
890 4158 966 4237 out
987 4167 1185 4253 Apollonius

78 4275 157 4341 dicit
177 4277 264 4342 Adv.
286 4276 359 4342 559.
382 4274 433 4341 vel
454 4274 518 4340 hue
538 4273 741 4340 referendum
764 4281 813 4338 est
833 4269 883 4336 vel
909 4270 952 4335 ad
975 4269 1182 4355 proschema-
