2736 4778
202 319 266 385 DE
287 316 505 385 SYNCOPE
526 315 672 383 UNIUS
693 313 914 384 VOCALIS.
946 314 985 384 0.
1000 319 1042 386 V.
1059 318 1128 404 βλ.
1161 322 1236 397 325

127 499 296 592 ἀμβλήδην
320 502 378 571 καὶ
404 496 601 586 ἂμβλλσκειν
621 497 682 564 καὶ
707 493 874 583 ὅμβλιομα
895 497 932 566 τὸ
955 492 1026 569 οἷον
1048 498 1238 595 ἆναβληθὲν

126 605 162 672 ἐκ
182 609 241 693 τῆς
261 602 408 691 μήτρας,
440 600 645 686 eundemque
670 597 868 666 intellectum
890 600 1011 667 habent
1037 601 1238 688 προβάλλειν

125 706 249 774 Ταολιιι.
270 695 344 772 249.
368 699 572 784 ἀποβάλλειν
586 702 644 770 Du
658 700 765 788 Cang.
782 713 815 767 et
828 700 950 769 comes
966 703 1009 768 ad
1021 703 1150 770 Aelian.
1164 705 1237 773 338.

123 822 222 893 atque
243 807 381 872 latinum
401 803 536 869 verbum
556 805 665 888 ejicere
682 826 710 868 v.
724 803 897 871 Muneker.
918 805 961 870 ad
976 805 1126 872 Laetant
1141 807 1236 876 Nan.

123 909 208 974 Fab.
230 909 278 974 Χ.
302 907 375 972 860.
400 905 451 971 ed
476 905 563 972 Stav.
604 903 673 969 Pro
695 904 796 970 altera
821 906 928 971 afferri
954 916 1096 993 possunt
1120 907 1239 976 Galeni

125 1023 160 1076 et
173 1009 324 1077 Erotiani
339 1009 467 1096 glossae
478 1003 718 1086 Ἀμαλιλιῖνιιαι
734 999 933 1095 ἀφανίζεται
951 1007 1009 1074 καὶ
1029 1009 1239 1098 ἀμαυροῦται
1313 1038 1316 1042 ·

126 1106 173 1189 ὡς
196 1112 231 1177 έν
252 1112 393 1198 δευτέρῳ
416 1103 614 1174 Γυναικείων
635 1097 792 1190 ὄμματα
814 1103 1095 1189 ἆμαλδιῖνειαι.
1141 1111 1239 1195 Quae

125 1213 155 1277 ai
178 1212 345 1297 quiscum
367 1210 439 1275 aliia
459 1208 541 1275 loeis
562 1208 749 1287 contulerit,
772 1209 830 1275 ubi
853 1221 885 1276 at
907 1210 1076 1278 hominum
1097 1214 1184 1280 oculi
1207 1224 1239 1280 et

124 1314 238 1379 vitium
259 1335 406 1400 gemmae
435 1322 467 1379 et
492 1310 598 1376 foetus
627 1333 758 1397 qnoque
786 1313 995 1379 animantium
1023 1310 1238 1400 ἀμβλοῦσθαι

124 1426 159 1481 et
187 1410 416 1499 ἀμβλύνεσθαι
445 1413 612 1488 dicuntur,
641 1412 692 1477 hie
721 1413 868 1500 vestigiis
897 1415 1076 1481 deducetur
1104 1416 1148 1481 ad
1177 1416 1237 1482 ad·

116 1517 276 1602 jectivum
294 1509 425 1599 ἆμαλιλς
441 1515 559 1590 debilis,
575 1513 664 1578 unde
679 1513 813 1580 verbum
824 1510 968 1600 Ἀμαλοῖ
985 1513 1139 1604 ἀφανίζει
1154 1520 1239 1584 Hae.

123 1630 157 1684 et
188 1636 372 1704 synonyma
405 1611 601 1700 dpatdeivw,
639 1609 827 1696 οἷ’μαλάιτιιο
864 1627 901 1682 ut
934 1618 1046 1695 κοῖλος
1079 1615 1238 1685 νολᾶυτια

124 1721 214 1786 eaelo
245 1718 372 1785 Teehn.
397 1718 451 1784 44.
504 1718 558 1782 Ex
589 1711 729 1798 ἂμαλόιο
762 1728 869 1782 autem
901 1719 1073 1785 contractis
1094 1716 1237 1806 syllabis

124 1834 229 1887 ortum
253 1821 383 1887 videtur
408 1812 547 1903 ἀμβλόιο
571 1817 746 1883 accedente
768 1817 844 1884 beta
867 1832 905 1885 ut
925 1824 1041 1905 μολεῖν
1060 1824 1237 1906 μέμβλωκε
1267 1847 1269 1851 ’

125 1918 295 2009 ἂγχίβλιος.
339 1923 386 1988 Et
411 1920 452 1987 ab
479 1920 595 1987 eadem
617 1919 718 2005 stirpe
739 1919 839 1986 verba
860 1944 1030 2009 paragoge
1051 1917 1235 2006 ἇμβλλσκιο,

124 2020 321 2107 ἂμβλώσκιο,
345 2015 539 2107 ἆμβλιόιτιο,
563 2021 736 2107 ipsumque
757 2020 951 2107 adjectiv'um
972 2016 1104 2106 ἀμβλὺς
1123 2034 1157 2089 et
1179 2023 1237 2087 de·

122 2125 261 2189 rivatum
281 2123 357 2201 hine
379 2119 599 2207 ἄμβλυώυσιο,
622 2120 788 2206 inquibus
811 2121 961 2187 omnibus
983 2123 1073 2188 notio
1095 2122 1238 2189 hebendi

124 2224 310 2313 praeeedit,
341 2223 524 2290 abortiendi
554 2223 710 2307 sequitur.
757 2224 811 2289 De
836 2222 1008 2290 verborum
1036 2225 1237 2313 tempon'bue

126 2327 268 2411 obliquis
294 2350 393 2392 unum
415 2326 479 2393 hoe
504 2325 651 2389 affertur:
682 2318 808 2412 ἤλυθον
830 2326 914 2391 κατὰ
940 2325 1109 2418 ουγιοπὴν
1131 2319 1237 2414 ἦλθον

127 2428 278 2515 Theogn.
308 2427 392 2495 Can.
420 2429 496 2507 137,
522 2428 572 2493 13.
605 2424 768 2493 Cboerob.
796 2425 878 2493 Can.
905 2426 983 2506 625,
1007 2427 1060 2493 24.
1090 2429 1148 2493 aad
1177 2427 1239 2493 fuit

123 2531 261 2596 fortasse
282 2529 392 2597 thema
414 2526 505 2596 &tea
532 2539 565 2594 et
592 2527 798 2616 diphthongo
825 2540 955 2594 auctum
973 2523 1119 2596 Ἐλιύθω
1139 2524 1236 2613 ἔρχο-

122 2657 189 2716 μαι
210 2634 293 2698 Hes.

210 2753 235 2834 ξ.
257 2751 288 2815 2.
333 2748 583 2835 Synthetorum,
616 2773 699 2836 quae
730 2749 772 2815 ad
803 2749 890 2815 hune
921 2749 1030 2837 locum
1062 2746 1235 2836 pertinent,

123 2875 200 2940 para
222 2853 327 2936 major
348 2861 476 2918 constat
497 2873 537 2917 ex
559 2851 726 2937 adjectivis
747 2851 782 2916 in
800 2840 842 2930 ἦ
865 2848 1104 2916 desinentibus:
1128 2850 1168 2915 ιὰ
1189 2847 1238 2927 εἰς

120 2942 167 3031 οξ
180 2948 363 3032 ὀξυνομινα
381 2947 456 3018 κατ’
480 2947 651 3041 ἀποβολὴν
670 2958 727 3019 τοῦ
744 2939 770 3018 d
787 2951 977 3020 συντίθεται
995 2951 1053 3015 καὶ
1072 2947 1237 3032 φυλάσσει

123 3053 163 3120 τὸ
178 3043 216 3120 'v‘
232 3049 442 3142 βραδυήκοος
462 3077 491 3117 κ.
514 3078 542 3119 τ.
565 3053 594 3117 λ.
624 3052 852 3140 Σεσημελιοται
879 3050 916 3115 τὸ
939 3046 1116 3147 Πολ-ὐμνια
1141 3047 1178 3114 τό
1202 3072 1238 3115 τε

123 3151 238 3238 κύριον
255 3156 312 3220 καὶ
329 3155 369 3220 τὸ
387 3149 640 3238 προςηγορικὸν,
659 3152 746 3236 ὅπερ
766 3150 927 3234 ἐξέθλιβε
943 3149 980 3215 τὸ
999 3176 1018 3216 υ
1039 3147 1237 3228 „Uatiam

124 3253 317 3340 αανιερυὴς
337 3251 445 3337 κόρα(
475 3249 676 3336 ,Πολύμνια
701 3248 847 3336 Οὐρανίη
869 3257 926 3317 τε“
950 3245 1107 3328 Ἡσίοδος
1126 3249 1236 3338 Epim.

123 3354 152 3418 Ι.
176 3354 247 3419 164.
272 3365 304 3419 et
325 3354 396 3419 171.
441 3353 703 3441 Appellativum‚
728 3353 819 3440 quod
840 3353 894 3420 ille
917 3352 1012 3429 dicit,
1039 3351 1120 3417 nihil
1148 3352 1238 3417 aliud

122 3455 252 3521 videtur
274 3478 371 3542 quam
396 3454 585 3522 femininum
607 3455 756 3543 adjectivi
782 3451 986 3538 πολυύμνιος
1008 3454 1142 3541 epitheti
1163 3454 1236 3520 loeo

123 3559 269 3644 positum
297 3558 440 3642 ideoque
471 3569 607 3626 accentu
634 3570 666 3624 et
695 3559 812 3645 spiritu
843 3555 1029 3621 distinctum
1059 3579 1079 3620 a
1106 3556 1237 3623 nomine

122 3661 259 3747 proprio
276 3662 319 3745 ⁵).
366 3661 499 3726 Musam
527 3661 639 3727 Latini
671 3658 922 3746 Polyhymniam
953 3669 1086 3737 vocant,
1116 3658 1236 3726 Graeci

122 3784 309 3848 nunquam3
341 3762 381 3828 de
405 3763 644 3850 andronymieis
668 3761 847 3839 Πόλυμιος
873 3771 906 3825 et
930 3758 1100 3845 Πόλυμνις
1123 3785 1237 3849 parum

124 3875 253 3929 constat
279 3874 386 3929 utrum
414 3886 487 3930 cum
514 3864 614 3951 ὕμνος
643 3863 825 3953 composita
854 3861 919 3928 sint
945 3884 986 3927 an
1015 3861 1176 3949 simplicia
1202 3871 1239 3926 ut

195 4106 220 4169 5)
241 4103 396 4157 Herodian.
415 4105 453 4158 ad
470 4102 503 4158 Il.
520 4103 555 4158 V.
576 4105 618 4156 76.
643 4099 832 4173 Εὐαιμονίδης
851 4102 979 4169 ψιλοῦιαι
1001 4100 1049 4151 ἵνα
1069 4089 1166 4164 κύριον
1187 4099 1237 4167 γέ·

124 4209 250 4258 νηιαι-
267 4187 314 4244 διὰ
337 4192 415 4246 tedae
435 4194 483 4244 καὶ
504 4189 533 4243 ui
555 4186 694 4254 πολύμνια
716 4193 754 4262 πῇ
775 4188 830 4260 μὲν
853 4187 1007 4256 φιλοῦμεν,
1034 4184 1072 4258 πῇ
1094 4182 1125 4238 δὲ
1150 4177 1238 4240 (λυσιλ-

124 4295 221 4347 νομεν.
