2736 4778
338 321 403 388 DE
421 317 698 388 PARECTASI.
733 317 771 386 0.
781 320 826 388 V.
849 322 874 408 ξ.
887 320 919 388 2.
1112 325 1185 400 473

76 530 173 574 voces
197 507 304 582 intrat,
327 528 483 592 quaerere
505 508 710 596 propositum
729 507 885 573 habemus
905 529 973 572 non
991 506 1187 573 decernendi

78 634 175 676 causa
196 609 255 674 sed
277 608 499 695 disceptandi3
527 632 602 673 nam
632 609 780 695 quaestio
809 618 860 673 est
881 630 1001 695 anceps
1023 607 1186 695 plenaque

77 710 301 777 dissensionis.
346 710 422 774 Hoc
444 710 601 799 imprimis
621 711 706 776 valet
728 711 770 774 de
790 708 975 775 nominibus
992 708 1187 793 quibusdam

77 835 162 898 quae
190 833 265 876 oum
293 809 500 877 substantivis
527 812 655 898 generis
685 811 830 875 neutrius
867 811 900 874 in
921 799 971 889 ’ὦ
995 809 1187 875 exeuntibus

70 917 187 1000 juncta
215 924 290 977 sunt
319 907 514 995 ὀρειονόμος
539 922 572 976 et
601 906 789 992 δρεινόμος,
817 908 1024 994 ἑλειόχροοος
1047 920 1079 974 et
1101 906 1188 976 ἑλεί-

77 1039 214 1097 χρνοος,
239 1012 328 1099 quod
350 1013 384 1077 in
407 1013 583 1079 cod.U1·h.
606 1012 773 1103 Theophr.
797 1014 841 1076 H.
856 1010 908 1077 Pl.
930 1011 993 1076 IX.
1019 1011 1075 1088 19,
1102 1013 1133 1077 3.
1157 1021 1190 1076 et

81 1115 159 1180 alibi
180 1116 332 1201 scriptum
356 1126 405 1179 est
426 1137 486 1202 pro
515 1110 683 1198 ἑλίχρυσος
710 1113 931 1199 probaturque
955 1113 1124 1177 Meinekio
1154 1113 1188 1178 in

77 1216 141 1280 Ed.
164 1217 288 1281 minore
311 1215 403 1282 Com.
426 1239 459 1303 p.
483 1217 542 1282 VI.
572 1216 649 1300 quia
671 1216 773 1282 Attici
798 1214 1085 1301 antepenultimam
1108 1237 1187 1300 pro-

77 1317 223 1382 tendunt
256 1310 495 1397 Ἐλειόχρνοος,
518 1319 608 1404 quod
624 1318 822 1383 Wimmerue
845 1327 953 1382 tuetur
971 1315 992 1379 l.
1016 1338 1044 1380 o.
1068 1316 1095 1380 si
1114 1338 1188 1382 oum

77 1420 159 1484 alius
185 1419 316 1504 plautae
337 1417 468 1482 nomine
489 1414 707 1484 ἑλειοοέλινον
730 1419 956 1483 contendimus
984 1418 1074 1502 quod
1100 1418 1187 1483 idem

76 1521 183 1586 ἕλειον
206 1519 336 1586 σέλινον
355 1533 498 1596 vocatur.
523 1518 583 1584 suh
605 1542 702 1583 mauu
725 1520 868 1585 nascitur
888 1521 1083 1602 conjectura,
1106 1519 1187 1583 illud

76 1621 273 1707 primitivum
296 1643 367 1686 esse
390 1645 430 1686 ex
451 1622 610 1706 adjectivo
634 1633 667 1686 et
690 1622 889 1687 substantivo
902 1620 1077 1685 conflatum
1094 1619 1188 1705 quasi

76 1719 112 1786 ἓν
133 1716 203 1786 ἀπὸ
227 1723 321 1787 δοοῖν
343 1721 576 1808 διεζευγμένων
604 1735 640 1787 ut
668 1717 910 1808 ἀγριοοέλινον,
945 1738 1089 1808 syncope
1111 1743 1186 1786 vero

78 1823 243 1888 concisum
265 1818 452 1908 ἑλείχρνοος
483 1835 513 1889 et
542 1824 688 1890 similiter
718 1846 753 1888 se
782 1822 903 1887 habere
931 1816 1129 1913 δρειομανής
1156 1836 1188 1888 et

78 1918 268 2011 δρειμονής,
297 1916 494 2013 ὄρειοβόεης
516 1937 548 1989 et
569 1920 754 2014 ὀρειβάτης.
798 1923 867 1991 Sed
894 1923 978 1988 serio
1002 1927 1187 2009 quaerenti-

77 2023 139 2089 bus
161 2024 267 2090 statim
289 2035 427 2111 apparet
447 2024 528 2090 haec
549 2024 697 2090 breviore
716 2047 783 2089 non
805 2025 897 2088 aliter
916 2039 1102 2111 comparata
1117 2048 1188 2092 esse

77 2147 177 2211 quam
197 2121 371 2209 ὑλοβοὶοος,
393 2118 584 2213 ἅγρομόιης,
607 2121 815 2212 χροσομανής
829 2137 889 2189 eto.
913 2137 945 2189 et
959 2126 1089 2190 omnino
1110 2127 1188 2192 suh-

77 2226 216 2291 stantiva
237 2225 278 2289 ad
301 2224 469 2309 synthesiu
498 2226 626 2313 aptiora
659 2248 732 2291 esse
759 2248 857 2310 quam
888 2226 1047 2312 adjectiva
1074 2228 1188 2295 abhis

78 2328 234 2391 derivata.
278 2326 413 2411 Rejeota
443 2339 550 2391 autem
579 2349 724 2414 syncope
753 2327 996 2393 deliberandum
1028 2340 1075 2394 est
1101 2330 1188 2396 unde

80 2427 304 2515 diphthongus
325 2428 380 2492 illa
401 2440 478 2493 nata
503 2451 575 2494 esse
598 2430 713 2516 possit.
756 2430 809 2494 Illi
831 2431 887 2515 qui
912 2427 1090 2509 ἁλιαίετοο,
1113 2457 1188 2496 νιν.-

75 2526 217 2614 τικόραξ
236 2551 309 2594 oum
330 2529 437 2594 dativo
461 2532 643 2619 composita
658 2542 782 2619 putant,
804 2553 870 2596 non
885 2529 1080 2595 dubitabunt
1101 2527 1189 2618 ripet-

76 2629 245 2714 πέλαργος
268 2629 308 2694 ab
332 2632 448 2696 eodem
468 2654 546 2697 casu
567 2649 714 2720 repetere
744 2645 776 2698 et
797 2633 943 2698 indidem
969 2644 1076 2697 cetera
1097 2628 1187 2717 doctr

77 2726 186 2817 γενής,
211 2729 419 2818 θερειγενής,
450 2733 670 2819 ἔγχείβρομος.
713 2736 758 2801 Et
785 2733 864 2799 haec
888 2733 1060 2811 derivatio,
1090 2759 1187 2821 quam

77 2831 290 2897 Thierschius
320 2855 452 2919 quoque
480 2834 599 2921 probat
626 2835 770 2902 Gramm.
797 2840 823 2919 ξ.
849 2835 920 2901 166.
958 2859 991 2922 p.
1015 2837 1087 2903 253.
1120 2860 1188 2903 uon

75 2935 285 3000 mediocriter
295 2937 540 3001 commendatur
551 2937 787 3023 compositione
800 2937 898 2999 dativi
910 2936 1044 3020 pluralis
1056 2930 1188 3020 ὀρεσσι-

75 3031 187 3113 νόιιος,
213 3035 459 3120 ἕγχεοίδοοιοος.
512 3039 560 3101 At
581 3059 789 3120 nequaquam
815 3036 899 3099 iuter
927 3056 1038 3099 omnes
1069 3057 1187 3100 conve-

75 3136 134 3209 nit,
158 3136 216 3201 sed
242 3137 295 3201 alii
320 3137 560 3223 diphthongum
586 3161 626 3202 cx
649 3137 753 3224 epsilo
781 3135 1049 3221 simpliciuatam
1076 3137 1189 3202 volunt

75 3235 223 3302 adhibita
250 3238 423 3303 affectione
453 3238 592 3325 duplici:
625 3234 733 3323 εἶν’ςίερ
769 3233 840 3303 dud
874 3244 933 3305 τοῦ
970 3233 1189 3323 ἁλοτρίβανον

76 3336 202 3424 γίνεται
225 3335 440 3423 ἀλετρίβανον
466 3342 576 3427 τροπῇ
598 3343 655 3405 τοῦ
677 3327 768 3417 δεῖς
789 3327 823 3418 εἶ
832 3340 937 3416 aditos:
955 3333 1025 3405 dud
1040 3344 1098 3404 τοῦ
1110 3333 1186 3422 Ἅρ-

75 3435 241 3523 γοιμόνιος
262 3433 483 3528 Ἀργειμίνιης
511 3443 569 3505 καὶ
597 3442 798 3528 πλεονασμῷ
829 3445 887 3506 τοῦ
911 3429 1189 3526 ἶἍργειφιῖνεης

75 3539 156 3604 ΕΜ.
181 3540 252 3616 136,
276 3539 328 3604 55.
351 3534 499 3607 ἀπὸτοῦ
524 3533 602 3624 δ’ρος
630 3535 812 3626 ὀροφοίιης
846 3540 904 3607 καὶ
933 3536 1110 3627 ὀρειμοιίης
1133 3539 1188 3606 uni

79 3633 288 3729 ὀρειφοίτης,
301 3632 424 3727 ’Ἀργος
439 3636 661 3730 Ἀργειμόντης
681 3641 738 3707 καὶ
754 3636 989 3732 Ἀργειφόνιης
999 3640 1073 3719 461,
1090 3641 1142 3707 24.
1155 3642 1186 3727 ²)

145 3836 176 3898 2)
186 3830 239 3894 Ὠς
256 3834 286 3889 τὸ
298 3829 470 3905 μυνοιμιινὴς
482 3833 532 3890 οὖν
545 3831 600 3889 sind
622 3838 668 3902 τῆς
685 3837 808 3902 νλνμιιιῆς
823 3840 990 3891 συντέθειται
1012 3834 1027 3889 ὁ
1048 3841 1189 3903 Χοιροβο-

75 3917 140 3979 σνὸς
152 3920 295 3974 δείκνυσιν
311 3922 357 3974 tat
378 3923 426 3975 τοῦ
445 3925 641 3990 Βακχέβιινχος
661 3926 706 3975 καλ
722 3917 917 3992 Ἀργειφλνιης
940 3926 987 3975 καλ
1008 3924 1063 3976 τῶν
1081 3917 1189 3986 ὁμοίων

75 4006 153 4059 Euat.
166 4006 227 4070 380,
240 4008 265 4059 7.
291 4005 364 4060 Hinc
376 4005 468 4060 hausit
487 4007 549 4060 EM.
564 4009 623 4070 2⁴3,
636 4010 676 4060 ⁴5.
697 4006 895 4077 Βονχόρονχος
913 4012 959 4060 καὶ
978 4008 1066 4079 ιροιιῇ
1080 4009 1189 4073 Βακχέ-

75 4099 177 4161 ροιιχος
196 4091 233 4153 ὠς
250 4091 440 4161 δλειριβμνον.
466 4092 534 4146 Cum
555 4095 609 4147 hoc
627 4092 683 4147 sive
703 4093 748 4147 dei
768 4093 825 4146 sive
845 4091 938 4162 hymni
959 4091 1086 4150 nomine,
1110 4091 1188 4158 quod

77 4177 169 4249 Epim.
185 4179 207 4232 I.
222 4181 263 4232 511.
278 4178 458 4250 diplasiasmo
473 4178 616 4243 adscribit,
632 4176 863 4249 convenit‘thv
882 4174 1012 4244 ὑμέναιος
1022 4174 1107 4227 Anth.
1123 4173 1187 4231 VII.

75 4265 137 4316 tot.
151 4272 179 4316 et
194 4263 366 4320 accusativus
376 4261 466 4337 Ὑμὴν
487 4261 620 4336 ὑμέναιον
635 4263 741 4321 ἀείδειν
752 4262 874 4336 Oppiam.
891 4261 958 4333 Cyn.
978 4259 1000 4314 1.
1018 4261 1077 4314 3⁴0.
1090 4258 1188 4335 inquo
