2736 4778
165 335 241 412 378
447 331 768 417 DISSEBTATIO
794 332 843 399 11.
886 332 927 400 Ρ.
947 332 997 399 II.

164 529 276 586 temen
304 514 500 603 significatio
527 519 697 604 utriusque
725 517 947 605 oompsrstiva
975 527 1008 583 et
1029 506 1129 604 'quod
1158 519 1288 587 nullum

165 619 328 689 iuvenitur
349 618 546 702 adjectivum
565 619 600 685 iu
614 608 665 708 ἧς
683 619 880 705 berytonum
899 618 1053 705 idemque
1075 641 1158 706 pure
1178 621 1229 689 oio
1246 633 1290 688 ut

164 723 262 809 χέρρς
285 719 489 787 decliuem.

248 824 275 907 §.
294 821 325 887 8.
366 820 422 888 De
440 820 549 888 verbis
569 841 655 909 quoe
677 819 923 906 praeeipiuutur
948 817 1092 885 divid-m
1118 838 1180 906 per
1201 828 1289 886 tem·

165 943 249 1012 pore
276 921 471 1007 modosque.
524 921 572 990 Τὸ
601 918 765 1008 ῥίπτασκε
793 918 880 999 τινὲς
906 920 968 1002 μέν
993 941 1099 1008 φασιν
1126 914 1197 987 ἀπὸ
1223 926 1287 989 τοῦ

166 1023 345 1102 ἐνεστῶτος
373 1016 548 1109 ῥιπτύσκω
580 1013 667 1088 εἶναι
682 1014 762 1106 -ἢ
791 1025 947 1110 σογκοπῇ
977 1016 1094 1108 ῖωνινῇ
1122 1014 1198 1088 ἀντὶ
1225 1025 1290 1087 τοῦ

165 1122 366 1212 limitem
385 1123 466 1188 EM.
490 1122 562 1200 704,
583 1121 636 1188 52.
660 1119 719 1187 ubi
739 1143 800 1208 pro
827 1124 993 1210 σογκοπῇ,
1024 1120 1116 1206 quod
1143 1121 1178 1186 iu
1207 1121 1285 1188 eod.

165 1227 265 1294 Voss.
288 1223 398 1301 deest,
430 1233 487 1288 eut
508 1223 606 1290 scribi
627 1232 683 1287 eut
702 1220 841 1308 intelligi
864 1220 963 1287 debet
983 1226 1185 1312 παραγωγῇ,
1215 1231 1290 1288 urm

167 1324 288 1393 deiude
310 1324 368 1391 ναὶ
390 1327 543 1412 συγκοπῇ
565 1317 637 1391 ἀντὶ
658 1326 718 1390 τοῦ
739 1318 957 1410 tonsum,
987 1343 1063 1386 nem
1084 1318 1291 1406 ριπτύζεσκα

166 1425 311 1494 ionicum
321 1423 448 1501 dicitur,
465 1421 684 1506 ῥιπτάζεσκον
699 1424 874 1510 poeticum,
886 1421 962 1488 hinc
978 1423 1147 1489 eonoisum
1162 1420 1289 1508 ῥίπτα-

166 1551 256 1597 σκον.
287 1524 357 1592 Alii
380 1511 612 1613 simplieitero
635 1547 696 1613 pro
713 1512 739 1594 ἶ
757 1524 902 1612 positum
919 1523 1032 1589 dicunt
1051 1545 1081 1588 v.
1098 1524 1123 1605 1.
1139 1523 1172 1590 6
1198 1546 1288 1610 quo·

166 1627 266 1695 modo
293 1626 391 1693 etium
417 1623 575 1713 ροίζασκε
596 1626 795 1694 Hesiodium
823 1623 980 1711 explicari
1001 1634 1115 1711 posset
1136 1624 1165 1690 si
1186 1623 1286 1710 bury·

167 1729 238 1797 toni
253 1724 354 1814 ρούζω
373 1725 464 1792 testis
481 1725 648 1792 sisteretur
664 1727 819 1804 idoneum
836 1728 1053 1792 Buttmsnuus
1066 1729 1091 1810 1.
1102 1726 1155 1792 91
1167 1726 1288 1793 udm4.

167 1828 325 1896 eoristum
336 1848 409 1892 esse
420 1836 515 1914 putet
525 1848 566 1892 ex
581 1824 779 1915 ροιζήσασνε
793 1837 952 1904 coeotum,
964 1826 1188 1913 Goettliugius
1205 1849 1285 1894 vero

167 1929 317 2015 ραἰζεσκε
330 1927 485 1993 restituit
514 1949 533 1993 e
562 1927 660 1994 oodd.
687 1950 832 2016 syncope
859 1938 993 1995 remota.
1014 1965 1058 1976 -
1087 1922 1236 2018 §elvisus
1261 1924 1286 2017 ἢ

167 2025 291 2117 δῶριόν
313 2029 403 2098 ἐστιν
422 2023 444 2116 ἢ
466 2028 562 2114 παρὰ
584 2027 623 2095 τὸ
645 2027 832 2117 σολησύερν
854 2028 936 2095 Did
959 2030 1002 2095 sd
1023 2029 1186 2096 11.an
1208 2029 1286 2096 202.

166 2131 204 2198 τὰ
230 2125 376 2217 αύδὴτην
395 2124 416 2216 ἢ
433 2132 665 2213 παρατατικοῦ
681 2125 754 2197 ἐστι
777 2126 962 2214 (1ωρικοο’
941 2155 961 2219 η
985 2126 1144 2216 ἇορίσιου
1166 2152 1288 2216 συγκε-

167 2231 334 2313 κομμένου
360 2228 472 2296 Sohol.
501 2229 588 2296 Viet.
609 2229 731 2295 XXII.
753 2229 806 2294 90.
833 2223 1037 2329 απειλήτην
1045 2235 1198 2319 συγκοπῇ
1225 2235 1289 2319 τῆς

166 2352 212 2397 σα
169 2315 300 2418 ij'
279 2325 350 2394 απὸ
371 2332 429 2396 τοῦ
452 2321 612 2417 ἠπείλουν
628 2334 743 2418 τροπῇ
761 2333 822 2418 τῆς
843 2355 872 2396 ει
892 2327 941 2408 εἷς
957 2330 1049 2419 τὸρ
1065 2328 1286 2416 Ηρωύιανύς.

166 2430 247 2498 ΕΜ.
274 2430 352 2507 121,
383 2429 433 2494 10.
484 2430 616 2494 Haec
601 2451 673 2513 μω
702 2440 864 2496 transacta
892 2440 925 2496 et
954 2430 1066 2498 decise
1088 2439 1165 2496 sunt
1187 2454 1218 2498 v.
1241 2432 1287 2497 ed

164 2535 288 2600 Buttm.
307 2529 381 2595 255.
418 2529 641 2616 Imperitiores
658 2529 836 2596 abutuntur
852 2531 949 2596 etism
966 2532 1095 2598 uoristis
1114 2555 1135 2598 α
1154 2533 1285 2600 diverso

167 2631 333 2721 praesenti
355 2630 477 2695 ductis:
507 2631 621 2698 κένσαι
650 2623 720 2698 ἀπὸ
744 2636 806 2698 τοῦ
829 2636 986 2717 κεντῆσαι
1009 2628 1077 2700 ἀπὸ
1101 2637 1160 2699 τοῦ
1182 2633 1287 2703 uno

168 2732 290 2802 κένσω·
320 2726 459 2796 δύναται
485 2730 522 2797 δὲ
551 2728 610 2794 καὶ
638 2726 709 2796 6πὸ
738 2734 798 2798 τού
827 2736 929 2799 κενιῶ
957 2730 1104 2820 κεντήσω
1129 2737 1287 2821 κενιῆσαι

166 2832 224 2900 καὶ
246 2833 398 2918 συγκοπῇ
422 2831 535 2898 κένσαι
555 2832 635 2897 ΕΜ.
656 2831 735 2909 503,
757 2831 809 2897 36.
839 2827 906 2899 ἀπὸ
939 2838 998 2900 τοῦ
1021 2835 1110 2922 φιλῶ
1138 2832 1285 2921 ἐφίλησα

165 2931 226 2999 κα1
251 2930 337 2997 κατὰ
366 2928 534 3018 συγκοπὴν
563 2927 715 3018 ἔφιλα-
729 2927 792 3022 11
772 2930 841 3000 απὸ
864 2935 923 3000 τοῦ
945 2930 1109 3021 φίλλωρ.
1134 2934 1205 3010 793,
1227 2933 1282 2998 38.

164 3031 348 3100 uTee'hu
379 3032 430 3098 73
454 3032 505 3097 vel
532 3032 573 3098 ab
603 3033 720 3099 eodem
749 3032 912 3132 principio
941 3034 1067 3101 diverse
1095 3033 1284 3101 declinetis·

165 3130 319 3221 ἐγύμησα
347 3130 432 3200 κατὰ
461 3133 630 3221 συγκοπὴν
658 3138 718 3202 τοῦ
749 3160 769 3223 η
797 3136 853 3203 καὶ
880 3158 902 3202 σ
922 3135 980 3201 καὶ
997 3135 1128 3221 τροπὴν
1150 3131 1286 3222 ἰωνικὴν

166 3230 273 3322 ἔγημα
301 3232 466 3301 Choerob.
492 3232 742 3312 Can.608,10.
770 3234 891 3324 εύρησα
918 3231 1084 3323 εύρήσατο
1114 3234 1170 3302 καὶ
1196 3260 1284 3301 κατα

164 3334 333 3422 συγκοπὴν
362 3328 481 3420 εύρασο
506 3333 755 3401 Pseudoherod.
778 3335 887 3402 Crem.
911 3336 976 3401 111.
1003 3336 1076 3413 276,
1101 3337 1151 3401 10.
1196 3333 1284 3401 Cum

164 3434 228 3502 hoo
256 3435 407 3501 convenit
436 3427 526 3520 αύρῶ
554 3431 734 3522 ἐπαορὴσω
762 3433 938 3524 ε’παύρρσα
967 3441 1120 3525 σογκαπῇ
1148 3435 1282 3524 ἐπρῦρα

165 3534 223 3602 καὶ
242 3536 326 3619 μετὰ
347 3539 407 3623 τῆς
427 3529 497 3603 ἆπύ
521 3533 719 3621 προθέσεως
741 3529 875 3628 ἆπηῦρα
888 3537 961 3624 14)·
983 3532 1002 3626 ἡ
1023 3537 1144 3624 μετοχὴ
1168 3531 1284 3603 ἀπαύ-

164 3658 225 3720 ρας
252 3637 308 3702 καὶ
335 3639 445 3725 τροπῇ
478 3630 633 3722 ἀπούρας
660 3636 770 3724 Epim.
798 3638 827 3703 Ι.
858 3640 913 3718 11,
939 3640 989 3706 12.
1018 3637 1282 3726 sch.1.ips.11.

164 3734 193 3800 I.
214 3734 287 3799 356.
311 3737 401 3820 quod
425 3736 533 3804 Orion
554 3760 587 3824 p.
609 3738 645 3817 4,
669 3739 701 3804 4.
732 3761 773 3804 ex
799 3733 991 3825 οἷπουρίσας
1020 3739 1188 3807 concisum
1215 3762 1281 3826 pu-

164 3845 213 3903 tet
246 3835 330 3902 siout
365 3836 617 3907 Choerobosous
650 3838 733 3906 Cen.
761 3840 840 3920 420,
872 3841 923 3906 19.
960 3834 1122 3928 ύρσανεες
1154 3840 1191 3908 ἐκ
1219 3843 1282 3908 τοῦ

235 4092 283 4162 31)
296 4092 360 4148 Hoc
375 4092 471 4149 nititur
485 4091 589 4148 soristo
602 4093 696 4149 medio
710 4089 847 4168 ἐπηύρατα
860 4094 909 4166 qui
922 4093 988 4149 olim
1002 4093 1151 4164 legebatur
1165 4093 1221 4148 Od.
1232 4091 1285 4146 IV.

167 4178 227 4231 tlt.
247 4180 298 4232 sed
312 4179 372 4249 jam
388 4178 533 4234 Ernestius
550 4196 586 4234 ex
603 4180 683 4235 Eust.
701 4180 824 4235 restituit
844 4180 1037 4252 imperfectum
1055 4176 1175 4252 ἀπηύρα.
1205 4180 1285 4234 Eun·

168 4263 233 4317 dem
249 4265 388 4337 Aeschylo
408 4264 512 4322 exemit
532 4265 681 4339 Elmslejus
700 4285 751 4339 pro
770 4263 880 4340 ἐπηύρω
900 4266 1024 4323 scribens
1044 4262 1176 4339 ἔπηύρου.
