2736 4778
219 344 287 412 DE
301 340 576 444 PARATHESI
589 340 653 407 ET
667 338 943 408 SORlPTllRA.
967 339 1005 407 C.
1017 341 1079 409 lV.
1098 345 1123 426 ς.
1136 342 1179 408 8:
1189 344 1264 420 625

135 512 341 614 ἧπάρ-μὲν
360 516 448 612 dyas
475 527 555 593 Eur.
587 524 674 591 huno
705 524 924 590 accusativum
955 534 1091 611 putasse
1122 527 1264 592 nominis

131 626 251 719 ψη
266 619 347 715 άη,
370 625 462 710 quod
482 648 555 691 raro
576 625 661 690 ultra
683 625 824 712 primum
845 646 958 689 casum
980 624 1168 691 declinatur.
1203 625 1265 706 Εἷς

133 726 417 819 &legimus
446 727 534 814 apud
558 726 733 814 scriptores
762 747 873 792 sacros
886 742 889 747 ’
902 736 936 791 et
961 747 1085 813 paucos
1107 727 1265 813 profano-

132 845 251 911 ·me·
265 826 451 913 «icombus
473 828 588 893 eadem
616 827 775 893 dubitatio
802 839 910 892 utrum
935 823 1044 915 μάτην
1068 838 1184 894 natura
1204 830 1264 894 ad-

134 920 297 1011 unffi
318 948 391 995 aare
411 928 612 995 crediderint
633 950 674 992 an
694 930 912 995 accusativum
924 950 1120 1016 mapensum
1134 951 1264 1018 aprae-

124 1020 319 1123 .«βω
339 1028 533 1117 plemmque
555 1029 676 1094 omissa
697 1029 782 1094 sicut
800 1025 903 1114 χάριν
921 1050 983 1116 pro
1011 1026 1060 1108 ιλς
1080 1026 1175 1114 χάριν
1197 1031 1261 1096 dici

126 1124 287 1205 want
313 1150 384 1198 aon
406 1129 513 1195 solum
540 1130 582 1196 de
606 1130 705 1216 vulgo
736 1130 948 1197 Grammatici
979 1132 1038 1197 sed
1064 1130 1264 1220 Apollonius

135 1234 360 1404 2?me
379 1330 437 1397 illa
459 1330 501 1396 dc
522 1329 749 1396 adverbiorum
771 1340 843 1396 ortu
865 1331 1021 1397 nominali
1042 1333 1186 1420 suspicio
1208 1355 1265 1399 va-

114 1445 249 1527 jatuv
269 1435 377 1501 ham.
420 1433 553 1498 Etenim
578 1432 605 1497 si
628 1431 864 1497 substantivum
886 1424 980 1521 άντη,
1009 1432 1101 1517 cujus
1127 1435 1267 1522 vestigia

116 1536 315 1627 quodni
338 1534 374 1601 in
399 1532 547 1600 obscuris
573 1531 763 1618 regionibus
791 1532 1017 1618 indagavimus
1045 1533 1169 1599 Tecbn.
1192 1535 1265 1601 259.
1293 1599 1296 1603 .

141 1640 221 1728 jam
236 1635 317 1703 ‘mdo
335 1633 515 1721 antiquitus
535 1633 728 1722 percrebuit,
750 1632 846 1718 hujus
872 1634 966 1719 quasi
987 1634 1154 1700 residuum
1164 1634 1268 1700 babe-

142 1760 226 1809 mua
247 1758 361 1805 casum
384 1746 534 1823 quartum
561 1729 675 1824 άντην,
699 1735 789 1820 quod
809 1734 919 1822 Epim.
941 1736 968 1802 1.
988 1735 1047 1814 39,
1077 1736 1128 1802 32.
1151 1757 1268 1822 parum

143 1838 367 1932 'probabiliter
384 1861 405 1904 a
424 1836 524 1903 verbo
547 1830 634 1903 άιτῶ
657 1837 799 1903 arcessit.
845 1836 1046 1904 Substantivi
1060 1837 1171 1902 usitati
1190 1858 1268 1925 spe·

146 1943 221 2011 'aisa
240 1939 352 2030 prisca
372 1950 510 2027 apparet
537 1938 572 2002 in
600 1938 766 2004 bomerico
790 1935 867 2003 κατ’
892 1931 1044 2026 άτιηστιν
1067 1939 1192 2027 θεμένη
1215 1938 1267 2007 δι’·

144 2032 395 2134 vppolearall.
413 2041 504 2123 442.)
529 2039 618 2125 quod
640 2037 884 2105 anteWolflum
905 2033 1124 2124 succrepante
1145 2039 1268 2105 scribe-

141 2142 249 2211 ·batar
276 2164 306 2209 v.
329 2162 357 2208 c.
388 2141 452 2207 ΙΙΙ.
482 2144 507 2226 ξ.
529 2141 561 2205 4.
589 2141 666 2226 quia
694 2140 782 2205 idem
809 2138 973 2225 significat
1000 2139 1089 2223 quod
1115 2139 1270 2207 adverbia

147 2236 237 2315 davo
259 2254 293 2311 et
314 2234 421 2330 άντην.
464 2240 510 2308 Et
527 2240 608 2306 heco
631 2264 763 2327 quoque
782 2250 997 2306 annectuntur
1013 2242 1268 2328 praepositioni-

151 2344 235 2423 bum
268 2338 431 2431 κατάντην
462 2343 631 2429 usurpavit
658 2343 859 2408 Themistius
893 2340 953 2408 Or.
986 2340 1088 2407 XIII.
1123 2341 1194 2409 168.
1227 2347 1266 2411 Β.

150 2445 262 2533 (206.)
288 2443 347 2510 ubi
369 2442 524 2509 describit
553 2465 763 2530 aquasquas
797 2466 815 2509 e
845 2442 1025 2530 longinquo
1050 2466 1113 2542 per
1140 2456 1269 2512 montes

149 2541 324 2636 perlosaos
357 2562 522 2631 superque
553 2544 652 2610 valles
674 2554 806 2610 arcuato
837 2567 938 2632 opere
967 2556 1068 2611 tectas
1097 2546 1131 2612 in
1155 2547 1271 2614 urbem

149 2648 363 2716 -dedoommr
395 2641 432 2710 at
461 2643 522 2730 μὲν
553 2645 611 2714 τὸν
644 2642 770 2734 αἰθέρα
803 2639 894 2732 ὑψοῦ
923 2646 1129 2737 διαπτᾶσαι,
1163 2646 1201 2718 αλ
1232 2649 1270 2716 δὲ

152 2744 413 2835 ὖττοάραμοῦσαι
436 2739 618 2836 ἠλιβάτοις
640 2750 775 2831 πρῶνας
796 2748 894 2815 πλεῖν
913 2739 935 2834 ἢ
957 2745 1087 2830 χιλίους
1111 2738 1272 2831 σταδίους

154 2842 283 2918 ἄτακτα
304 2844 364 2914 καὶ
384 2842 540 2923 κάταντα,
562 2839 637 2913 oilae
658 2841 758 2932 άττην
778 2838 854 2913 oles
873 2844 1038 2935 κατάντην
1060 2849 1271 2934 διαδραμοῦ-

155 2971 217 3018 oua
237 2947 302 3016 boc
323 2958 375 3014 sat
397 2969 503 3032 aequo
529 2947 721 3013 libramento
744 2969 804 3033 per
822 2947 957 3014 acolivia
979 2957 1012 3013 et
1033 2942 1171 3016 declivia
1191 2973 1271 3038 pro-

154 3053 305 3119 fluentes.
349 3048 417 3114 Hic
437 3047 537 3135 igitur
558 3040 659 3135 c'r‘vapr
680 3069 740 3134 pro
764 3040 888 3114 άναντα
908 3067 1037 3115 sursum
1048 3051 1193 3136 positum
1211 3065 1272 3132 est,

154 3144 321 3239 κατάκτην
353 3172 414 3237 pro
444 3144 588 3216 κάταντα
623 3159 661 3212 ut
687 3147 864 3236 Oppianus
893 3149 975 3214 dixit
1005 3150 1092 3237 πρὸς
1125 3147 1271 3220 κάταντα

155 3251 242 3339 Cyn.
268 3251 331 3319 lv.
360 3250 435 3316 427.
484 3248 596 3314 Aliam
624 3247 900 3337 praepositionem
932 3250 1082 3335 adjunxit
1103 3253 1272 3321 Homerus

154 3353 228 3422 od.
249 3354 292 3420 V.
313 3350 387 3418 217.
415 3340 550 3426 άκιδνος
576 3347 709 3428 τῖςαντα
738 3347 877 3419 ἰδέσθαι
903 3352 956 3417 vel
982 3362 1019 3416 nt
1039 3353 1131 3439 prius
1156 3355 1273 3442 vulga-

156 3452 256 3521 batur
276 3449 326 3530 τῖς
348 3443 447 3530 dina,
477 3451 568 3535 quod
595 3450 705 3518 Schol.
733 3450 824 3516 Harl.
857 3451 1049 3518 Aristarcho
1075 3453 1203 3533 tribuit,
1236 3455 1272 3523 αἱ

154 3553 196 3623 dd
215 3547 404 3639 κοινόττραι
419 3545 481 3628 τὶς
500 3541 590 3618 ὦπα.
635 3553 713 3618 Ηοα
735 3563 843 3617 autern
863 3553 969 3640 magis
999 3574 1073 3620 oum
1094 3557 1272 3624 κατένωπα

156 3653 310 3723 convenit
342 3650 433 3738 quod
462 3659 587 3718 veteres
619 3653 707 3718 varie
738 3652 906 3740 explicant
930 3675 961 3719 v.
984 3654 1075 3721 Dias.
1096 3655 1143 3721 Π.
1176 3656 1216 3723 P.
1243 3658 1271 3723 I.

156 3776 186 3824 a.
201 3757 233 3822 3.
251 3755 322 3840 §.Z
350 3751 509 3819 Lebrsius
531 3752 633 3818 Arist.
645 3755 718 3820 311.
742 3752 930 3820 adverbium
953 3776 1025 3822 esse
1048 3766 1142 3844 putat
1159 3766 1196 3821 ut
1215 3782 1275 3822 κα-

154 3859 271 3924 ταῦθι.
295 3890 337 3904 ·-
358 3853 417 3920 Ad
438 3854 570 3920 nomina
599 3854 762 3921 secundae
789 3855 1016 3924 declinationis
1042 3856 1274 3924 accedentibus

156 3954 299 4046 primum
322 3953 457 4021 offertur
483 3951 687 4043 περικύκλῳ,
718 3956 808 4042 quod
829 3957 1029 4045 Apollonius
1061 3981 1136 4025 cum
1159 3954 1274 4026 inciaco

157 4057 325 4143 adaequat
351 4065 507 4143 tanquam
533 4055 726 4142 synthct0n3
758 4079 834 4122 nam
856 4059 995 4146 simplex
1020 4053 1128 4146 κύκλῳ
1156 4058 1272 4125 adver·

157 4157 248 4224 bium
270 4179 343 4224 esse
367 4157 535 4244 praedicat
557 4152 797 4246 induraverat}
819 4158 937 4250 δοτικῇ
967 4169 1000 4225 et
1023 4159 1115 4244 quod
1138 4181 1274 4248 prorsus
1319 4156 1328 4171 s

156 4257 350 4325 incredibile
386 4270 436 4324 est
469 4255 592 4347 πόρρω
624 4269 781 4344 tanquam
815 4258 957 4326 dativum
987 4260 1128 4327 nominis
1166 4257 1275 4349 πάρος

206 4361 341 4409 laubaca.
360 4362 451 4402 Pathol.
1020 4361 1064 4426 40
