2736 4778
175 348 240 414 nn
263 344 482 447 smcosn
503 344 649 413 nurus
670 344 890 417 vocina
913 345 953 415 c.
969 343 1023 414 ιιι.
1045 347 1114 432 ιν.
1137 352 1213 426 235

97 531 264 597 Nicander
291 531 424 616 saepius
459 529 607 594 nominat
634 522 772 612 στόμιον
799 537 833 593 et
855 552 921 595 non
956 530 1039 596 adeo
1073 532 1212 601 difficilis

98 631 268 719 persuasio
299 640 433 717 poetam
464 627 631 695 doctrinae
661 638 892 694 ostentatorem
924 651 964 694 ea
990 652 1074 715 quae
1094 633 1211 700 (lm.

96 732 206 798 matici
230 731 273 797 dc
293 733 385 817 μῆρα
409 737 442 795 et
460 727 565 817 μηρία
586 729 832 795 constituissent
854 740 887 795 et
907 731 1041 815 cognita
1059 730 1211 800 habuisse

99 845 133 898 et
168 831 232 897 sibi
261 829 304 893 ad
335 828 526 895 imitandum
554 831 780 918 proposuisse.
824 828 898 896 Nisi
933 830 1044 917 potius
1079 832 1216 918 probata

100 952 213 996 eorum
239 928 406 1016 opinione,
425 929 481 1015 qui
501 930 583 1015 κρέα
606 942 639 994 et
660 932 741 1014 κέρα
762 929 804 994 ad
823 953 998 1018 apocopen
1014 946 1212 1011 revocarent,

101 1026 210 1114 στόμα
232 1051 294 1116 pro
315 1025 464 1114 στόματα
484 1030 605 1116 posuit
649 1030 722 1098 Sed·
743 1032 881 1097 tortasse
903 1031 984 1097 haec
1006 1031 1139 1099 scholae
1160 1056 1212 1098 ar·

100 1130 201 1196 tificia
221 1140 411 1219 aspernatus
429 1130 553 1196 nomini
573 1131 620 1196 illi
643 1152 704 1218 per
723 1131 921 1218 epexegesin
935 1131 1084 1216 adjunxit
1098 1133 1213 1200 νείατα

98 1225 251 1317 γαστρός,
275 1252 439 1316 quumque
460 1231 527 1297 duo
550 1232 616 1297 sint
635 1233 755 1298 ventris
777 1232 909 1310 crificia,
932 1255 1034 1298 unum
1059 1235 1209 1322 superius

98 1331 151 1396 cui
173 1352 292 1396 nomen
316 1342 367 1397 est
386 1326 569 1415 στόμαχος,
599 1333 735 1399 alterum
766 1333 900 1399 inferius
942 1334 1032 1419 quod
1055 1330 1211 1417 πυλωρός

96 1442 238 1508 vocatur,
260 1431 333 1509 hoc,
355 1431 446 1518 quod
466 1434 645 1521 praecipuo
668 1433 891 1499 cantharidum
912 1444 994 1523 potu
1022 1433 1107 1498 allici
1129 1455 1209 1500 con-

97 1543 174 1610 stat,
203 1532 376 1617 declaravit
397 1533 607 1619 appositione
635 1531 864 1600 vocis-velem
886 1537 961 1600 ima
984 1572 1026 1585 -
1056 1533 1207 1620 Φρατρία

94 1630 244 1720 συγκοπὴ
265 1630 325 1697 καί
347 1628 479 1700 ἐκτάσει
501 1628 629 1721 φρήτρη
645 1634 726 1701 ΕΜ.
751 1633 830 1710 799,
858 1633 910 1699 50.
942 1632 1032 1720 quod
1053 1632 1209 1699 refellitur
1341 1720 1351 1729 ι

93 1733 246 1800 similium
267 1732 655 1800 metaschematismorum
684 1734 841 1820 exemplis
869 1734 1027 1821 plurimis.
1082 1735 1117 1799 A
1142 1739 1208 1817 βα-

94 1833 211 1922 κτηρία
231 1834 299 1897 sive
312 1828 495 1919 βακτήριον
513 1834 698 1900 ducendum
716 1846 785 1901 erat
802 1829 1041 1922 βακτηριιόειν,
1064 1833 1125 1899 sed
1146 1856 1207 1920 pro

94 1934 158 2000 hoe
179 1933 354 2021 scriptores
380 1932 545 1998 &datiani
571 1935 755 2000 asciverunt
783 1927 1013 2021 βακτηριόειν,
1042 1933 1208 2018 iidemque

95 2044 300 2111 serramenta,
323 2056 407 2119 quae
429 2033 471 2098 ab
494 2035 637 2119 antiquis
660 2032 798 2122 σιδήρια
819 2041 986 2107 vocantur,
1010 2030 1134 2119 σίδηρα
1157 2033 1207 2098 di·

95 2144 173 2202 cunt
192 2157 252 2201 seu
279 2156 339 2221 per
365 2155 535 2219 syncopen
555 2157 615 2200 seu
642 2156 763 2220 genere
793 2131 971 2198 masculino
995 2131 1030 2196 in
1058 2142 1208 2200 neutrum

93 2247 216 2301 mutato
237 2235 338 2300 Proll.
360 2236 413 2300 21.
438 2256 504 2319 quo
528 2235 655 2300 dativus
678 2230 829 2321 σιδηροις
850 2255 903 2320 ap.
927 2231 1094 2320 Theophr.
1117 2234 1206 2301 Hist.

92 2335 157 2401 IX.
177 2337 210 2412 4,
234 2336 266 2400 4.
288 2334 429 2400 Theocr.
447 2335 549 2401 XXI.
567 2336 621 2401 49.
643 2335 830 2402 referendus
851 2334 989 2399 videtur.
1008 2370 1049 2384 -
1069 2337 1207 2422 Duplici

93 2456 238 2523 syncope
267 2447 420 2521 corrupta
448 2448 524 2503 sunt
551 2437 712 2521 adjectiva
736 2430 918 2516 ἐννεάχιλοι
952 2443 986 2498 et
1016 2430 1206 2515 δεκάχιλοι·

92 2537 174 2604 ratio
197 2539 284 2604 enim
305 2537 414 2625 poscit
433 2535 683 2619 ἐννεακιςχίλιοι
705 2549 765 2602 etc.
794 2555 900 2620 eaque
923 2555 943 2597 a
962 2542 1052 2599 recto
1076 2533 1205 2600 aberra-

92 2639 138 2705 tio
161 2639 386 2705 Aristarchum
410 2637 571 2725 permovit
593 2648 630 2702 ut
653 2632 852 2718 ἐννεόχιιλοι
871 2670 910 2683 -
927 2633 1092 2713 scriberet,
1116 2638 1207 2721 quod

92 2741 120 2806 si
142 2762 217 2807 cum
236 2742 346 2821 χεῖλος
366 2739 584 2825 compositum
604 2738 739 2825 putavit,
762 2736 813 2802 sui
831 2734 950 2801 oblitus
973 2746 1033 2815 est,
1055 2737 1115 2804 sed
1134 2738 1202 2805 ior·

92 2851 179 2906 tasse
201 2862 262 2927 pro
280 2836 383 2922 χίλιοι
404 2840 542 2905 credidit
564 2843 671 2922 χεῖλοι
695 2838 817 2904 dictum
846 2858 918 2902 esse
947 2848 984 2902 ut
1003 2835 1125 2920 μείζων
1146 2861 1206 2926 pro

90 2939 224 3026 μεχίων,
253 2934 370 3025 χοανός
390 2962 450 3026 pro
484 2935 602 3025 χόννος
629 2939 757 3023 aliaque
785 2939 820 3002 in
847 2938 939 3004 Diss.
964 2936 1007 3001 de
1034 2939 1206 3005 metathesi

93 3040 242 3107 dicenda.
286 3041 435 3106 Tertium
455 3049 506 3107 est
524 3034 632 3105 πότνα
655 3032 726 3103 ἀπὸ
751 3041 810 3103 τοῦ
830 3031 953 3102 πότνια
980 3033 1065 3100 κατὰ
1087 3057 1205 3121 onyae-

91 3136 161 3230 σήν
172 3141 283 3209 Schol.
297 3141 365 3208 Od.
378 3143 419 3208 V.
430 3141 505 3206 215.
516 3139 569 3206 cui
580 3148 694 3204 contra
705 3137 785 3202 dicit
792 3137 1010 3201 Buttmannus
1022 3134 1165 3200 Gramm.
1176 3137 1204 3202 I.

90 3242 164 3308 256.
184 3236 307 3308 πότνια
333 3241 512 3308 derivatum
533 3261 605 3307 ease
626 3262 646 3304 a
663 3237 824 3324 bisyllabo
836 3237 909 3320 ¹⁸).·
928 3235 1055 3300 Eadem
1080 3236 1205 3304 ratione

91 3341 272 3429 explicatur
295 3338 547 3429 πτολιπόρθιος
567 3361 717 3427 quaeque
740 3339 805 3405 alia
828 3337 863 3402 in
890 3336 982 3403 Dias.
1004 3336 1066 3402 IlI.
1090 3358 1119 3402 c.
1141 3338 1204 3405 ΠΙ.

91 3447 116 3528 ξ.
148 3445 177 3507 1.
211 3453 410 3531 promentur.
460 3437 608 3530 Νήηαλα
640 3464 701 3528 pro
732 3435 881 3529 νηφάλια
913 3437 1057 3523 positum
1089 3449 1139 3503 eat
1169 3440 1204 3506 iu

91 3565 186 3609 versu
215 3543 360 3629 Sibyllae
384 3542 502 3628 Phleg.
530 3542 650 3608 Mirab.
686 3565 715 3608 c.
743 3541 790 3606 X.
818 3562 849 3603 v.
879 3538 931 3604 60.
958 3561 1025 3623 quo
1052 3543 1203 3630 exemplo

94 3644 191 3710 etiam
202 3638 375 3732 σἰπόφωλα
391 3644 533 3728 γένεθλα
544 3642 691 3708 Maneth.
702 3643 763 3708 lv.
775 3641 848 3706 316.
868 3651 901 3706 et
920 3640 1045 3706 dativus
1058 3634 1204 3731 Ἀστίρηι

91 3767 150 3832 pro
175 3739 334 3831 Ἀστερίην
352 3743 520 3830 Lycophr.
544 3743 636 3809 1301.
658 3742 693 3806 in
721 3741 840 3827 quibus
861 3743 958 3808 codd.
985 3746 1202 3822 consentiunt,

90 3932 262 4004 scripserunt
273 3929 351 3984 VIII.
368 3931 425 3984 118.
443 3936 473 3985 at
484 3918 553 4003 κῖμμ
569 3928 691 3984 Theocr.
705 3928 743 3984 11.
759 3930 817 3984 101.
828 3930 905 4001 quod
916 3946 1012 3984 omnes
1026 3929 1107 3983 codd.
1120 3943 1203 3997 prae·

89 4020 168 4088 bent,
181 4025 210 4070 ct
221 4013 351 4071 similiter
362 4014 417 4069 alia
428 4033 454 4070 v.
467 4012 568 4068 Parall.
584 4016 641 4068 1⁹8.
657 4015 721 4067 adn.
737 4014 776 4068 13.
990 4070 993 4075 ,

162 4104 204 4169 13)
222 4100 329 4155 Probat
344 4102 399 4155 hoc
418 4099 597 4154 Hermannus
621 4100 658 4153 ad
676 4098 743 4153 Eur.
761 4099 864 4152 Bacch.
887 4095 945 4148 367.
965 4091 1098 4163 additque
1116 4085 1203 4149 πότνα

89 4189 284 4242 tantummodo
296 4185 423 4241 vocative
437 4184 510 4253 ‹Iici3
524 4186 574 4239 sed
587 4184 773 4239 nominativus
787 4182 890 4252 legitur
903 4178 931 4231 iu
937 4178 973 4233 H.
982 4179 1019 4233 II.
1034 4176 1132 4233 incer.
1142 4180 1200 4236 118.

89 4280 119 4329 et
130 4275 234 4344 ligeth.
247 4272 332 4327 Anto.
347 4272 385 4338 X,
397 4273 438 4326 68.
