2736 4778
131 367 190 435 tls
503 366 780 437 Dlssnuufflo
811 368 882 437 vlt

127 536 315 616 sequeretur
334 532 466 614 vocalis,
488 537 522 599 et
552 550 777 614 nonnunquam
808 536 882 600 ante
904 533 1040 617 stigmen
1061 550 1193 616 pausae
1216 536 1259 600 si·

127 635 270 718 gnandae
292 652 396 701 causa
439 635 508 702 Hoc
530 640 721 702 tamennon
743 636 784 702 dc
804 636 949 702 ommhns
971 634 1132 702 adverbiis
1152 636 1257 717 umet}

127 756 202 804 nam
224 743 299 803 sunt
320 738 424 819 etiam,
449 738 563 820 ombus
585 739 679 804 litera
699 738 763 805 ista
784 739 830 805 ita
851 739 1001 820 induruit
1023 743 1061 804 ut
1083 738 1126 805 ab
1150 741 1256 807 omni·

126 841 188 907 bus
211 840 333 907 Graece
355 840 556 922 loquentibus
577 841 724 924 religiose
746 843 973 925 custodiretur,
1010 843 1101 908 cuius
1122 845 1256 926 generis

125 948 201 1009 sunt
233 943 342 1022 ἔνθεν,
375 942 505 1010 ἐκεῖθεν
537 948 572 1009 et
603 943 666 1009 alia
698 930 854 1026 quaedam
886 950 998 1028 postea
1024 945 1254 1026 expromenda

126 1045 217 1125 Quod
238 1065 314 1114 vero
336 1047 515 1113 criticorum
535 1051 715 1113 nostrorum
736 1048 942 1114 eruditissimi
963 1046 1172 1128 contendunt,
1195 1046 1254 1113 hoc

128 1147 225 1215 fixum
247 1155 281 1243 et
302 1154 490 1233 perpetuum
517 1148 616 1216 finisse
637 1150 778 1234 syllabae
800 1168 949 1216 versuum
970 1149 1103 1215 ultimae
1124 1147 1252 1235 stabili<

126 1257 286 1333 mentum.
300 1252 333 1318 id
354 1251 418 1317 iam
439 1249 640 1318 manifestum
663 1257 714 1319 est
723 1253 876 1319 librorum
887 1249 1045 1334 suffragiis
1067 1248 1252 1320 confirmari

125 1374 188 1421 non
209 1372 303 1438 posse
325 1361 358 1420 et
380 1355 496 1420 clarius
518 1355 615 1423 etiam
636 1357 774 1439 patescit
799 1354 1073 1439 exsequentibus

148 1488 151 1493 ’
212 1475 280 1561 §.2
303 1474 437 1541 Vincula
457 1475 521 1556 illa,
543 1476 656 1559 quibus
679 1474 849 1543 Homerica
864 1473 1251 1557 scriptnraadstrictate·

124 1582 227 1659 netur,
249 1577 634 1661 aliquantisperlaxarunt
655 1583 795 1662 poetae
816 1578 1083 1660 posteriores·
1105 1576 1251 1645 Primum

125 1680 735 1748 animadvcrbiaanominibuslooorum
748 1680 1060 1763 ductaquibusuaus
1072 1682 1251 1747 communis

124 1802 167 1867 ny
188 1783 311 1864 asserit
334 1783 444 1850 eodem
466 1783 559 1849 modo
581 1783 723 1849 scribunt
733 1801 828 1850 versu
840 1789 988 1850 exeunte:
1012 1782 1249 1875 Κεκροπίηθεν

125 1883 352 1969 Callimhymn.
364 1885 397 1951 in
408 1885 499 1951 Dian.
511 1886 584 1965 227,
599 1881 820 1976 Ἀσσυρίηθεν
832 1884 929 1968 Orph.
941 1885 1024 1950 Lith.
1036 1883 1111 1967 689,
1122 1890 1248 1954 utrum·

125 2006 186 2070 que
198 1993 271 2054 ante
283 2004 467 2067 consonam
480 1987 537 2052 sed
547 1988 724 2072 ubicunque
732 1993 834 2055 metro
846 1989 1249 2067 convenitalterautnntur

125 2087 234 2172 forma,
242 2109 337 2173 quam
342 2089 500 2156 Homerus
509 2089 671 2172 repudiat:
685 2089 896 2157 Callimachus
902 2089 1247 2181 EiflolquaNantqua

125 2191 344 2283 etuonotsa,
367 2191 527 2259 Nicander
546 2186 710 2278 Ἰαονίηθε
732 2197 765 2258 et
782 2188 971 2279 Ὠδονίηθε,
985 2190 1083 2274 Orpin
1096 2194 1174 2278 Arg.
1189 2192 1247 2262 198

122 2291 335 2385 Ἀρκαδίηθεν,
362 2294 547 2361 Theocritus
575 2290 755 2376 Λιβῦαθε,
777 2293 911 2372 Quintus
938 2293 1053 2361 V350
1087 2294 1246 2387 Κρήτηθε

126 2400 245 2484 (omiss.
267 2400 299 2465 in
322 2397 429 2481 Thes.)
453 2403 486 2463 et
511 2395 684 2485 Φρυγίηθε
705 2396 785 2463 VIII
806 2395 858 2477 85,
892 2415 1025 2479 quorum
1051 2405 1181 2480 partem
1201 2398 1246 2466 in·

126 2495 242 2568 dicavit
263 2501 430 2567 Jacobsius
452 2501 485 2565 in
506 2497 604 2582 praet
628 2498 752 2565 Anthol.
775 2498 841 2564 Pal.
863 2518 893 2581 p.
913 2497 996 2579 XCI,
1018 2505 1052 2565 et
1072 2501 1134 2568 hoc
1155 2502 1258 2569 modo-

128 2602 317 2670 Σικυώνοθε
338 2603 388 2668 bis
411 2603 576 2668 aPindaro
587 2604 725 2683 positum
737 2607 795 2682 est,
818 2601 1243 2686 quemschol.Pyth.IV181

124 2704 206 2771 hanc
226 2706 385 2770 licentiam
397 2707 493 2770 etiarn
505 2705 545 2770 ad
557 2705 733 2769 communia
744 2704 916 2770 transferre
939 2705 1029 2771 uicit:
1053 2702 1244 2794 ἅντροθε·

127 2806 209 2886 ἔθος
231 2809 293 2896 γὰρ
316 2812 381 2874 τῶν
402 2811 550 2874 τοπικῶν
572 2812 609 2873 τὸ
632 2802 833 2895 ἶᾶφανρεῖν,
856 2809 941 2890 quud
961 2807 1098 2889 probant
1110 2814 1246 2891 quatuor

125 2911 188 2976 alia
209 2910 303 2975 huius
326 2910 508 2992 aphaeresis
530 2909 674 2992 exempla
689 2909 869 2975 Pindarico:
894 2906 1059 2996 πάτραθε,
1081 2908 1245 3000 ματρόθε,

128 3007 309 3101 nonianus,
346 3012 482 3101 τηλόθε.
537 3013 720 3094 Horumque
752 3013 953 3091 recordatus
986 3017 1078 3093 puto,
1112 2996 1245 3079 sc'holio

125 3116 264 3199 graphus
286 3115 444 3197 Aristoph.
467 3114 538 3183 Pac.
562 3114 634 3195 313,
657 3115 711 3180 ubi
726 3133 835 3181 versus
858 3114 1035 3180 trochaicus
1058 3119 1246 3183 tetrameter

124 3218 186 3283 huc
214 3219 291 3282 exit:
326 3217 383 3283 τὸν
418 3214 569 3283 atro-‘tao
594 3219 779 3306 Κέρβερον,
813 3219 946 3284 alteram
979 3217 1169 3298 scripturam
1202 3218 1246 3284 sic

125 3321 365 3403 interpretatur:
390 3319 472 3407 φασὶ
489 3319 588 3406 χωρὶς
611 3325 670 3387 τοῦ
693 3322 768 3392 {ab
791 3318 975 3387 κάτωθεν
999 3319 1169 3404 λέγεσθαι,
1190 3317 1245 3387 ἵνα

123 3415 325 3512 ᾖΔωρνέων
359 3422 496 3505 μᾶλλον.
542 3425 674 3509 Χρῆται
708 3424 745 3492 δὲ
778 3418 885 3510 ὁμοίῳ
908 3421 964 3494 aui
987 3418 1160 3508 Πίνδαρος
1183 3416 1244 3489 ὅν-

127 3526 297 3612 aarum),
341 3522 430 3589 Haec
451 3525 555 3589 omnia
577 3543 614 3590 eo
630 3544 741 3592 versus
762 3527 830 3593 loco
852 3524 957 3607 posita
971 3528 1053 3603 sunt
1076 3523 1246 3607 quolonga

127 3625 248 3707 syllaba
277 3625 463 3705 excluditur,
497 3640 596 3708 qnare
618 3628 657 3693 de
680 3630 837 3711 scriptura
858 3628 945 3692 nulla
966 3644 1037 3692 ossa
1059 3631 1168 3707 potest
1189 3628 1245 3693 du-

125 3727 247 3793 bitatio.
291 3729 378 3793 Inter
400 3727 479 3792 duos
501 3730 696 3797 continentes
714 3749 834 3813 versus,
857 3748 988 3814 quorum
1011 3729 1092 3795 alter
1110 3731 1246 3797 avocati

126 3831 257 3912 orditur,
279 3829 405 3896 literam
420 3830 741 3917 expletivampoetae,
756 3852 835 3916 quos
858 3833 937 3914 dico,
960 3832 1014 3913 sic,
1037 3829 1245 3899 utHomerns

128 4003 384 4014 ψ--ιι--ι--ι-

196 4085 222 4151 1)
241 4088 272 4138 In
290 4087 381 4140 codice
399 4085 464 4145 Van.
488 4093 585 4143 rectius
612 4093 735 4157 scriptum
764 4100 806 4145 eat
832 4086 959 4161 ἀντρόθε.
1013 4090 1139 4142 Doricum
1157 4107 1246 4159 nequo

126 4171 178 4224 hoc
196 4173 248 4226 dici
266 4179 353 4240 potest
369 4190 454 4240 neque
475 4170 591 4229 κάτωθε.
625 4177 686 4228 Hoc
702 4177 834 4232 Pindarus
851 4183 934 4230 metro
953 4176 1165 4241 consuscitatus
1183 4194 1246 4230 con·

124 4266 197 4309 sueto
217 4274 287 4311 mora
305 4260 454 4326 appellans:
474 4257 624 4327 πάντοθεν,
642 4258 773 4329 πεδόθεν,
792 4258 942 4328 Πινδόθεν,
957 4257 1142 4331 'oleandum
1167 4261 1244 4317 'Ena-

44 4403 48 4408 ’
123 4340 271 4415 διιυρόθεν,
296 4342 443 4414 Xoana-Iar.
516 4377 519 4383 ·
569 4367 571 4371 ’
