2736 4778
289 352 356 418 Du
378 344 656 414 rnuucrnsr.
701 343 740 410 c.
763 346 824 413 ιο.
857 349 882 431 r.
904 348 936 413 a.
1098 340 1174 419 ιιι

57 547 158 610 κινεῖν
179 540 363 605 referuntur
383 530 532 617 quamvis
554 529 622 594 iota
643 527 781 593 diverso.
820 529 1029 613 Adjectivum
1050 531 1177 620 φιαρός

59 642 114 709 alii
143 664 164 707 a
191 636 283 730 φάος
309 644 465 722 repetunt
494 654 522 695 v.
549 629 651 695 Proll.
676 628 749 694 254.
779 652 812 694 n.
841 628 872 694 5.
895 629 950 694 alii
971 652 992 695 a
1012 636 1113 717 πῖαρ,
1145 642 1178 698 et

60 768 159 832 quam
178 740 307 807 vicinae
329 735 393 801 sibi
415 733 480 800 sint
493 730 643 797 notiones
662 729 828 818 splendidi
846 740 879 794 et
895 729 1028 816 pinguis
1041 740 1181 818 apparet

62 871 104 914 ex
134 868 175 912 eo
205 841 297 928 quod
325 835 471 919 λιπαρός
496 844 747 919 utroqueversus
779 831 913 911 dicitur,
946 843 979 898 et
1007 855 1049 898 ex
1079 832 1180 898 latino

44 950 160 1043 (nidor
180 939 332 1027 (καίοσα)
354 936 501 1003 renidere
514 937 561 1018 ¹).

152 1081 177 1163 ς.
200 1078 231 1142 2.
274 1073 329 1139 Ab
351 1071 414 1139 hoc
434 1069 524 1137 brevi
543 1069 676 1137 introitu
696 1068 932 1160 proficiscimur
951 1072 996 1136 ad
1011 1071 1080 1137 iota
1092 1071 1184 1156 quod

68 1191 144 1247 ante
167 1174 424 1244 terminationem
445 1172 604 1261 reperitur
625 1171 786 1238 instabile.
817 1173 927 1257 Hujus
947 1173 1069 1262 duplex
1086 1198 1185 1242 causa

69 1280 221 1347 traditur:
256 1274 435 1357 πλεονάζει
467 1273 506 1341 τὸ
527 1261 555 1340 ἶ
576 1271 610 1341 ἓν
643 1278 692 1362 τῷ
719 1272 846 1341 οκοπιά
875 1277 968 1341 Eust.
1000 1276 1098 1356 1507,
1130 1279 1183 1346 53.

68 1378 186 1469 ἀμάρα
207 1378 263 1446 καὶ
284 1369 412 1462 ἀμαρία
433 1370 648 1461 παραγώγως
669 1372 755 1440 κατὰ
777 1373 815 1442 τὸ
838 1370 920 1444 αὐτὸ
943 1374 1212 1464 οημαιιόμινοι’

68 1484 148 1552 ΕΜ.
176 1481 228 1560 l'l,
250 1478 302 1546 22.
313 1477 346 1560 ²)
390 1476 452 1541 Illa
479 1475 635 1541 Atticista
659 1474 836 1542 Villoisoni
857 1501 891 1564 p.
912 1477 963 1543 84.
993 1478 1027 1544 in
1050 1479 1186 1547 diversis

71 1582 218 1651 dialectis
239 1580 328 1646 idem
344 1578 453 1643 valere
472 1576 610 1643 affirmat
632 1567 704 1642 ἀντὶ
728 1580 790 1643 τοῦ
811 1572 920 1644 εἰπεῖν
940 1574 960 1666 ἢ
983 1575 1112 1647 σκοπιαί
1129 1583 1188 1649 τοῦ

70 1681 171 1769 ὅρους
191 1681 210 1771 ἦ
233 1672 344 1767 οκοπῆ
366 1677 515 1766 λέγουσι,
540 1677 599 1743 sed
622 1674 685 1742 hoc
701 1676 864 1743 interdum
882 1680 1004 1764 σκέψιν
1025 1672 1191 1767 significat

71 1808 169 1872 quem
200 1780 399 1848 intellectum
433 1775 561 1844 σκοπιά
602 1800 669 1843 αοα
700 1775 816 1857 habet,
858 1802 959 1864 quare
993 1781 1081 1846 credi
1113 1782 1191 1850 licet

72 1881 181 1974 σκοπή
211 1906 231 1949 a
259 1881 359 1947 verbo
393 1878 572 1945 derivatum
597 1900 669 1944 esse
694 1889 731 1943 ut
756 1876 881 1968 τροπή,
909 1881 1045 1947 alterum
1071 1906 1149 1951 vero
1172 1908 1192 1951 a

74 1984 203 2064 σκοπός
228 1994 265 2049 ut
285 1975 404 2071 ιροχιά
425 2004 445 2047 a
464 1978 596 2065 τρόχος,
630 2003 695 2065 quo
719 1988 825 2045 sumto
850 1980 1061 2067 pleonasmus
1085 1996 1192 2050 exter·

73 2089 225 2153 minatur.
284 2084 353 2152 Sed
384 2103 459 2148 vere
495 2102 678 2166 synonyma
709 2090 784 2145 suut
815 2080 933 2170 μάμμη
968 2083 1025 2148 καὶ
1055 2083 1193 2168 μαμμία

74 2189 184 2254 Moer.
209 2180 297 2273 τήθη
319 2183 376 2251 καλ
397 2180 504 2272 epila
525 2182 620 2246 Eust.
642 2180 722 2258 971,
736 2182 789 2246 43.
809 2192 842 2245 et
860 2182 923 2246 alia
940 2207 970 2250 v.
986 2184 1107 2250 Parall.
1119 2188 1194 2255 318.

77 2289 206 2354 Techn.
221 2285 294 2352 260.
317 2286 391 2350 adn.
404 2285 455 2349 13.
500 2284 612 2368 Atque
634 2282 716 2347 haec
737 2282 874 2349 fortasse
900 2287 1017 2352 eodem
1038 2289 1195 2376 temporie

78 2389 219 2476 vestigio
246 2385 438 2475 prodierunt
465 2395 522 2449 aut
551 2384 648 2449 etiam
676 2384 780 2451 laxior
800 2384 904 2451 forma
925 2390 1101 2455 antecessit
1122 2390 1196 2455 stri·

79 2490 189 2567 ctiori3
210 2512 286 2554 nam
306 2485 508 2552 substantiva
528 2486 562 2551 in
583 2473 626 2552 {a
643 2510 877 2572 nonnunquam
900 2512 941 2553 ex
962 2513 998 2555 se
1021 2504 1199 2558 nascuntur

79 2604 118 2659 ut
139 2587 234 2669 ἀνία,
257 2585 353 2673 irtio,
377 2586 487 2675 ζημία.
533 2588 602 2655 Sed
625 2587 653 2652 si
674 2612 758 2676 pura
783 2590 965 2657 terminatio
989 2604 1062 2658 ortu
1085 2605 1198 2682 poste-

79 2695 236 2769 timeat,
266 2711 456 2777 paragogae
478 2689 605 2776 potius,
638 2690 728 2755 utin
749 2692 829 2756 EM.
859 2693 993 2773 dicitur,
1023 2697 1075 2762 vel
1102 2721 1198 2785 para·

81 2792 309 2862 schematismo
330 2814 427 2876 quam
443 2791 633 2878 pleonasmo
653 2791 851 2878 assignanda
868 2796 928 2860 erit
948 2796 1032 2863 sicut
1056 2821 1095 2864 ea
1117 2821 1201 2883 quae

83 2908 204 2987 poetae
227 2893 270 2959 ob
295 2891 446 2958 metricas
468 2893 610 2959 rationes
640 2893 838 2979 amplificant
863 2892 1024 2982 ἀμβολίη,
1056 2892 1201 2987 duratio,

83 2992 298 3083 ἀποτροπίη,
327 2991 534 3082 καταιροπλη
565 3002 625 3058 etc.
654 2993 756 3058 Proll.
779 2993 852 3058 358.
879 2994 952 3059 adn.
976 2995 1027 3059 69.
1075 2997 1205 3064 Eadem

83 3098 240 3166 facilitate
260 3094 436 3160 miscentur
458 3093 692 3178 adjectivorum
714 3093 955 3160 terminationes
982 3092 1123 3175 ἔποπος
1152 3098 1204 3165 ἐν·

83 3199 224 3276 τόπιος,
248 3192 392 3281 ἔγχιορος
414 3191 586 3279 ἐγχώριος,
610 3189 765 3280 πάραλος
787 3193 958 3283 παράλιος
986 3207 1017 3261 et
1032 3194 1110 3263 ¹alia
1131 3199 1206 3286 plu-

86 3302 170 3366 rima
189 3319 297 3384 neque
318 3296 424 3361 solum
446 3294 530 3380 quae
556 3317 631 3384 cnm
648 3295 947 3383 praepositionibus
963 3301 1117 3387 copulata
1132 3312 1209 3369 suut

88 3402 150 3468 sed
172 3400 269 3465 etiam
289 3392 503 3479 ἀθεμίστιος,
527 3389 711 3480 ἀθέσμιος,
735 3394 913 3483 ὁμαίμιος,
937 3400 1094 3487 νηδύμιος
1114 3426 1145 3468 v.
1166 3404 1209 3471 ad

87 3504 146 3588 Aj.
169 3524 202 3588 p.
224 3498 300 3566 295.
319 3496 438 3562 Parall.
456 3496 529 3562 247.
553 3506 585 3563 et
605 3520 681 3564 vero
702 3498 800 3562 etiam
818 3499 978 3587 simplicia
995 3496 1210 3586 ἀτασθάλιος

90 3601 208 3687 Sibyll.
230 3602 273 3668 V.
296 3598 348 3664 81.
374 3590 578 3686 ἀπατήλιος,
607 3595 739 3677 λάλιος,
764 3594 906 3679 πλάνιος
924 3613 983 3670 etc.
1002 3603 1123 3671 Parall.
1136 3609 1210 3676 318.

89 3702 194 3771 Proll.
216 3702 291 3767 371.
334 3701 389 3767 De
412 3698 462 3764 his
487 3697 638 3765 universe
658 3698 744 3764 valet
769 3701 859 3787 quod
878 3703 919 3770 de
936 3728 1000 3772 uuo
1020 3731 1132 3775 eorum
1149 3732 1211 3775 uo·

91 3804 241 3871 minutim
268 3799 432 3889 praecipit
458 3800 539 3867 EM.
561 3799 640 3878 285,
672 3800 723 3866 13.
754 3797 888 3886 δόχμιος
914 3805 1115 3896 παράνομον
1139 3805 1211 3874 ἀπὸ

165 4042 194 4109 1)
212 4036 355 4094 Novitium
373 4053 476 4091 nomen
490 4036 614 4108 pllasca
629 4035 704 4090 idem
717 4048 760 4091 est
769 4039 878 4110 florea,
895 4040 1090 4108 messanicum
1104 4035 1214 4109 ολιέοκη

95 4129 155 4184 sire
167 4121 305 4199 plicam
320 4132 352 4176 ut
367 4139 385 4175 ι
397 4121 593 4192 Francogallis
607 4130 723 4177 vocatur
735 4122 859 4187 Flacca,
872 4124 1032 4193 germanice
1046 4124 1181 4182 Flaccie.

165 4212 199 4283 2)
217 4208 315 4275 Verbo
333 4207 377 4263 his
397 4205 547 4278 interjecta
567 4206 644 4282 παρὰ
666 4209 695 4264 ri
718 4206 777 4279 ἅμα
799 4202 859 4277 ἀγα
881 4211 917 4261 ad
938 4207 1033 4274 ἅμαξα
1056 4209 1215 4282 pertineut3
1252 4222 1255 4229 '

98 4293 199 4372 ι’μάρα
212 4294 301 4369 vulgo
321 4292 398 4369 παρὰ
416 4292 447 4350 τὸ
463 4291 524 4360 ἅμα
542 4296 610 4370 ῥεῖν.
