2736 4778
396 391 720 463 mcousmnna
764 392 837 480 ys.
1114 390 1178 458 ssa

64 573 114 637 sui
135 572 168 638 in
191 572 274 639 Diss.
298 572 336 637 de
357 573 484 639 Praecc.
507 573 598 659 mpla.
621 592 652 658 p.
677 571 716 639 16
740 577 773 641 et
793 572 845 655 53,
867 572 906 641 cf.
928 572 969 639 ad
990 571 1039 638 Αἰ.
1060 589 1090 654 p.
1106 570 1179 651 335,

65 694 236 757 eorumque
247 676 367 742 nullum
390 681 447 741 aut
457 677 638 759 parecbesis
649 694 746 744 causa
756 678 935 759 quaesitum
956 673 1097 740 actalia
1118 691 1181 755 qua

64 779 202 844 oratoria
223 779 341 844 uirtute
363 779 615 844 commendatum
637 786 696 845 est
739 779 852 862 Itaque
873 780 953 855 baec
980 794 1079 845 causa
1109 793 1181 841 esse

64 882 189 962 nequit,
222 897 279 946 cur
299 880 395 946 iidem
418 881 494 947 alibi
514 898 607 947 voces
640 882 799 948 diuersum
832 885 981 948 sonantes
1012 879 1181 945 innuerint

64 983 210 1065 Plerique
232 989 411 1058 nostrorum
432 983 492 1048 hoc
514 982 606 1049 modo
627 988 754 1049 cautum
765 1001 837 1050 esse
847 985 1030 1067 opinantur,¹
1047 999 1087 1046 ne
1108 978 1180 1046 lite-

63 1104 119 1151 nae
140 1086 190 1151 vel
213 1085 436 1152 antecedentes
458 1085 508 1152 vel
530 1086 759 1168 subsequentes
781 1104 852 1153 cum
883 1103 960 1151 voce
992 1083 1181 1165 interposita
1233 1162 1242 1167 ,

65 1189 209 1268 asperius
232 1188 371 1268 coirent3
404 1207 500 1271 quam
526 1188 566 1254 ob
589 1206 717 1255 causam
739 1190 837 1255 etiam
859 1205 1011 1254 consonas
1033 1185 1181 1269 proscho-

65 1291 240 1356 matisticas
262 1308 345 1355 nunc
366 1290 500 1371 additas,
523 1308 606 1356 nunc
628 1291 761 1358 ombses
784 1291 1022 1358 essedictitant.
1064 1287 1181 1371 Diony·

64 1392 130 1457 sius
153 1392 192 1458 de
215 1392 322 1476 Comp.
345 1393 438 1459 XXII
460 1393 673 1475 Thucydidem
706 1392 844 1459 affirmat
875 1394 908 1458 in
934 1393 1094 1474 prooemio
1126 1411 1182 1459 ne·

64 1495 128 1560 scio
150 1513 213 1577 qua
234 1495 379 1578 fragosae
403 1496 548 1561 dictionis
569 1493 768 1561 affectatione
789 1497 878 1561 iuxta
899 1512 933 1560 se
954 1496 1098 1578 posuisse
1110 1512 1182 1560 con·

64 1615 173 1677 sonas,
207 1617 288 1680 quae
310 1617 373 1664 una
396 1597 518 1681 syllaba
540 1598 762 1679 comprehendi
782 1615 845 1663 non
865 1602 1014 1679 possunt,
1045 1598 1182 1681 primum

60 1702 135 1770 ‘aet
156 1701 188 1779 ἷτ
216 1699 417 1786 Θαυκιδίδης
432 1701 625 1785 ξυνέγραψε,
638 1705 706 1765 tum
728 1701 750 1771 J
772 1705 806 1766 et
825 1703 861 1771 ii:
883 1696 1183 1783 obaudientiam„

64 1821 197 1883 quorum
220 1802 335 1868 similia
356 1803 457 1869 multa
477 1803 546 1883 ipse
569 1801 698 1868 admisit
717 1802 868 1869 insciens:
903 1805 960 1890 τῆς
992 1797 1183 1888 ἀποστολῆς

64 1905 192 1984 ξενικοῦ
225 1903 469 1991 στρατεύματος
489 1903 538 1970 De
571 1905 602 1970 vi
634 1902 796 1972 Demosth.
828 1904 874 1970 IV
896 1902 960 1970 724
992 1909 1051 1970 etc
1103 1904 1183 1970 Illae

63 2026 170 2073 merae
192 2008 335 2089 argutiae
358 2011 444 2086 sunt,
480 2006 537 2073 sed
564 2025 662 2092 prope
684 2012 791 2073 tamen
814 2007 900 2073 subit
921 2006 1071 2088 suspicio,
1104 2007 1181 2072 scri-

62 2115 189 2190 ptorum
212 2110 428 2176 delicatiorum
451 2108 573 2190 aliquos
595 2126 764 2175 consonam
775 2108 992 2175 retractariam
1014 2108 1064 2174 vel
1086 2108 1182 2175 emol-

68 2212 176 2276 livisse
198 2210 417 2277 assimilando:
451 2208 490 2294 ἐμ
512 2211 604 2298 μέσῳ
626 2215 694 2292 etc,
718 2211 757 2278 de
779 2230 841 2293 quo
863 2209 938 2275 alibi
960 2209 1024 2275 dixi
1045 2228 1084 2275 en
1109 2229 1182 2292 pro

62 2312 147 2381 fesso
169 2312 351 2397 (cildehlb
362 2330 492 2394 gramm.
515 2312 612 2398 548),
635 2316 694 2396 vel,
717 2313 819 2381 omitti
842 2313 997 2395 siposset,
1019 2311 1181 2378 omisisse:

63 2421 204 2483 τοσοῦτο
229 2415 313 2498 ζῶον
334 2465 342 2494 ,
366 2416 585 2503 Δημοσθένης
606 2417 725 2503 μικρὸν
746 2421 805 2483 etc.
849 2415 968 2481 Verum
984 2420 1091 2481 tamen
1112 2414 1182 2480 nul·

60 2519 113 2585 lus
135 2522 187 2584 est
206 2518 303 2597 locus,
327 2536 390 2598 quo
413 2518 622 2583 demonstrari
654 2519 764 2601 possit,
797 2518 879 2583 banc
910 2515 1008 2582 baisse
1041 2517 1182 2583 vadatae

63 2621 239 2702 scripturae
261 2637 403 2697 causam,
437 2626 471 2684 et
492 2621 617 2686 omuino
640 2619 779 2687 Graecos
812 2621 845 2686 in
867 2618 1049 2692 ordinandis
1081 2619 1182 2685 literis

62 2741 124 2788 non
146 2727 212 2787 tam
235 2722 437 2804 scrupulosos
457 2721 556 2789 luisse
578 2740 674 2804 qoam
695 2722 853 2788 nonnullis
870 2721 1026 2801 videntur,
1048 2720 1184 2802 probent

62 2825 127 2890 alia
147 2826 423 2905 inconsequentiae
445 2825 602 2907 exempla,
636 2824 773 2906 primum
799 2825 832 2891 in
854 2825 992 2907 syntaxi:
1027 2821 1065 2902 ἐξ
1086 2820 1183 2901 ὀξέος

62 2925 142 2991 Plat.
165 2924 243 2991 Tim.
268 2924 354 3005 740,
379 2926 414 3004 ἐξ
436 2923 473 3005 ἓξ
493 2930 553 2991 τοῦ
576 2922 726 3012 ἀριθμοῦ
749 2928 857 3012 γέγονα
880 2925 920 2990 ib.
944 2916 1044 3003 7411,
1070 2920 1181 2989 καθά·

64 3028 135 3107 παξ
156 3028 252 3114 ξείνῳ
273 3025 434 3122 01111111
456 3026 533 3106 349,
566 3026 650 3109 quod
672 3032 796 3093 veteres
818 3026 1021 3092 adnotatione
1053 3025 1182 3107 dignum

64 3130 260 3197 habuerunt:
283 3127 336 3196 ὅτι
358 3125 537 3216 κατάληξις
559 3125 606 3208 οἷς
628 3131 649 3208 ἕ
673 3129 728 3196 καὶ
750 3124 832 3217 ἀρχὴ
845 3120 1027 3206 αὖθιςᾶττὸ
1040 3133 1100 3193 τοῦ
1122 3125 1182 3193 αι’-

61 3239 119 3300 τοῦ
141 3227 284 3319 ἔτέρωθί
306 3255 374 3298 που
396 3227 456 3297 οὐκ
479 3229 549 3297 ἔστι
572 3231 665 3320 παρὰ
689 3235 736 3319 τῷ
760 3236 884 3319 ποιητῇ
899 3229 991 3294 Euat
1017 3226 1109 3294 1912.
1133 3228 1182 3293 15.

62 3335 164 3400 Nimis
185 3333 349 3401 fastidiose
372 3333 583 3400 Schneiderus
605 3330 663 3400 καί
683 3332 738 3401 κέν
760 3358 811 3412 τις
833 3328 1106 3414 Oppian.Hal.IV
1120 3328 1193 3394 343,

62 3435 154 3502 valdo
176 3436 375 3522 cacophonon
397 3454 469 3502 esse
491 3435 619 3517 iudicat,
646 3435 789 3520 quamvis
811 3432 982 3499 inoffensus
1015 3430 1180 3513 praeteriit

63 3539 280 3623 monosyllaba
300 3540 374 3607 huic
395 3538 524 3605 similia:
548 3532 588 3604 οὗ
609 3538 670 3621 μέν
690 3563 747 3620 μιν
768 3535 937 3620 μοῦνοιἾ
959 3533 1032 3615 505,
1056 3529 1095 3600 οὗ
1117 3528 1184 3618 μήν

63 3642 186 3730 ³qu
209 3640 282 3707 454.
346 3639 443 3706 Plura
474 3641 654 3708 huiusmodi
686 3641 780 3706 attuli
811 3641 843 3704 in
865 3637 993 3701 Proecc.
1016 3634 1106 3722 euplo.
1129 3635 1180 3717 53,

63 3745 220 3827 simulque
242 3743 367 3809 ostendi
384 3743 413 3813 ἦ
437 3750 470 3809 et
490 3747 516 3832 ᾖ
540 3745 574 3809 in
595 3741 736 3809 confiniis
758 3759 869 3808 vocum
890 3739 1024 3806 inveniri
1046 3739 1182 3821 saepius,

63 3847 219 3931 quomodo
240 3844 332 3911 Plato
354 3863 480 3927 quoque
502 3845 581 3911 dixit
601 3845 662 3929 μέν
683 3870 741 3928 μοι
754 3844 845 3927 Apol.
867 3841 961 3923 261,
995 3842 1104 3909 τοίνυν
1124 3865 1183 3924 μοι
1242 3834 1246 3839 ’

62 3951 186 4018 Laches
210 3932 271 4014 194
296 3947 335 4028 0;
361 3948 419 4013 sed
440 3947 473 4013 in
496 3948 658 4028 parathesi
679 3948 763 4015 hunc
782 3944 960 4013 conflictum
982 3944 1113 4010 evitavit
1133 3961 1185 4009 as·

63 4053 253 4120 similatione
266 4068 423 4118 consonae
434 4047 538 4115 finalis
549 4051 687 4132 poetica:
710 4046 774 4135 ξύμ
789 4072 849 4132 μοι
863 4043 1018 4130 λάβεσθε,
1041 4066 1069 4113 v.
1084 4046 1184 4113 Elem.

62 4157 154 4223 Patb.
166 4154 258 4221 1602
270 4172 316 4236 sq.
365 4152 570 4235 Aequiusillo
581 4153 700 4219 iudicat
711 4150 898 4219 Schaelerus
910 4150 1027 4232 Appen.
1040 4149 1074 4216 T.
1090 4150 1105 4215 1
1124 4146 1191 4216 196.

64 4280 234 4322 concareae
258 4256 393 4320 duorum
414 4278 523 4319 vocam
544 4251 649 4343 ἤνπερ
661 4253 747 4341 ὑπὲρ
769 4254 958 4334 canonicor,
981 4252 1014 4315 ei
1032 4251 1121 4315 caiae
1134 4249 1184 4315 de·

65 4361 220 4426 le'cctc‘orie
242 4382 338 4425 αιιοιτ
360 4356 507 4443 offendet.
552 4353 617 4421 sed
636 4379 731 4442 αιτιοι
751 4356 820 4423 odio
842 4377 906 4422 ccc
928 4376 1086 4509 ταςέτοτιτ
1113 4353 1188 4422 coni

117 4461 236 4512 Labant,
248 4461 361 4510 Patbolll.
