2736 4778
112 338 180 411 Du
196 341 468 412 PARATHESI
484 343 547 410 ΕΤ
567 343 841 414 SCRIPTURA.
872 343 986 415 c.111.
1005 348 1072 435 64.
1101 351 1175 426 507

61 520 274 613 ἁρμοζόντως
301 539 334 594 et
362 526 399 596 ἐν
423 528 532 607 ποδός
563 525 693 597 διώκειν
723 533 825 599 Dion.
853 535 946 599 Antt.
968 535 1033 601 111.
1061 536 1113 602 20.
1142 548 1176 602 at

63 626 200 717 hyphen
227 640 418 717 mutatoque
448 640 583 698 accentu
612 627 765 700 ἐκποδών
795 645 861 702 tam
890 636 999 701 multis
1028 637 1108 704 loois
1138 651 1175 703 ut

62 729 284 812 suspicionem
308 741 460 798 moveant
482 731 575 799 aliter
595 731 716 820 scripta
737 733 891 804 ἐκποδῶν
911 737 980 802 sive
1002 735 1038 804 te
1060 739 1176 805 ποδῶν

62 835 246 901 ποιεῖσθαι
274 832 376 900 Iaoor.
398 832 511 899 Antid
533 833 611 913 386,
635 834 697 901 176
717 834 821 902 Beklr.
842 837 944 904 Diod.
966 837 1100 905 XVIII.
1122 839 1174 904 23.

61 930 204 1019 Dionys.
228 932 293 1001 ΙΙΙ.
317 934 367 1001 72.
396 934 457 1003 IV.
483 934 534 1000 72.
568 934 636 1001 Dio
667 934 760 1004 Cass.
787 938 888 1005 Exeo.
916 941 992 1008 Vat.
1021 962 1099 1028 pag.
1121 941 1174 1007 20.

63 1032 185 1101 Zosim.
202 1033 335 1114 1v.46,
354 1036 404 1101 12.
427 1046 488 1101 ete.
531 1035 649 1123 Itaque
672 1035 824 1105 ἐκποδών
844 1041 1055 1107 restit-uerunt
1076 1042 1174 1110 Stan-

62 1134 147 1220 lsjm
171 1132 323 1225 Choeph.
341 1137 393 1203 20.
420 1136 560 1205 Guietus
581 1137 720 1203 Lucian.
746 1140 814 1207 Pro
836 1141 957 1228 imagg.
979 1147 1004 1229 ξ.
1018 1144 1070 1211 29.
1092 1145 1174 1231 Jup.

63 1237 166 1327 Τῆς.
183 1238 274 1325 §.24
293 1237 490 1307 Sohaeferus
507 1238 549 1305 ad
565 1239 653 1305 Plut
672 1240 747 1309 Vol.
759 1241 787 1306 Ι.
801 1241 875 1308 384.
895 1244 1057 1331 taciteque
1070 1247 1174 1312 Bem-

62 1338 171 1425 hardy
199 1337 235 1405 in
266 1338 390 1409 Suidae
421 1339 557 1428 glossis,
588 1341 645 1407 ubi
676 1341 784 1409 Aldus
817 1344 990 1431 quinquies
1022 1345 1176 1414 ἐκποδῶν

62 1439 211 1529 scripsit,
237 1440 419 1509 introduxit
443 1441 594 1521 alterum,
627 1442 717 1528 quod
743 1445 906 1510 Arcadius
935 1447 1085 1513 ‹listinme
1114 1447 1174 1513 ad·

61 1541 183 1611 verbiis
208 1542 400 1610 adnumerat
424 1565 584 1610 unacum
611 1540 769 1628 ἐμποδών
798 1557 830 1611 et
858 1547 948 1632 quod
976 1548 1175 1635 posteriores

62 1644 140 1711 huic
163 1643 359 1711 alfinxsrrrnt
379 1639 623 1733 παρεμποδιόν,
649 1666 733 1729 quae
756 1646 960 1713 manifestum
983 1648 1095 1713 estad
1117 1670 1174 1716 ex-

63 1745 209 1834 emplum
225 1745 371 1834 oppositi
389 1741 542 1811 ἐκποδών
558 1744 758 1811 conformata
774 1768 856 1814 essa.
894 1749 951 1817 Sic
969 1748 1065 1815 etiam
1082 1753 1174 1835 Προ-

63 1842 181 1916 πιιδιόν
199 1843 396 1932 ἔμπροσθεν
417 1846 500 1911 Hes.
521 1868 583 1932 pro
604 1868 670 1933 quo
692 1847 812 1915 Suidas
834 1850 902 1936 πρὸ
925 1852 1054 1930 ποδῶν,
1081 1851 1174 1917 Pho·

62 1947 128 2015 tius
149 1946 346 2036 προπηδῶν.
390 1944 509 2013 Cetera
528 1970 594 2014 uno
618 1948 814 2035 complectar
832 1949 972 2028 ambitu3
994 1946 1120 2036 όνόκαρ
1143 1963 1176 2018 et

63 2046 189 2133 ἒπίναρ
217 2057 355 2114 accentu
380 2047 535 2115 reclinato
564 2049 598 2113 in
623 2049 740 2117 Galen.
765 2051 875 2118 Gloss.
904 2050 964 2118 sed
993 2049 1114 2135 ἐπικάρ
1140 2052 1175 2118 in

61 2148 144 2217 ΕΜ.
169 2144 214 2215 et'
230 2148 341 2217 Schol.
367 2149 408 2216 Π.
429 2148 527 2217 XVI.
550 2150 624 2216 392.
654 2152 744 2238 apud
772 2154 953 2219 Homerum
981 2151 1090 2240 ipsum
1116 2152 1176 2220 ἐπὶ

62 2249 144 2337 scip,
173 2250 266 2338 quod
290 2250 449 2339 probasse
475 2251 626 2318 videntur
653 2252 710 2339 qui
737 2252 801 2320 hoc
828 2251 891 2341 κάρ
919 2275 986 2320 non
1013 2254 1176 2342 integrum

63 2352 124 2421 sad
150 2372 302 2440 apocope
327 2352 480 2419 affectum
505 2363 669 2440 putarunt.
712 2349 784 2420 :42²
813 2346 893 2423 όπιν
918 2352 968 2435 aig
995 2351 1176 2442 πρόςωπον

63 2454 159 2524 Suid.
178 2453 283 2521 Phav.
306 2455 334 2521 si
358 2455 557 2521 intellectum
576 2454 717 2521 nominis
739 2451 852 2532 habet,
881 2455 1001 2522 rectius
1023 2455 1071 2523 sic
1096 2457 1175 2523 scri·

62 2557 152 2623 bitur
168 2577 267 2643 quam
288 2550 408 2624 όνόπιν
425 2557 508 2622 Hes.
528 2555 587 2621 sed
609 2551 683 2622 κατ’
706 2550 787 2624 dms
808 2557 933 2623 Himer.
945 2557 1047 2625 XXI.
1059 2558 1089 2636 7,
1103 2557 1175 2624 740.

62 2669 201 2748 propter
225 2657 496 2747 significationem
525 2656 741 2724 adverbialem
763 2657 910 2725 contrahi
933 2658 1032 2727 debet
1051 2670 1088 2727 ut
1108 2656 1176 2739 εἷς·

62 2758 145 2829 όπιν
165 2770 200 2826 et
221 2758 348 2840 ἐξόπιν,
372 2760 424 2826 cui
441 2781 527 2847 quae
547 2759 633 2826 inest
648 2760 849 2848 praepositio
871 2761 1050 2829 rectionem
1069 2761 1178 2827 amisit

62 2870 100 2927 ut
131 2859 291 2945 ἐμποδών
325 2872 359 2926 et
391 2861 490 2926 latina
522 2865 748 2936 exadversum,
780 2867 992 2939 examussim,
1026 2867 1175 2931 interdiu.

62 2961 165 3029 Nulla
186 2960 347 3047 eiusmodi
364 2963 556 3029 necessitate
577 2960 766 3027 adstrictum
785 2963 844 3029 sed
862 2986 941 3029 usus
958 2965 1176 3051 perpetuitate

62 3064 166 3129 fixum
187 3072 237 3129 est
256 3066 464 3150 παραχρῆμα
479 3063 551 3146 ²³),
579 3063 632 3128 oui
652 3063 820 3129 Nicander
839 3063 894 3130 Al.
916 3063 989 3131 627.
1012 3064 1178 3130 substituit

62 3164 270 3251 παραγρέος,
303 3163 393 3248 quod
416 3163 563 3230 Naekius
587 3163 731 3231 Choeril.
755 3163 828 3230 214.
858 3165 954 3231 etiam
976 3164 1176 3233 Callimacho

61 3266 119 3332 Fr.
146 3262 236 3334 cvl.
268 3263 473 3331 reddendum
500 3276 596 3353 putat
626 3276 664 3330 ut
690 3265 843 3332 videlicet
874 3267 1004 3355 poetico
1037 3267 1177 3334 sermoni

62 3364 184 3455 aptius.
231 3365 409 3453 Duplicem
434 3368 646 3433 mutationem
677 3367 776 3434 subiit
800 3361 984 3453 Ἐπισχεριό
1014 3362 1178 3447 ὀξυτόνως

62 3465 175 3551 ὥςπερ
205 3461 247 3532 ἰώ
275 3461 440 3555 γράφεται
468 3468 526 3536 καὶ
551 3468 653 3552 χωρὶς
678 3473 737 3537 τοῦ
764 3456 888 3537 7806.
911 3468 950 3534 Il.
969 3468 1103 3537 XVIII.
1123 3469 1176 3536 68.

61 3568 144 3635 ΕΜ.
164 3565 244 3647 365,
270 3566 320 3633 16.
344 3567 468 3655 quippe
494 3570 656 3654 quianon
681 3573 721 3659 τῇ
748 3570 866 3658 dorent}
893 3573 1080 3658 παραγωγῇ
1106 3568 1176 3637 ἐνέ-

61 3692 158 3751 χεται
177 3667 336 3755 Apollon.
357 3669 445 3736 Adv.
467 3670 541 3750 576,
561 3672 613 3739 30.
656 3671 742 3737 Nam
761 3680 877 3737 natura
896 3669 1029 3755 quidem
1051 3670 1176 3738 dativus

62 3780 115 3836 est
142 3767 283 3836 obsoleti
312 3769 452 3837 nominis
483 3767 612 3858 σχερός,
645 3773 736 3858 quod
767 3772 834 3839 sive
865 3771 1100 3839 substantivum
1129 3784 1178 3839 est

62 3871 132 3938 sive
148 3870 344 3956 adjectivum
361 3895 382 3937 a
398 3878 486 3957 σχεῖν
505 3874 639 3940 ductum
655 3875 788 3963 proprie
805 3876 993 3943 continuum
1012 3875 1079 3941 sive
1097 3895 1175 3940 oon-

132 4109 180 4176 23)
200 4107 283 4177 Παρὰ
297 4112 394 4184 χρῆμα
413 4108 558 4182 Theophr.
574 4109 611 4165 H.
631 4110 673 4165 Pl.
688 4110 740 4165 IX.
758 4113 799 4177 15,
814 4114 839 4165 2.
861 4110 955 4164 Strab.
968 4106 1049 4163 XIII.
1067 4108 1126 4161 603.
1147 4117 1177 4164 ot

62 4191 132 4249 alibi
155 4192 185 4248 in
204 4197 287 4250 codd.
308 4199 387 4268 quod
404 4195 499 4251 Astius
518 4196 642 4268 praefert
665 4197 693 4253 in
715 4196 794 4253 libris
814 4194 938 4251 Platonis
961 4203 990 4250 st
1008 4194 1175 4251 Schaeserus

63 4282 100 4335 ad
118 4279 237 4353 Dionys.
252 4283 311 4339 lta.
