2736 4778
126 290 201 367 474
476 283 795 357 Π188ΕΒΤΑΤΙΟ
818 287 885 355 ΙΠ.

124 478 202 543 Ηοο
223 473 358 541 dubium
379 484 429 540 est
447 484 555 540 utrum
576 496 650 595 cum
671 475 868 563 appellativo
891 467 996 560 ῖογης
1016 475 1244 563 compositum

126 677 282 766 γείλοφος
299 678 435 745 Pindari
456 680 638 765 peculium
659 702 734 744 nam
755 691 884 766 praeter
903 679 1045 755 nomina,
1067 701 1155 765 quae
1179 702 1242 766 ge·

125 780 261 846 nitivum
288 781 324 846 in
351 768 413 858 εὀξ
427 793 599 848 exeuntem
627 779 766 859 habent,
796 779 884 845 idem
911 803 944 867 p.
969 780 1041 856 102,
1067 781 1119 847 13.
1142 780 1245 849 affert

126 874 364 970 οῖνδρειφόντης
389 880 428 948 τὸ
452 870 536 967 bia?
549 883 736 970 δίφθογγον
757 880 815 946 καὶ
836 878 1076 976 γίνεται-παρὰ
1095 881 1156 969 τὴν
1179 876 1241 948 ἆν-

126 978 205 1067 δρδς
239 982 377 1069 γενικήν,
411 983 478 1048 scil.
512 982 595 1050 κατὰ
632 983 844 1065 πλεονασμὸν
875 984 933 1047 τοῦ
963 1006 991 1061 ι,
1023 982 1114 1068 quod
1144 983 1243 1049 addit

124 1085 235 1172 Epim.
261 1083 308 1149 11.
332 1084 405 1161 178,
429 1085 478 1150 10.
522 1084 621 1151 Ac
596 1107 624 1149 ει
650 1083 684 1149 in
705 1082 869 1149 Eustathii
891 1082 981 1160 loco,
1014 1106 1080 1169 quo
1102 1084 1241 1173 saepius

126 1207 291 1252 recurrere
313 1207 430 1271 cogor·
450 1180 634 1271 Ηρωδιαν
632 1209 657 1264 ς
681 1184 813 1270 λέγει“
795 1209 848 1252 οτι
877 1182 912 1251 ori
943 1181 993 1263 εῖς
1018 1210 1057 1264 ος
1084 1178 1241 1265 lteram

127 1286 253 1371 ηενικαὶ
275 1279 546 1370 σοντιθὲμεναι’
536 1312 554 1375 η
548 1279 634 1354 διὰ
657 1289 715 1352 τοῦ
736 1313 754 1351 ο
773 1279 971 1371 λέγονται”
950 1311 969 1373 η
993 1285 1050 1352 διὰ
1064 1291 1124 1353 τοῦ
1142 1283 1239 1357 ι-δ

125 1385 237 1470 μέντοι
255 1382 473 1472 ἁλετρίβανος
490 1383 620 1474 μήποτε
639 1383 796 1472 ductast
780 1411 878 1464 εστιν,
899 1380 944 1464 ὡς
961 1383 1019 1452 καὶ
1037 1385 1095 1452 τὸν
1110 1382 1241 1453 Ἀπόλ-

127 1489 215 1554 λωνα
230 1481 426 1555 Ἀπέλλωνα
449 1486 600 1568 λέγουσιν
621 1486 679 1554 καὶ
704 1486 763 1553 mv
789 1480 996 1574 ἀνδροφόνον
1018 1480 1239 1575 ἅνδρεφιῖνον

127 1588 155 1652 si
181 1588 281 1674 igitar
307 1588 520 1655 haecomnia
548 1589 694 1672 ejusdem
721 1600 796 1652 sunt
822 1587 1053 1664 Herodiani,
1045 1610 1074 1652 rs
1103 1610 1240 1674 quoque

127 1689 206 1777 diph
209 1689 376 1774 hongum·
386 1715 416 1756 ει
439 1712 481 1753 ex
502 1689 641 1775 simplici
666 1715 681 1755 ε
706 1690 806 1776 psilo,
835 1690 899 1754 hoc
920 1702 1028 1754 autem
1047 1711 1112 1755 ex
1116 1691 1238 1757 micro

126 1803 237 1855 natum
259 1791 392 1878 putavit.
437 1789 506 1858 Sed
528 1788 624 1874 hujus
654 1791 857 1875 figurationis
890 1791 1074 1877 exemplum
1103 1792 1239 1860 unicum

127 1904 177 1959 est
201 1888 451 1980 ἇνδρειφόντηςε
480 1914 620 1976 namque
650 1892 784 1958 alterum
804 1892 912 1958 verius
935 1891 1084 1958 scribitur
1104 1886 1238 1975 ἀλετρί-

124 2001 242 2079 βανος·
268 1994 428 2081 permulta
455 2015 530 2059 vero
562 1993 721 2079 originem
745 1993 866 2060 habent
897 1992 1142 2059 aneutralibus
1174 1994 1240 2062 illis

127 2107 159 2161 et
184 2096 265 2163 haec
297 2095 559 2161 commodissime
593 2096 795 2182 explicantur
827 2093 1047 2160 contractione
1075 2095 1239 2162 vocalium

127 2219 211 2282 quae
248 2197 393 2282 integrae
425 2207 587 2284 apparent
617 2197 652 2261 in
688 2192 929 2275 ὲλεόθρεπεος,
969 2192 1237 2281 δρεοοὲλινονθ).

127 2299 224 2363 Hanc
246 2299 351 2363 crasin
373 2298 442 2363 sine
465 2297 670 2364 cunctatione
692 2296 833 2361 admittit
843 2296 1042 2383 Apollonius
1062 2296 1151 2362 Adv.
1163 2297 1238 2376 542.

126 2400 179 2466 33.
200 2398 239 2465 τὸ
262 2400 331 2466 δεῖν
353 2398 389 2466 ἐκ
412 2403 468 2465 τοῦ
486 2401 660 2482 μετοχικοῦ
678 2397 898 2485 συνῃρημένον
914 2391 1134 2482 ἀπονώτερον
1145 2400 1238 2467 unco

126 2499 183 2566 καὶ
209 2499 248 2565 τὸ
280 2503 382 2566 πλέον
410 2501 521 2575 πλεῖν,
553 2500 731 2583 eademque
761 2498 881 2563 Atticis
913 2498 1058 2564 tribuunt
1087 2496 1237 2567 Choero·

127 2600 247 2667 boscus
277 2601 357 2667 Cau.
386 2602 461 2677 158,
492 2603 520 2666 1.
555 2600 666 2667 Schol.
696 2599 806 2665 Nubb.
837 2600 929 2664 1037.
957 2601 1036 2664 EM.
1072 2601 1154 2677 189,
1187 2602 1238 2668 55.

129 2702 242 2768 Tzetz.
273 2703 315 2766 ad
343 2704 425 2766 Hes.
454 2701 547 2789 Opp.
577 2701 649 2767 225.
683 2713 715 2766 et
741 2700 980 2787 Moschopulus
1011 2700 1131 2768 Sched.
1166 2703 1238 2768 186

129 2803 185 2888 qui
209 2802 301 2866 addit
323 2804 450 2867 tertium
473 2805 592 2867 δοκεῖν.
635 2802 699 2868 His
722 2803 917 2887 adjiciuntur
939 2803 1073 2919 propria
1091 2804 1241 2880 Νεῖλειος

128 2904 223 3024 ηεαρδ
247 2904 285 2968 τὸ
310 2902 356 2970 νέ
358 2928 456 2981 exos
472 2929 509 2969 το
531 2898 614 2982 λεώς
637 2901 751 2987 κράσει
773 2910 831 2968 τοῦ
860 2930 875 2970 ε
902 2907 959 2970 καὶ
988 2930 1006 2969 ο
1033 2901 1080 2980 εἰς
1113 2903 1174 2990 τήν
1210 2930 1240 2972 ει

129 2999 255 3089 ὁμοίως
275 3009 322 3091 nc
345 3006 568 3094 Κλεισθένης,
590 3002 808 3091 Λειιοθὲνης,
834 3002 1033 3090 Προσθένης
1057 3002 1169 3087 (scrib.
1192 3031 1238 3092 τιν

129 3106 342 3193 Κλεοσθένης
381 3109 602 3193 Κλεισθένης,
643 3103 860 3191 Πλεοοθὲνης
893 3103 1130 3190 Πλεισθένης),
1156 3105 1236 3181 δεῖν,

129 3210 226 3273 πλεῖν
254 3208 347 3275 Suid.
384 3229 425 3271 ex
459 3204 623 3271 Choerob.
663 3205 759 3273 Orth.
789 3205 866 3279 253,
897 3206 946 3269 10.
970 3205 1049 3270 ΕΜ.
1079 3205 1156 3280 675,
1186 3206 1239 3271 54.

128 3309 221 3372 Haec
235 3309 368 3393 quidem
386 3308 428 3371 ad
446 3330 546 3371 unum
559 3307 666 3372 omnia
684 3307 854 3393 impugnat
866 3309 1082 3372 Buttmannus
1095 3305 1241 3372 Gramm.

128 3409 156 3474 I.
177 3411 250 3475 492.
282 3412 352 3476 δεῖν
382 3410 466 3475 enirn
498 3432 564 3474 non
601 3408 809 3496 participium
838 3431 911 3474 esse
946 3409 1005 3472 sed
1037 3409 1240 3488 infinitivum,

130 3648 293 3718 parechesin
312 3648 487 3719 agnoscimus
507 3645 658 3701 bacchicae
675 3645 738 3700 roci
757 3645 884 3700 similem.
918 3645 965 3700 Sic
984 3645 1066 3699 etiam
1086 3645 1242 3717 epiphone-

130 3733 210 3785 matis
224 3732 324 3785 ludicri
332 3738 406 3802 χέλιι
417 3731 523 3802 χελώνη
536 3733 593 3786 sive
607 3743 638 3786 ut
651 3733 796 3787 Bekkerus
816 3732 927 3801 scripsit
940 3732 1010 3786 Poll.
1025 3732 1075 3784 IX.
1094 3734 1151 3784 1¹25.
1163 3736 1244 3800 χελι-

126 3815 236 3890 χιλώνη
257 3837 320 3889 pars
344 3820 421 3889 prior
437 3820 612 3890 reduplicata
629 3829 673 3872 est
697 3818 760 3871 soni
780 3834 863 3871 causa
881 3828 1014 3889 recteque
1036 3820 1070 3872 nb
1092 3818 1242 3872 Eustathio

133 3908 207 3967 1911,
220 3907 259 3958 57.
274 3901 469 3972 προςιοντικ”ιν
481 3915 594 3959 vocatur
608 3899 821 3973 οιιηηχοιῖμινον
834 3907 869 3972 ιη)
878 3903 996 3972 χελώνη.

200 3993 229 4053 8)
245 3992 392 4062 Lycoplrro
406 4011 490 4063 quum
503 3989 672 4059 Aborigines
685 3985 869 4059 Βοηειγόνοιις
882 3991 1131 4053 transnominaret,
1145 3989 1244 4044 nescio

131 4093 166 4130 an
179 4083 361 4146 Βοοιογινιῖς
372 4078 529 4146 significare
543 4075 677 4132 voluerit:
692 4073 843 4143 ιἰηεληοιος
857 4094 970 4146 quoque
986 4073 1153 4146 οιιιιι”Ληεος
1167 4094 1245 4130 com·

130 4161 251 4231 positum
265 4161 383 4218 videtur.
399 4163 467 4218 Cum
481 4157 680 4233 ἀνδροφλνεης
690 4159 778 4227 magis
793 4172 952 4229 congruunt
960 4168 1125 4234 Διειτρέφης
1136 4170 1166 4216 et
1176 4163 1245 4216 διει-

131 4242 212 4315 nervis
223 4249 319 4302 Elmsl.
334 4251 370 4303 nd
382 4250 486 4304 Bacch.
502 4251 576 4304 laco.
591 4245 645 4302 nisi
656 4247 734 4319 quod
746 4244 791 4302 hic
809 4246 910 4303 ectasis
923 4247 977 4302 arsi
985 4249 1110 4321 juvatur.
