2736 4778
175 334 252 412 492
525 326 843 400 DISSERTATIO
873 329 934 400 lv.

175 518 261 585 lecta
283 515 385 601 Sppiti
409 536 469 602 pro
491 515 596 602 Psylli
616 515 650 579 in
676 515 772 581 codd.
793 516 947 582 Martian.
971 513 1053 603 Cap.
1075 516 1136 585 VI.
1160 536 1190 584 c.
1211 514 1292 585 671.

176 643 210 707 p.
231 618 304 684 547.
333 617 383 682 cd.
412 617 528 704 Kopp.
555 635 681 700 ιριριιισ
705 615 791 683 Plin.
812 614 983 687 XXXIV.
1007 617 1057 683 13.
1088 617 1294 702 δρρσάσιίσιι

175 721 211 787 in
236 720 338 786 Inscr.
369 719 460 803 cujus
490 716 529 784 C.
556 716 776 785 Schneiderus
807 715 953 783 meminit
981 716 1016 782 in
1044 717 1190 783 Gramm.
1212 717 1292 785 511.

175 821 227 887 vel
247 841 344 886 casus
365 818 450 883 fudit
469 817 521 883 vel
538 819 740 884 consuetudo
758 820 912 906 corrupit
955 819 1025 887 Sed
1042 824 1129 886 ascio
1144 820 1292 888 Vossius

175 933 263 991 recte
285 943 358 988 cum
380 942 500 1006 graeco
523 913 615 1008 άξίνη
637 922 812 1007 conjugare
828 921 955 986 videtur
972 921 1056 986 sicut
1071 921 1196 986 viscum
1215 943 1293 988 cum

176 1019 256 1105 ἶξός.
302 1023 474 1091 Consonus
494 1020 725 1088 vocabulorum
745 1044 936 1110 graecorum
955 1021 1080 1087 medias
1102 1022 1165 1088 hoc
1186 1023 1291 1091 modo

175 1123 293 1192 mutari
315 1123 500 1210 exemplum
525 1122 656 1189 unicum
682 1135 731 1191 est
758 1135 790 1191 et
814 1148 880 1190 non
904 1124 1117 1191 certissimum
1139 1127 1293 1210 φσῦσκσς

176 1220 385 1312 σ’ξσκίφαλσς
403 1227 487 1291 Hes.
508 1225 543 1289 id
562 1237 611 1290 est
631 1223 745 1312 φσξός.
789 1226 926 1314 Duplici
947 1225 1206 1312 transgressione
1226 1248 1291 1292 no·

177 1326 275 1393 tabile
294 1336 344 1392 est
360 1347 480 1393 nomen
496 1325 688 1392 nucularum
706 1325 749 1395 τὰ
767 1326 930 1395 πιστάκια
949 1339 982 1392 et
999 1320 1172 1416 ψιττάκια,
1195 1327 1292 1412 cnjus

177 1450 324 1495 consona
349 1429 454 1515 prima
482 1428 626 1494 continet
653 1427 759 1514 sigma
779 1450 820 1495 ex
844 1428 1006 1516 principio
1031 1426 1195 1493 secundae
1222 1429 1292 1514 syl-

177 1529 272 1597 labae
304 1530 513 1606 translatum
547 1551 624 1594 nam
659 1529 839 1595 semiticum
874 1540 924 1595 est
957 1532 1055 1594 bistoc
1089 1528 1157 1592 sive
1185 1533 1295 1612 pistus

177 1653 207 1698 v.
226 1631 350 1699 Nicias.
372 1632 415 1696 ad
437 1631 569 1718 Geopp.
593 1629 633 1695 Τ.
652 1629 716 1695 ΙΠ.
737 1629 810 1696 665.
854 1628 974 1696 &aeci
996 1628 1194 1713 antiquiores
1216 1635 1293 1712 βιτ-

176 1728 278 1799 τάκια
308 1742 341 1798 et
368 1727 528 1819 φιττάκια
559 1730 734 1818 appeliant.
787 1729 905 1797 Cetera
933 1729 1099 1815 quomodo
1127 1751 1147 1793 a
1175 1728 1292 1816 primis

177 1833 310 1918 linguae
331 1830 515 1897 architectis
536 1831 752 1917 pronunciata
773 1831 851 1910 sint,
876 1842 1011 1919 propter
1035 1829 1133 1915 etymi
1156 1830 1292 1916 ignora·

178 1933 301 2001 tionem
323 1931 463 1999 discerni
482 1953 553 1998 non
576 1944 695 2020 potest.

262 2037 287 2121 ξ.
310 2035 341 2101 2.
379 2033 605 2101 consonarum
620 2033 815 2121 simplicium
831 2031 939 2098 nullae
955 2031 997 2096 ad
1011 2002 1296 2117 transponendum

178 2145 245 2201 tam
266 2146 412 2224 promtae
435 2158 531 2221 quam
553 2134 763 2201 semivocales
783 2135 932 2219 interque
952 2134 1012 2198 has
1033 2131 1212 2200 mobilitate
1233 2156 1293 2199 ex-

179 2236 267 2302 cellit
292 2236 363 2302 rho.
417 2237 506 2302 Hinc
532 2237 632 2322 igitur
661 2236 811 2323 exempla
839 2236 921 2320 petit
947 2234 1127 2320 Gregorius
1154 2232 1292 2299 488.‘
1259 2261 1294 2302 σι

168 2328 281 2417 Ἴωνες
304 2340 446 2422 χρῶνται
467 2343 542 2415 ταῖς
561 2337 800 2421 μεταθέσεσικ·
824 2333 896 2403 ἔστι
918 2335 956 2403 dci
972 2331 1156 2419 μετάθεσις
1172 2329 1295 2424 ὅτακῆ

179 2437 217 2506 τὸ
241 2441 375 2522 πρῶτον
396 2442 559 2518 στοιχεῖον
579 2440 639 2522 τῆς
665 2432 755 2514 ἰδίας
781 2436 947 2523 συλλαβῆς
972 2434 1100 2523 γίνηται
1127 2431 1294 2521 διίσσρσν,

180 2532 366 2622 ἀτραπιτός
388 2531 634 2622 άταριιιτάςῡ),
667 2530 749 2623 ἢτά
775 2531 926 2622 δεύτερον
947 2532 1125 2621 πρότερον,
1155 2534 1293 2620 κραδία,

178 2638 353 2722 τέτρατος,
376 2632 546 2721 κρατερός.
588 2638 683 2701 Haec
712 2657 772 2722 pro
802 2635 926 2700 affectis
959 2636 1080 2700 cedunt
1102 2633 1180 2719 quia
1200 2656 1294 2701 com-

178 2738 286 2803 munis
306 2759 386 2801 usus
408 2731 597 2821 probavit'
579 2733 748 2819 ατραττός,
771 2733 910 2820 καρδία,
933 2736 1106 2821 τέταρτος,
1136 2745 1169 2800 et
1195 2734 1297 2801 etim

181 2838 258 2923 quia
275 2836 355 2902 haec
371 2836 633 2901 convenientiora
650 2847 725 2902 sunt
742 2837 857 2922 etymis
874 2835 1001 2919 τρὲιτισ,
1026 2841 1086 2923 κῆρ
1104 2837 1171 2901 sive
1197 2837 1355 2943 rioms*

178 2936 343 3022 τέτταρες.
386 2938 440 3002 De
461 2937 574 3003 ultimo
595 2959 636 3002 ex
658 2938 728 3003 solo
750 2961 813 3003 usu
828 2937 1007 3022 judicatum
1029 2960 1104 3002 nam
1126 2910 1358 3021 Horruits-„-

180 3039 252 3126 ipse
279 3060 340 3127 pro
368 3061 575 3104 numerorum
601 3039 726 3105 ratione
752 3039 856 3103 variat
880 3061 949 3102 non
971 3038 1075 3103 solum
1098 3036 1217 3127 adjecti
1269 3044 1276 3113 J
1342 3064 1358 3119 ,ι

179 3140 340 3226 κρατερός
366 3151 398 3205 et
418 3139 595 3225 καρτεράς,
628 3140 687 3204 sed
709 3139 805 3203 etism
825 3161 945 3204 nornen
966 3137 1087 3222 κράτος
1109 3149 1141 3204 et
1160 3135 1247 3226 κάρτ
1275 3132 1326 3215 ”..;·
1355 3180 1358 3185 -

178 3241 220 3306 Ιιι
242 3265 303 3307 usu
324 3264 401 3307 vero
423 3240 590 3305 dominant
578 3250 630 3304 tur
652 3242 718 3306 duo
748 3240 810 3304 sibi
833 3240 994 3306 contraria
1013 3236 1135 3325 κράτος
1157 3249 1189 3305 et
1209 3224 1356 3331 unffi.
1307 3182 1358 3285 *Ῐέ

179 3343 290 3428 τεράς,
320 3366 381 3429 pro
404 3365 469 3428 quo
494 3343 668 3428 scriptores
698 3342 867 3408 deterioris
894 3352 990 3408 notae
1018 3336 1179 3425 κρατερός
1207 3338 1294 3407 asci-

179 3455 294 3509 verunt
316 3445 415 3529 idque
438 3441 534 3508 etiem
555 3466 575 3507 a
595 3442 731 3508 librariis
750 3444 873 3529 passim
888 3443 931 3508 ad
949 3443 996 3508 At
984 3442 1078 3508 tticos
1096 3443 1326 3509 transfusum

182 3555 232 3610 est
260 3568 288 3610 v.
318 3545 443 3610 Duker.
473 3545 516 3608 ad
544 3543 649 3609 Thuc.
678 3544 739 3611 IV.
772 3545 843 3610 129.
897 3543 1109 3609 Herodianus
1140 3565 1217 3608 vero
1253 3545 1296 3610 de

179 3645 337 3711 Diohron.
360 3645 433 3712 363.
457 3645 508 3710 ed.
530 3645 647 3710 Lehrs.
669 3644 733 3710 hoc
754 3645 859 3732 primo
887 3644 961 3709 loco
991 3644 1102 3729 ponit,
1131 3641 1296 3730 καρτεράς

181 3746 368 3836 hyperthesi
391 3746 543 3812 affectum
565 3746 653 3811 dicit.
693 3746 762 3813 Sed
778 3746 922 3810 affinium
941 3745 1049 3830 alique
1065 3744 1099 3807 in
1116 3765 1175 3808 suo
1196 3744 1295 3829 quid-

181 3872 245 3935 que
279 3848 392 3913 ordine
426 3857 572 3934 perstant
606 3844 713 3933 κάρτα
748 3842 878 3931 κάρρων
901 3884 943 3893 -
968 3840 1088 3931 κρατάς
1120 3843 1294 3929 κρείσσων.

181 3953 233 4017 Ac
261 3951 288 4016 si
318 3973 429 4015 verum
460 3959 510 4014 est
541 3948 630 4035 quod
658 3946 876 4034 suspicamur,
909 3946 1024 4013 horum
1049 3948 1192 4013 omnium
1221 3970 1296 4014 esse

251 4180 615 4256 5):11a<mdPsrcaqusc
636 4182 722 4251 vulgo
743 4181 867 4251 Atropos
893 4191 1009 4238 vocatur
1032 4202 1057 4237 v.
1079 4182 1185 4237 Techn.
1206 4203 1234 4255 p.
1250 4185 1293 4236 38.

183 4272 309 4327 Eandem
328 4273 447 4327 sortasse
468 4268 606 4342 significat
621 4265 777 4338 Hesychius
792 4265 910 4324 ’Λιισισῦ
929 4268 1105 4341 (Ἀταριιοῦς)
1122 4272 1253 4339 χαλεπῆς.
