2736 4778
141 333 202 401 136
523 329 801 399 olssnnnlno
833 330 889 397 VI.

137 497 362 582 parisyllabae,
395 498 479 580 quod
513 496 607 563 schol.
631 495 740 562 sumit:
776 500 981 586 neptunium
1014 500 1063 586 τῷ
1087 491 1189 584 λόγῳ
1212 502 1275 564 τῶν

137 599 184 680 εἰς
205 602 252 679 {v}
278 595 407 667 διπλῶν·
442 599 535 687 παρὰ
567 599 627 686 τὴν
657 597 810 688 φοίνικος
843 600 970 686 γενικὴν
996 598 1200 689 φοινικόεις
1221 603 1274 670 arni

137 700 323 793 φοινικιόες
346 703 379 771 ἐν
401 699 585 792 ὑπερθέσει
619 702 674 767 καὶ
698 708 882 789 φοινικιοῦς
906 706 1107 793 συναιρέσει,
1135 705 1204 771 hoc
1225 712 1273 772 est

137 809 218 874 erasi
241 810 300 873 τοῦ
323 806 409 877 ὁκαὶ
434 810 459 879 ἱ
503 807 607 872 Huius
630 806 727 887 igitur
749 808 906 873 sententia
927 805 996 888 fuit
1019 809 1087 874 iota
1109 811 1272 876 termine·

136 912 230 978 tionis
254 913 321 990 ῖνῖιῖ
352 916 426 976 ante
448 915 474 981 ῐ
499 912 650 992 positum,
684 909 743 976 hoc
776 915 884 975 antem
917 929 987 976 eum
1010 917 1035 984 ῖ
1061 919 1272 980 eontractum

136 1035 215 1081 esse.
261 1015 299 1079 In
320 1014 502 1080 Aristotelis
525 1013 606 1079 libro
629 1012 667 1078 de
691 1011 792 1078 Color.
815 1031 841 1079 c.
863 1013 892 1078 V
913 1014 984 1096 plus
1008 1016 1117 1082 decies
1149 1017 1272 1100 legitur

136 1122 309 1207 φοινικοῦς
342 1135 412 1183 oum
445 1121 558 1181 neutro
580 1120 749 1203 φοινικοῦν
771 1117 838 1181 sive
871 1122 1068 1204 φοινικιοῦν,
1102 1138 1198 1201 quae
1230 1121 1271 1186 ad

135 1223 306 1288 secundam
328 1238 428 1302 aeque
450 1238 487 1285 ec
509 1220 637 1285 tertiam
654 1219 897 1285 declinationem
907 1219 1019 1287 referri
1028 1228 1190 1304 possunt3
1213 1224 1271 1290 sed

134 1327 251 1393 diversi
273 1324 391 1390 ordinis
413 1329 488 1389 sunt
510 1326 659 1410 φοινικοῖ
679 1328 716 1388 ut
738 1330 911 1410 πορφυροῖ
933 1321 1004 1389 795.
1016 1324 1045 1389 b.
1069 1327 1125 1406 27,
1153 1351 1268 1415 φοινι·

136 1433 192 1496 κιᾶ
215 1427 277 1495 796
300 1447 327 1493 a.
353 1427 393 1491 lo
415 1431 448 1491 et
478 1427 511 1491 in
547 1426 658 1492 eadem
685 1428 801 1509 pagina
822 1427 879 1493 ult.
903 1433 1145 1515 φοινικιοῦνια,
1182 1448 1267 1512 qnae

135 1535 163 1599 si
185 1552 261 1598 vera
292 1535 343 1598 est
375 1530 546 1612 scriptura,
580 1531 625 1596 sic
658 1531 799 1596 dicamus
821 1535 959 1613 oportet,
992 1548 1050 1612 pro
1074 1528 1270 1617 φοινικόεις

134 1637 255 1720 sliquos
279 1630 478 1723 φοινικιόεις
500 1633 617 1700 dixisse
650 1635 715 1700 iota
737 1635 918 1700 abundonie
951 1639 987 1700 ut
1009 1629 1175 1722 ἆφριδεις
1197 1644 1268 1717 σω,

134 1761 162 1804 v.
184 1740 317 1806 Elemm.
340 1736 451 1817 1457,
474 1742 644 1819 sequentes
665 1742 772 1804 autem
794 1737 919 1802 vocales
943 1755 1030 1802 more
1052 1744 1213 1806 consueto
1234 1741 1267 1806 in

133 1846 177 1915 οῖ
199 1846 376 1908 contractas
389 1858 473 1905 esse:
497 1843 688 1927 φοινικιοῦς.
738 1840 906 1919 Φοινίκιος
927 1841 955 1905 si
977 1844 1123 1907 exstaret
1148 1844 1267 1910 eoloris

135 1947 311 2030 epitheton,
344 1944 418 2011 hine
448 1944 699 2025 promtissimam
726 1948 813 2009 esset
834 1942 1031 2032 porrexeritis
1052 1949 1208 2027 repetere
1229 1954 1267 2013 nt

136 2044 251 2136 ἄγριος
274 2043 431 2136 δγριὸιις.
489 2046 559 2113 Hac
585 2052 671 2113 certe
698 2048 820 2113 ratione
842 2046 1046 2130 hyperthesin
1069 2047 1267 2117 scholiastae

133 2154 282 2236 placitam
304 2149 480 2233 effugimus.
526 2148 590 2215 Sed
610 2151 683 2217 nolo
711 2152 744 2215 in
769 2169 805 2217 re
826 2150 977 2233 perplexe
999 2150 1119 2215 diutius
1142 2153 1265 2219 trioni.

137 2295 172 2305 ·-
199 2256 279 2322 Cum
297 2250 436 2332 Ὀπόεις
455 2249 582 2333 Ὀποῦς
602 2254 815 2320 Buttmannus
839 2255 865 2338 ἓ.
888 2253 939 2318 28.
962 2251 983 2318 4
1004 2272 1034 2335 p.
1054 2252 1115 2319 105
1140 2255 1266 2323 confert

133 2360 304 2428 infinitivos
327 2357 455 2443 ῥιγοῦν,
479 2351 621 2436 ὑπνοῦν,
655 2376 788 2441 quornm
809 2357 911 2423 forma
932 2356 1048 2422 Dorice
1078 2356 1119 2422 ab
1144 2359 1264 2426 Atticis

138 2466 170 2529 in
193 2464 313 2546 aliquot
333 2461 439 2527 verbis
457 2462 621 2543 adoptata:
645 2463 745 2552 ῥιγῶν
767 2466 825 2527 eto.
842 2461 986 2543 congruit
1008 2477 1080 2525 cum
1102 2459 1264 2528 adiectivo

139 2586 235 2650 supra
252 2566 356 2631 allatis
370 2565 478 2630 simili:
503 2569 672 2651 ιυριῦνιες.
718 2565 755 2629 In
777 2564 945 2630 indicativo
968 2568 1076 2627 eontra
1098 2562 1168 2627 iota
1191 2584 1263 2646 per-

136 2672 231 2735 durat
264 2670 363 2750 epsilo
399 2667 516 2732 abolito
529 2667 574 2750 *)‚
609 2673 645 2732 ut
667 2667 863 2733 Theodosius
896 2667 989 2732 docet
1017 2684 1149 2747 gramm.
1180 2668 1263 2734 1008

131 2768 282 2855 χριισόεις
305 2769 374 2836 ἔδει
396 2773 547 2853 χρυσοῦς·
571 2770 608 2836 ιδ
631 2771 695 2857 γὰρ
717 2774 743 2842 ἶ
768 2771 822 2838 καὶ
846 2773 866 2843 ἔ
890 2767 937 2849 εἷς
959 2768 1016 2856 τὴν
1040 2771 1072 2840 οὗ
1095 2775 1262 2855 κιρνᾶται·

135 2870 205 2940 ἀλλ’
231 2872 305 2940 ἐπεὶ
338 2872 379 2939 τὰ
413 2869 460 2953 εἷς
489 2873 519 2944 οἵ
542 2869 674 2961 ῥήματα
702 2873 735 2941 ἐν
758 2875 901 2961 δευτέρῳ
925 2868 1098 2961 προσώπῳ
1123 2870 1264 2954 πάντως

134 2976 317 3066 δίφθογγον
339 2973 405 3060 ἔχει
428 2977 485 3065 τὴν
506 2979 591 3062 μετὰ
614 2985 673 3045 τοῦ
695 2979 720 3063 ι’,
743 2975 964 3067 ἐπεκράτησεν
987 2973 1006 3064 ἦ
1026 2979 1052 3047 ᾖ
1070 2973 1264 3064 δίφθογγος

135 3078 375 3169 ἔκθλιφθένισς
398 3086 455 3149 τοῦ
477 3084 559 3167 {iot
580 3081 620 3147 ab
643 3083 795 3148 inusitato
818 3079 922 3149 διδόω
939 3083 1055 3159 διδοῖς,
1079 3082 1259 3164 rhoffi).—

139 3185 272 3250 Ceteroe
295 3185 446 3249 orationis
468 3191 577 3267 partes
599 3186 677 3251 nihil
699 3185 761 3251 huc
784 3184 947 3251 conferunt
977 3189 1106 3266 praetor
1128 3185 1262 3266 synthe-

134 3296 188 3354 ton
212 3291 347 3376 πρῷρα,
382 3289 507 3353 sivero
540 3294 589 3354 est
623 3290 801 3355 coniectura
833 3294 951 3368 nostra,
983 3288 1016 3352 id
1049 3307 1086 3352 er
1110 3283 1260 3377 πρόειρο

133 3397 328 3458 contractum
362 3409 448 3472 esse,
482 3392 541 3458 hoc
574 3398 680 3458 autem
715 3412 733 3458 a
765 3393 998 3475 praepositione
1027 3386 1094 3475 πρό
1118 3393 1261 3459 crevisse

133 3497 353 3561 terminatione
382 3496 571 3578 paragogicn
603 3503 640 3562 ut
672 3497 804 3583 πρέσβα
828 3498 1025 3585 πρέσβειρα,
1060 3487 1124 3574 ἆρά
1149 3487 1260 3579 riperti,

124 3591 216 3676 Ἶλος
241 3594 392 3685 Ἰλιὶειρα,
417 3618 445 3663 v.
468 3598 610 3682 Prolegg.
633 3597 684 3680 39,
717 3601 905 3683 proprieque
928 3596 1103 3681 significare
1121 3598 1261 3681 prosam

131 3739 388 3749 ...——-—.------

201 3821 227 3887 l)
253 3823 382 3889 Exemplo
407 3824 545 3877 verborum
572 3826 774 3893 birylleborum:
798 3828 848 3893 χοί
877 3841 925 3892 pro
948 3820 1010 3893 χόιι
1037 3830 1088 3878 eto.
1112 3824 1191 3878 attuli
1220 3826 1256 3879 οδ

135 3912 231 3962 Bnttm.
250 3908 309 3963 238.

206 3996 234 4062 *γ
256 3997 290 4048 Iri
305 3995 411 4064 popello
429 3996 500 4064 torpe
518 3996 602 4048 σὶὶιιιο
620 3999 672 4049 loco
689 3997 763 4049 allr'ta
781 3997 901 4064 lequrrtor
918 3997 991 4048 haec:
1018 3997 1147 4061 „Voenles
1168 3983 1214 4049 ο-ει
1232 4000 1262 4049 in

135 4084 223 4134 verbis
253 4086 280 4135 in
310 4068 354 4136 οἷο
366 4083 555 4134 contrahuntur
572 4085 599 4134 in
616 4069 672 4143 ο-ιξι
688 4088 802 4154 χρυσοῖς
819 4085 917 4134 omisso
935 4084 1027 4149 epsilo,
1045 4085 1172 4134 retinetur
1190 4100 1258 4136 vero

143 4166 222 4235 [ιόιιι],
242 4173 303 4235 quia
322 4171 356 4222 οδ
374 4170 554 4222 formationem
567 4173 685 4236 pertinet
723 4171 774 4223 Sed
784 4174 811 4222 in
821 4171 1006 4222 nominibusin
1025 4153 1079 4227 ο-εἷς
1096 4171 1257 4223 exeuntibus

135 4253 202 4303 duae
229 4257 327 4319 primae
360 4258 466 4308 vocales
494 4256 702 4321 contrahuntur,
735 4259 830 4322 tertie,
862 4272 929 4323 quae
955 4273 988 4308 ex
1013 4262 1088 4324 trope
1115 4264 1178 4310 nate
1207 4264 1256 4322 est,

131 4339 308 4393 obliteratum.
