2736 4778
137 336 204 404 Du
224 333 616 405 nunquNcoune
637 332 915 404 (tenuemus
941 333 980 403 0.
991 335 1019 401 L
1037 337 1063 422 ξ
1071 335 1101 402 7
1130 338 1207 413 375

88 544 190 610 posse
216 519 407 587 mutationis
434 538 590 584 oensem:
620 514 660 584 τδ
687 513 803 600 γουνός
829 517 888 585 καὶ
917 515 1039 612 δουρός
1066 516 1208 589 δόναιαι

88 619 129 691 οδ
156 621 261 707 μόνον
288 615 375 687 καθ’
408 613 595 704 ὑπέρθεσιν
624 611 832 701 γενέσθαι’
812 615 881 684 απὸ
912 620 972 685 τοῦ
1003 614 1121 736 γόνυος
1147 619 1208 687 καὶ

89 719 209 810 δόροος
241 716 327 787 ἀλλὰ
359 717 418 784 κατ’
447 717 535 784 κατὰ
566 715 735 806 συγκοπὴν
764 711 837 784 nino
869 722 930 784 τοῦ
962 714 1120 803 γούνατος
1150 718 1210 788 eet

90 818 265 942 δούρατος.
311 823 474 904 Κρεῖττον
499 815 539 885 δέ
566 815 638 885 ἐστι
669 814 756 884 κατὰ
787 814 958 906 συγκοπὴν
987 813 1073 884 αὐτὰ
1103 818 1212 905 λέγειν

91 912 246 1008 ηιόςπερ
271 912 406 1017 λέγειί
382 942 401 981 ο
429 918 591 1002 τεχνικὸς,
616 911 702 984 καθ
729 911 925 1001 ὑπέρθεσιν
969 915 1039 985 Διὰ
1064 919 1127 1004 γὰρ
1149 917 1211 1005 τὴν

94 1017 286 1102 συυαίρισιν
304 1020 363 1086 τοῦ
382 1045 402 1088 o
421 1017 480 1086 καὶ
500 1043 521 1086 υ
539 1011 748 1113 βαρόυισθαι
766 1009 957 1107 ωφειλεν”
926 1040 1040 1105 ωςπερ
1060 1017 1097 1085 τό
1117 1020 1209 1098 λᾶος,

95 1122 212 1206 κῆρος,
244 1111 345 1206 ἦρος·
376 1111 455 1185 αλλ’
488 1100 685 1200 όξόνεται“
668 1117 797 1202 ομοίως
828 1123 900 1197 τοῖς
928 1119 1211 1203 συγκεκομμένοις

94 1213 239 1304 πατρός,
258 1212 394 1307 μητρός.
437 1217 528 1284 Inter
548 1228 722 1304 utrumque
742 1221 878 1287 fluotuet
895 1219 1096 1306 Apollonius
1113 1220 1209 1306 Synt.

92 1319 154 1387 lv.
178 1319 235 1397 12,
255 1318 330 1385 335.
359 1314 401 1386 οδ
429 1317 522 1399 ξένον
550 1318 621 1386 ἔστι
649 1319 688 1386 τὸ
719 1315 1014 1406 ὖπερβιβάζεσθαι
1041 1318 1086 1389 τὰ
1112 1344 1209 1389 στοι·

94 1418 247 1504 γεῐα”)·
267 1417 310 1486 τὰ
330 1417 393 1506 γὰρ
415 1412 598 1504 όπιιρόσια
621 1416 802 1507 ἀπερείσια
822 1422 880 1489 καὶ
903 1422 998 1508 παρὰ
1020 1422 1061 1488 τό
1083 1418 1167 1507 δόρυ
1187 1414 1209 1508 ἢ

94 1516 216 1606 δόρυος
235 1517 347 1608 γενικὴ
368 1515 425 1587 ὅτε
445 1519 557 1609 φαμὲν
579 1517 717 1606 δουρός,
745 1516 863 1608 γόυυος
883 1517 1009 1607 γουνός.
1042 1512 1150 1610 ”Eupo
1171 1518 1211 1589 ot

93 1619 128 1687 ἐν
149 1622 320 1709 δισταγμῷ
345 1618 393 1708 μὴ
420 1613 490 1703 δι’ρα
512 1624 570 1688 τοῦ
593 1615 736 1706 δόρατος
757 1621 816 1689 καὶ
839 1619 977 1706 γόνατος
1001 1617 1210 1706 εἶσὶουγκοὴ

92 1717 171 1801 παί,
196 1722 239 1788 de
256 1743 324 1807 quo
341 1719 468 1787 dioetur
487 1720 524 1786 in
536 1720 631 1789 Dies.
650 1722 693 1788 de
712 1721 894 1789 metathesi.
938 1722 1042 1807 Quod
1060 1720 1209 1789 Choero-

92 1821 213 1888 boseus
230 1831 341 1887 narret
357 1819 440 1888 Cen.
451 1821 526 1901 387,
539 1823 570 1889 9.
587 1823 763 1891 nonnullos
781 1825 944 1910 genitivos
960 1824 1077 1890 ettioos
1094 1822 1209 1910 κρέως,

93 1920 214 2007 κέρως,
239 1919 349 2008 γήρως
372 1943 413 1987 ex
433 1923 575 2006 κρόατος
596 1934 657 1991 eto.
679 1936 773 1990 ustos
796 1935 911 2012 putare
932 1923 1018 1991 κατὰ
1039 1921 1220 2009 συγκοπήν

93 2027 154 2088 τοῦ
181 2047 203 2089 α
232 2021 375 2091 καὶτοῦ
401 2048 421 2089 τ
448 2023 592 2109 ideoque
621 2048 739 2091 eouere
767 2036 805 2091 ut
831 2020 964 2112 πατρός
990 2034 1052 2090 eto.
1082 2021 1211 2089 silentio

95 2122 384 2213 praetermitterem
412 2124 476 2189 nisi
503 2125 716 2192 Herodianus
735 2127 893 2193 refellere
925 2124 1080 2211 dignutus
1113 2132 1211 2189 esset.

94 2223 151 2289 De
176 2222 241 2289 elio
268 2224 412 2310 genitivo
441 2223 553 2293 Schol.
574 2226 663 2293 uret.
691 2226 734 2292 ad
758 2227 799 2293 Π.
820 2226 886 2292 ΙΧ.
909 2225 984 2292 306.
1012 2224 1151 2292 breviter
1179 2232 1213 2290 et

97 2322 254 2389 obscure:
273 2328 424 2412 ποτῆτος
443 2329 553 2414 ποτῆς
575 2323 612 2394 ἐκ
633 2329 693 2395 τοῦ
714 2324 862 2416 ποιότης
882 2327 1118 2414 συγκέκοπται,
1137 2325 1211 2410 qui-

97 2423 158 2489 bus
181 2422 262 2489 duee
286 2425 465 2491 sententies
487 2427 646 2493 contineri
672 2425 838 2513 suspicor:
866 2426 904 2495 τό
926 2430 1073 2513 ποτῆτος
1093 2421 1116 2512 ἢ
1141 2420 1211 2497 ἀπό

95 2528 155 2612 τῆς
178 2518 317 2604 εόθείος
340 2519 361 2614 ἡ
388 2522 495 2615 ποτής
522 2521 543 2614 ἢ
570 2522 645 2595 ἀντὶ
670 2533 732 2595 τοῦ
751 2522 949 2616 ποιότητος.
992 2524 1049 2591 Ab
1070 2525 1126 2591 illo
1149 2547 1212 2592 no·

94 2624 249 2692 minetivo
268 2625 448 2701 derivatum
465 2627 546 2693 dicit
559 2629 770 2695 Herodianus
788 2629 830 2694 de
841 2626 952 2695 Genit.
971 2649 1083 2714 perag.
1097 2627 1138 2692 Τ.
1146 2626 1212 2693 ΠΙ.

94 2727 168 2793 233.
198 2727 422 2794 consentiente
448 2728 529 2794 EM.
559 2752 591 2816 p.
618 2729 694 2808 136,
718 2731 772 2796 41.
802 2754 835 2817 p.
859 2730 938 2810 382,
963 2729 1017 2796 48.
1047 2730 1144 2816 παρὰ
1172 2726 1212 2798 τὸ

95 2821 197 2915 ἀργός
224 2829 347 2914 γίνεται
381 2824 500 2918 ἀργός,
532 2827 651 2916 τρανός
682 2825 818 2918 τρονής,
849 2828 970 2914 γυμνός
1001 2826 1126 2917 γυμυῆς
1157 2827 1214 2897 καὶ

96 2926 193 3015 παρὰ
212 2926 251 2997 τὸ
271 2924 377 3008 ποιός
399 2926 520 3016 ποτής,
548 2927 645 3009 ἑστός
670 2927 766 3016 ἑστής
795 2927 910 3016 ἐσθής.
960 2931 1057 2996 Haeo
1079 2929 1214 3016 quidem

98 3050 212 3114 perum
233 3029 350 3095 similia
371 3041 466 3107 sunt;
488 3052 551 3096 neo
572 3051 593 3093 ιι
612 3029 730 3106 verbis,
756 3051 841 3114 quae
862 3050 937 3094 oum
959 3026 1034 3095 πόω
1057 3028 1213 3116 componi

96 3140 252 3247 possunt,
274 3130 407 3196 nomina
427 3129 573 3197 feminini
594 3129 724 3215 generis
745 3129 779 3193 in
801 3153 860 3214 της
882 3128 1132 3215 profioisountur
1154 3128 1215 3195 sed

95 3232 130 3296 in
148 3257 202 3311 σις
217 3241 254 3296 ιιι
271 3229 374 3311 πόσις
391 3231 438 3297 eie
453 3227 565 3326 βόοις,
582 3228 693 3311 δόσις,
712 3229 791 3296 vel
781 3252 816 3295 m
834 3255 887 3309 τις
906 3233 1028 3308 πῶτις,
1046 3222 1213 3314 όμπιοτις,

96 3334 198 3412 διῖιτις
216 3333 253 3398 id
274 3342 325 3400 est
345 3328 411 3412 δώς
431 3356 461 3398 v.
475 3332 597 3398 Parell.
614 3331 688 3397 441.
712 3355 824 3399 eorum
843 3343 952 3397 eutem
974 3352 1057 3414 quae
1079 3330 1114 3394 in
1136 3355 1214 3419 στος

97 3443 130 3500 et
150 3459 229 3523 υτης
249 3433 481 3551 terminantur3
508 3434 633 3499 nullum
653 3445 703 3499 est
721 3434 918 3520 bisyllubum
940 3430 1105 3498 Choerob.
1126 3430 1209 3500 Cen.

95 3536 169 3614 352,
190 3538 241 3602 11.
284 3534 397 3603 Nihilo
416 3534 523 3602 secius
544 3534 627 3603 heeo
647 3534 871 3622 interpretatio
892 3532 1101 3618 anteponitur
1122 3533 1213 3601 alteri

96 3636 175 3722 quia
201 3660 322 3704 nomen
350 3630 497 3722 ποιότης
524 3637 706 3703 inauditum
735 3647 786 3702 est
813 3647 847 3702 et
875 3635 1005 3700 omniuo
1035 3634 1213 3702 substanti·

95 3760 211 3804 vorum
232 3740 266 3805 in
283 3760 362 3826 οτης
379 3740 566 3805 exeuntium
582 3739 717 3805 nullum
724 3761 745 3803 a
761 3737 894 3804 nomine
911 3737 1033 3804 verbuli
1053 3748 1090 3803 ut
1108 3733 1215 3816 πότος

95 3839 148 3905 vel
170 3836 276 3919 ποιός
298 3838 458 3925 originem
479 3838 578 3907 hebet
598 3863 629 3906 v.
651 3840 695 3905 ed
715 3841 837 3906 Buttm.
855 3840 930 3906 418.
975 3838 1132 3926 Sequitur
1154 3837 1213 3902 ‹le-

97 3941 199 4005 tivus:
228 3937 268 4008 τὸ
291 3936 406 4008 ow
371 3965 438 4008 ειτε
461 3934 695 4011 &nostrornm
719 3939 786 4010 εἴτε
807 3940 1031 4028 συγκέκοπται
1057 3933 1214 4024 όξυτονη-

167 4178 216 4246 29)
234 4178 305 4233 Post
325 4183 447 4248 στοιχεῖα
466 4177 540 4233 mele
561 4176 665 4248 legitur
686 4176 716 4233 ἔν
738 4176 896 4246 διοιαγμῷ,
921 4189 993 4245 quoe
1018 4172 1105 4227 verbe
1128 4173 1215 4244 poulo

97 4271 162 4335 post
181 4282 232 4318 suo
251 4264 315 4320 loeo
334 4262 427 4335 posite
444 4272 519 4316 sunt.
