2736 4778
170 342 220 419 ιι
276 301 320 400 ᾗ
434 336 438 341 ·
531 335 914 408 nmsssusuron

169 525 325 596 dulcores
344 517 391 603 ὥς
413 520 452 592 τὸ
483 515 607 604 ι’ίξυλος
631 522 710 612 ὅλη,
733 517 820 606 ὁμοῦ
841 517 887 603 ὡς
908 515 1029 607 ἔλογος
1050 519 1107 590 sei
1124 515 1285 613 ἁδελφός,

170 623 273 696 ιιοιιόν
304 619 351 704 aig
378 622 416 691 ad
440 617 620 713 ὄὶφωνοςὸ
654 621 864 711 κακόφωνος,
892 620 1006 710 ὀλίγον
1032 618 1080 701 ὡς
1104 618 1286 712 ἅμαθήςὸ

169 722 390 815 disponentis,
413 717 572 813 ἄθροισιν
584 719 630 805 ὣς
647 725 685 793 τὸ
705 723 807 805 ὅσιος,
829 719 1040 807 πλεονασμόν
1059 719 1105 802 ὡς
1122 724 1161 791 τὸ
1184 719 1285 794 ἔστιν·

169 852 229 916 φις
258 826 355 913 (sio),
382 847 467 911 quae
499 824 617 892 eodem
643 825 711 893 lere
740 825 841 893 modo
865 826 1018 912 legsmtur
1044 825 1080 891 in
1106 825 1186 895 EM.
1205 828 1284 906 141,

155 930 220 998 ’52
244 927 285 996 el.
303 929 397 995 Bast.
419 926 464 992 ad
485 926 587 1014 Greg.
608 927 671 995 892
692 950 742 1015 sq.
784 928 1016 996 Pleonasmum
1035 928 1111 1013 juro
1136 939 1284 1015 praetcr-

167 1031 300 1098 mittunt
328 1028 469 1096 Photius
496 1051 524 1096 a.
546 1025 595 1096 ³A.
618 1028 760 1098 Glossao
779 1029 922 1119 Apionis
951 1052 984 1116 p.
1010 1027 1085 1097 601.
1113 1041 1147 1097 et
1170 1029 1283 1101 schot.

167 1133 309 1219 Dionys.
331 1151 364 1218 p.
387 1129 459 1197 808.
483 1129 629 1218 quirem
650 1132 693 1198 ad
714 1143 855 1219 quatuor
871 1130 1128 1217 significationes
1142 1144 1283 1211 revocat,

167 1232 332 1321 στέρησιν,
355 1230 517 1310 ἐπίτασιν,
539 1226 636 1314 ὁμοῦ,
657 1232 775 1302 arado·
800 1233 953 1320 quinque
973 1244 1123 1299 numerat
1141 1234 1283 1322 Apollo·

167 1334 243 1401 nius
269 1334 304 1400 in
324 1333 409 1400 Lex.
439 1355 465 1400 s.
491 1327 543 1399 Ἀ.
575 1333 687 1401 addito
713 1339 760 1424 τῷ
791 1333 860 1416 σόν,
889 1335 980 1422 quod
1000 1333 1085 1401 nihil
1111 1335 1221 1403 differt
1241 1335 1283 1403 ab

168 1432 273 1519 ὁμοῦ,
308 1445 342 1502 et
376 1432 452 1502 huie
478 1434 576 1505 stiam
611 1435 792 1521 subjectum
826 1448 875 1503 est
901 1437 940 1504 τὸ
969 1432 1043 1504 ἴσον
1072 1436 1127 1504 καὶ
1155 1435 1283 1522 ὅμοιον,

168 1536 445 1626 quemadmodum
475 1536 513 1604 τὸ
537 1532 650 1624 ὀλίγον
671 1548 703 1604 et
724 1538 762 1607 τὰ
794 1535 896 1606 καινόν
924 1561 945 1603 a
973 1537 1157 1625 privatione
1183 1561 1281 1628 scpa-

166 1640 232 1707 rari
253 1662 322 1706 non
344 1637 539 1725 detentu).
587 1639 719 1706 Etenim
747 1640 843 1706 nimis
870 1638 1030 1705 subtiliter
1057 1638 1206 1707 Galenus
1226 1640 1282 1707 De

168 1743 278 1829 dogm.
300 1740 408 1828 Hipp.
430 1750 465 1806 et
482 1739 569 1806 Plat.
593 1740 655 1808 IV.
677 1742 709 1809 4.
741 1765 774 1829 p.
802 1741 867 1808 380
896 1764 948 1827 sq.
976 1741 1018 1807 T.
1039 1742 1101 1809 IV.
1126 1741 1282 1808 adversus

168 1865 209 1911 ea
238 1842 411 1930 disputans
445 1863 531 1926 quae
564 1839 772 1930 Chrysippus
803 1843 837 1909 in
869 1841 952 1910 libro
986 1841 1066 1930 νιιρὶ
1096 1840 1283 1930 στορήστων

167 1945 358 2035 scripserat,
387 1944 541 2031 στέρησιν
569 1965 642 2011 esse
671 1944 751 2011 dicit
770 1945 798 2011 si
820 1944 928 2032 pisces
957 1937 1089 2031 dipsacos
1115 1954 1281 2022 vocentur,

166 2047 314 2116 solamon
341 2067 420 2114 varo
449 2044 478 2112 si
506 2056 622 2114 cantor
648 2045 700 2112 vel
730 2067 868 2134 praeco,
897 2055 930 2110 et
956 2043 1021 2111 hoc
1051 2043 1150 2116 modo
1180 2065 1282 2134 saepo

166 2149 318 2237 usurpari
347 2143 482 2229 ἀχίτων,
510 2141 633 2229 ὅσους,
665 2143 777 2237 ι’ἰχιιρ,
809 2146 961 2214 nimirum
991 2145 1038 2212 sio
1059 2155 1183 2213 utnon
1205 2167 1282 2235 per·

165 2250 253 2316 lecta
288 2247 449 2314 indicetur
482 2246 639 2315 detractio
676 2250 736 2316 sed
766 2251 986 2336 παρέμφασις
1026 2252 1087 2316 τοῦ
1116 2243 1283 2328 εἰωθότος

168 2346 317 2436 Simplio.
337 2347 373 2413 in
386 2346 489 2414 Arist.
503 2346 619 2434 Categ.
642 2369 675 2432 p.
699 2347 771 2412 100.
787 2351 830 2413 A.
850 2348 1004 2433 (Brendis
1021 2346 1134 2416 Sobel.
1152 2370 1186 2436 p.
1202 2349 1281 2436 dd).

167 2449 225 2518 Sic
251 2449 350 2516 etiam
372 2441 534 2515 Proculus
561 2449 596 2514 in
620 2445 743 2533 Cratyl.
771 2470 804 2534 p.
823 2449 877 2515 44.
910 2448 963 2515 ed
986 2449 1095 2517 Boiss.
1117 2449 1282 2521 hominem

167 2551 358 2618 indisertum
392 2544 529 2638 dipteron
559 2560 592 2614 et
620 2548 792 2616 socordem
813 2542 974 2636 ἀκάρδιον
993 2551 1105 2619 vocari
1127 2552 1174 2618 ait
1197 2548 1280 2623 καθ’

166 2646 366 2740 ὑπερβολήν,
389 2662 422 2716 ct
438 2650 538 2718 Tales
550 2650 643 2719 Stob.
661 2650 750 2719 Flor.
776 2650 902 2721 CVIII.
921 2651 973 2719 83.
989 2652 1063 2719 577.
1081 2652 1140 2721 τὸν
1156 2644 1282 2725 dulso-

167 2775 227 2837 ρον
245 2749 331 2834 ἔχειν
351 2751 412 2835 μὲν
433 2751 545 2840 φαμὲν
565 2752 722 2841 πλευράς,
742 2753 918 2843 μοχθηρὰς
939 2754 986 2823 δέ.
1030 2754 1086 2823 sie
1108 2747 1282 2844 σ’ἰντρηιιτος

168 2851 281 2920 Sohol.
310 2852 425 2940 Apoll.
453 2852 482 2919 Ι.
512 2852 585 2919 246.
616 2852 846 2942 interpretamur
874 2852 1091 2940 σύςπρσιιτος,
1120 2848 1282 2946 &tempor

167 2952 247 3024 Sch.
268 2952 321 3021 ul.
341 2953 416 3021 492.
439 2951 643 3043 δύςλειιιρος,
666 2949 838 3040 ἄγλωσσος
859 2953 936 3024 Soh.
962 2955 1083 3022 Traeh.
1107 2955 1200 3024 1060.
1223 2983 1282 3026 so-

168 3052 376 3141 ιιόγλωσσος,
410 3049 611 3139 ἇβάνχιιιτος
645 3056 724 3126 Soh.
757 3056 866 3123 Orest.
897 3056 970 3124 309.
1008 3055 1281 3143 καισβάνχιστσς.

167 3155 382 3246 Hyperbolae
407 3166 525 3234 autem,
548 3178 646 3241 quam
666 3159 828 3226 Proculus
849 3158 941 3238 dicit,
973 3159 1136 3227 contraria
1158 3170 1210 3226 est
1229 3170 1280 3226 at·

165 3258 313 3327 tenuatio
344 3256 522 3340 ιλοςόμοιος
548 3280 608 3345 pro
632 3256 790 3340 ἀνόμοιος
815 3260 906 3346 apud
927 3261 1064 3328 Strattin
1086 3260 1181 3330 Suid.
1206 3263 1281 3340 dvc·

167 3358 296 3438 άλωτος
317 3359 422 3449 Soph.
447 3358 535 3440 Qed.
558 3358 600 3426 Τ.
623 3359 714 3425 1723.
737 3381 798 3446 pro
819 3353 988 3439 ἀνάλωτος
1012 3373 1050 3429 ut
1069 3362 1190 3450 βραχύ,
1211 3356 1280 3431 ὀλί-

165 3487 224 3550 γον
253 3472 286 3526 et
313 3459 434 3551 μικρόν
464 3459 582 3526 dieitur
606 3482 667 3547 pro
689 3454 800 3557 oridia.
836 3459 927 3546 Ergo
949 3473 1041 3548 patet
1060 3465 1098 3531 τὸ
1124 3461 1226 3532 ιισιιόι
1247 3474 1281 3532 et

165 3561 282 3652 ὀλίγον
308 3587 377 3632 non
404 3584 477 3630 esse
509 3562 661 3650 proprias
686 3565 746 3629 τοῦ
775 3587 797 3628 οι
823 3559 1075 3646 significationes
1098 3566 1157 3632 sed
1178 3565 1280 3653 perti-

166 3688 245 3736 nere
267 3666 311 3732 ad
335 3663 579 3733 detractionem.
622 3663 685 3731 His
711 3671 819 3728 autem
840 3663 982 3731 remissis
1005 3676 1069 3733 tres
1090 3666 1279 3753 relinquun-

166 3781 219 3838 tur
249 3766 351 3855 alpha
379 3764 605 3853 significabilia
632 3763 775 3850 speeies,
803 3761 1011 3850 privativum,
1036 3767 1227 3836 intentivum
1248 3779 1282 3837 ot

168 3870 406 3960 copulativum,
444 3888 582 3953 quorum
612 3865 782 3952 multiplex
817 3875 867 3929 est
897 3878 929 3931 et
956 3866 1039 3933 inter
1072 3892 1108 3935 so
1142 3881 1176 3936 et
1206 3893 1281 3937 eum

167 3965 368 4061 prosthetioo
394 3967 558 4054 contagio.
603 3965 658 4034 Sic
684 3963 794 4033 Schol.
820 3964 859 4030 Il.
882 3966 984 4034 XIII.
1005 3969 1057 4034 41.
1081 3964 1230 4059 ὄβριμος
1249 3983 1282 4039 et

219 4143 267 4211 2³)
277 4142 421 4214 meopte
434 4140 471 4196 ll.
485 4137 530 4192 Pl.
543 4137 566 4193 Ι.
579 4136 605 4188 0.
624 4135 695 4204 (13.)
708 4136 731 4187 l.
748 4128 834 4197 ἅνοζιι
848 4137 921 4204 λίγιι
934 4133 985 4206 σιἰχ
997 4134 1064 4192 ὥστε
1076 4137 1114 4211 μὴ
1127 4139 1201 4212 Ιχειν
1211 4138 1281 4205 ὅλως

165 4224 244 4292 itone
259 4225 321 4282 ἀλλ’
342 4225 411 4284 dors
428 4225 539 4297 ὀλίγοις
561 4223 642 4295 ἔχειν.
678 4217 733 4274 Sic
750 4219 926 4274 tlltteratom
941 4218 1069 4276 aram
1086 4240 1144 4279 ιισνι
1160 4244 1198 4281 ιιι
1216 4234 1278 4283 toto

167 4313 271 4379 νιιιίιιιι
289 4312 342 4375 red
360 4312 402 4372 ad
420 4313 544 4377 altram
563 4309 683 4374 litterar
697 4321 757 4361 ιιοιι
768 4304 945 4386 perdoctum
955 4306 1065 4367 Ssosea
1075 4310 1174 4370 Bonas.
1189 4312 1223 4369 V.
1237 4315 1277 4371 1³.
