2736 4778
168 361 234 427 DE
255 359 524 429 PROSTHESI
544 358 608 423 ΕΤ
629 359 892 427 APHAERESI.
925 356 965 424 C.
980 357 1059 426 VII·
1113 360 1186 433 107

71 537 213 626 ὅποβος
234 542 475 629 significatione
493 539 694 624 aliquantum
711 539 808 603 simili
821 562 851 603 v.
866 540 967 606 Proll
985 541 1058 606 286.
1092 540 1183 607 Gen-

70 642 207 707 tilicium
234 647 437 726 Κοροιιαῖος
465 664 485 705 a
503 639 668 706 nonnullis
687 634 875 724 Ὀροααῖος
898 640 962 705 dici
984 639 1057 707 κατ’
1080 639 1185 708 illst·

69 755 134 823 ψικ
154 746 215 810 τοῦ
237 730 264 806 κ’
281 739 470 826 Stephanus
490 751 636 806 testatur.
679 736 817 825 Duplici
838 738 1015 805 mutatione
1036 740 1185 807 affectum

71 841 190 907 dieitur
206 838 290 925 ὖβός
311 836 381 909 ἀπὸ
404 846 462 908 τοῦ
481 838 590 928 κνφός
610 836 768 926 ἀποβολῇ
788 843 850 904 τοῦ
868 827 894 902 κ
914 839 972 906 καὶ
994 844 1105 928 τροπῇ
1127 846 1185 906 τοῦ

70 927 109 1029 ᾧ·
126 929 225 1025 ιαμ
255 940 366 1008 schor.
389 940 528 1008 mesor.
551 943 594 1008 v.
614 941 667 1005 43.
688 939 770 1004 nu.
797 938 869 1018 ιιι,
890 939 920 1003 s.
944 961 1084 1024 quorum
1106 938 1187 1003 uus

70 1041 240 1124 antiquius
275 1052 325 1106 est
356 1052 388 1106 et
415 1040 632 1126 frequentius,
664 1061 725 1106 nec
754 1049 862 1104 tamen
890 1039 1089 1125 primitivum
1115 1063 1187 1105 esse

72 1141 296 1206 contenderim
316 1142 366 1207 vel
388 1141 484 1228 hujus
511 1140 661 1226 adjectivi
686 1139 738 1205 vel
768 1150 948 1206 ceterorum
970 1141 1089 1226 quibus
1112 1165 1185 1208 cor-

70 1263 156 1326 pora
182 1242 346 1308 incurvata
375 1254 408 1307 et
432 1265 568 1309 recurva
589 1240 828 1326 significantur:
856 1237 957 1325 ὑβούς
978 1243 1035 1311 καὶ
1056 1241 1186 1333 κοφούς

64 1337 292 1429 Ἱπποκράτης
319 1338 476 1428 ὀνομάζει
504 1335 563 1421 οὓς
590 1339 713 1420 πάντες
740 1339 773 1409 oi
802 1347 857 1409 νῦν
878 1338 1059 1428 ἅνθρωποι
1081 1371 1184 1431 προς-

67 1439 267 1526 αγοοιύοοοι
293 1441 448 1528 κυριούς·
476 1448 524 1529 τῷ
551 1441 613 1527 μὲν
634 1435 692 1508 οὖν
715 1448 825 1529 nuptui
846 1442 884 1509 τὸ
907 1446 1020 1511 κοῖλον
1043 1441 1184 1512 ἀντικει-

66 1543 176 1624 μένως
204 1545 348 1627 λέγεται,
380 1549 428 1631 spi
459 1539 529 1629 ὑβῷ
562 1543 598 1608 δὲ
632 1542 689 1620 καὶ
719 1548 815 1630 arripui
841 1543 879 1610 τὸ
916 1543 1038 1629 λορόόν
1067 1546 1182 1613 Galen.

68 1641 198 1709 Comm.
221 1644 258 1709 in
279 1644 409 1730 Aphor.
431 1643 484 1709 46.
508 1666 541 1729 p.
567 1643 618 1708 74.
646 1643 687 1708 Τ.
704 1644 839 1711 XVIII.
854 1644 895 1710 P.
911 1644 939 1709 Ι.
973 1644 1042 1712 Sed
1063 1647 1185 1734 λορόός

68 1766 201 1829 quoque
229 1745 392 1811 interdum
419 1768 488 1810 non
515 1733 696 1831 repandum
730 1744 791 1810 sed
822 1745 991 1812 incurvum
1011 1747 1182 1834 significat.

66 1845 146 1910 Alia
171 1846 332 1931 quosdam
359 1846 603 1933 Glossographi
638 1846 759 1912 omissa
785 1847 1012 1934 designatione
1040 1853 1182 1916 auctoris

67 1947 261 2013 retulerunt:
276 1942 368 2030 ’Ίχλα
390 1942 410 2035 ἡ
435 1947 530 2028 κέχλα
553 1946 645 2014 Suid.
675 1947 738 2011 nisi
768 1948 823 2013 illo
849 1951 981 2016 nomine
1003 1953 1114 2036 potius
1138 1954 1182 2016 si·

66 2048 243 2135 gnificatur
264 2049 392 2134 species
414 2047 512 2124 turdi,
537 2069 622 2131 quae
641 2047 739 2110 etiam
760 2043 855 2125 ὶλλάς
872 2059 904 2113 et
922 2050 1023 2127 ιολάς
1037 2064 1183 2128 vocatum

67 2147 214 2233 Κόγχναι
245 2146 280 2215 oi
307 2145 422 2233 ὄγχναι
448 2150 530 2213 Hes.
558 2147 712 2230 idemque
735 2143 875 2234 'lvdpsto
903 2148 1043 2236 ἐμύριτο
1071 2151 1106 2215 id
1136 2165 1185 2217 est

66 2249 224 2334 μινὺοιιο
244 2250 297 2315 vel
321 2246 482 2337 κινύρετο,
504 2248 595 2334 quod
615 2249 725 2334 ipsum
751 2248 888 2315 Vossius
907 2249 970 2315 hoc
991 2251 1064 2317 loeo
1086 2255 1181 2318 resti·

66 2350 225 2415 tuendum
252 2361 365 2436 putat,
396 2371 457 2416 nec
483 2350 705 2437 suspicionem
730 2348 915 2435 effugerunt
929 2348 1104 2439 Ἠληθμός
1127 2383 1182 2441 κη-

66 2450 216 2540 spurcos,
244 2445 345 2515 Ἦλον
370 2452 657 2530 κατακεκαυμένον
679 2446 804 2533 λαγνόν,
827 2451 883 2515 οιιῖ
902 2451 1056 2516 Reiskius
1083 2457 1183 2540 κῆλον

66 2551 203 2639 (spida)
225 2550 392 2617 substituit
412 2552 547 2616 alterum
566 2552 888 2637 interpretamentum
906 2552 949 2616 ad
971 2552 1080 2639 κήλων
1098 2555 1181 2618 reie-
1219 2573 1223 2577 ’
1264 2556 1268 2566 '
1345 2648 1347 2655 y

65 2657 217 2738 rsus¹⁹).
268 2652 354 2719 Cum
385 2649 498 2738 Κηλός
522 2649 623 2737 ξηρός
652 2663 837 2737 congruunt
859 2654 1033 2722 Καοολέον
1059 2649 1081 2743 ἢ
1103 2679 1183 2722 κου-

65 2758 147 2832 alic
173 2754 212 2821 ιὸ
242 2752 529 2836 κατακεκαυμένον
554 2750 707 2837 καπυρόν
734 2749 835 2840 ξηρόν
857 2765 890 2818 et
910 2755 1093 2840 xoyxols'ov
1114 2758 1182 2821 sive

63 2855 239 2940 κάγκανον,
255 2876 340 2938 quae
356 2852 474 2918 eodem
489 2852 588 2918 modo
604 2852 842 2938 interpretatur,
863 2872 972 2940 neque
992 2857 1080 2920 aliud
1098 2859 1183 2923 valet

65 2953 226 3033 αὐαλέος,
257 2954 347 3038 quod
370 2954 414 3018 ad
438 2948 527 3037 ,ἀλέα
558 2957 646 3021 culo-r
667 2955 816 3030 inclinat3
844 2955 982 3040 ipsaque
1009 2957 1108 3022 verba
1130 2957 1181 3023 his

64 3056 312 3147 praecurrentia
341 3054 425 3122 καέιο
458 3054 526 3118 sive
549 3054 633 3121 ὀαίιο
658 3066 691 3119 et
712 3049 800 3131 oiim,
831 3055 892 3118 etsi
911 3078 1078 3139 nunquam
1098 3059 1183 3122 inter

64 3184 102 3229 se
117 3157 310 3227 commutari
325 3167 474 3243 possunt,
491 3166 598 3220 tamen
613 3155 772 3220 hactenus
788 3152 964 3220 cohaerent
980 3156 1070 3238 quod
1081 3157 1181 3223 altero

64 3261 264 3327 antecedens
305 3257 522 3342 significatur,
563 3256 664 3321 altero
706 3277 921 3339 consequens.
979 3256 1050 3322 Nec
1086 3259 1184 3323 refert

63 3376 175 3430 utrum
201 3358 284 3429 ἀλέα
312 3359 400 3424 calor
421 3381 441 3422 a
464 3356 547 3425 καίιο
571 3357 748 3422 derivatum
771 3357 872 3421 sitan
894 3369 931 3422 ut
952 3359 1031 3423 EM.
1054 3357 1106 3437 58,
1128 3362 1180 3426 39.

64 3463 136 3534 ἀπὸ
165 3467 224 3533 τοῦ
253 3461 354 3537 duim,
382 3460 470 3524 unde
493 3454 636 3524 Δαιινόν
663 3457 825 3542 καύσιμον
852 3470 885 3524 et
913 3458 1052 3547 Δαηρόν
1081 3460 1183 3549 ξηρόν

62 3561 289 3652 καοματηρόν.
344 3558 536 3627 Camarinae
568 3581 688 3625 nomen
722 3559 935 3646 probabiliter
964 3559 1004 3625 ab
1036 3555 1181 3650 ἇμάραις

63 3670 132 3736 sive
154 3663 323 3733 canalibus
345 3661 512 3753 repetitur,
534 3683 617 3745 quae
638 3683 738 3747 saepe
759 3662 945 3728 formicatae
969 3673 1045 3727 sunt
1064 3675 1101 3729 ut
1122 3690 1181 3732 κα-

61 3770 173 3860 μάοοι
202 3791 233 3834 u.
254 3766 357 3832 Proll.
383 3765 457 3831 223.
481 3773 513 3828 ct
534 3762 607 3829 255.
632 3761 731 3842 Κίλιξ
749 3767 831 3844 βοῦς
855 3761 893 3828 τὸ
917 3761 952 3831 ἓν
973 3765 1073 3852 κέρας
1098 3762 1179 3833 ἄντε-

63 3871 274 3963 στραμμένον
296 3864 378 3951 ἔχων
392 3867 475 3932 Ηοι.
494 3864 538 3930 ad
554 3861 625 3944 ἕλιξ
638 3862 749 3929 referri
766 3874 893 3950 potest3
910 3860 1016 3942 Ἰσκός
1038 3866 1181 3949 κλέπτης

63 4037 401 4059 --,,,......-..

135 4144 178 4207 19)
197 4135 376 4194 Manifestius
393 4143 513 4209 peccant
524 4130 612 4208 ”Apus
630 4131 662 4189 sd
680 4129 863 4209 ἡρακλιωιικὰ
877 4128 967 4203 κάρυα
984 4124 1181 4202 οιἜνανδροκ

62 4226 146 4285 κενὸν
165 4225 286 4300 ἀνδρῶν.
