2736 4778
185 355 235 431 20
552 347 872 426 mssssrnuro
901 352 931 425 1.
1053 348 1056 352 ’
1127 348 1133 353 ’
1161 349 1182 355 ”
1213 355 1221 415 .’

185 534 421 630 proprietatem
452 535 524 608 soni
553 534 694 632 pertinet
724 543 809 610 sicut
836 537 1018 631 interjectio
1049 543 1125 633 ipse
1159 539 1303 614 senetur

185 665 247 731 pro
278 642 397 710 effectu
423 637 599 732 loquentis,
620 635 664 723 tl(
687 642 710 712 li
722 641 755 713 't
779 656 812 712 et
833 640 865 715 ἆ.
909 647 997 713 Tum
1018 647 1180 732 adjective
1197 671 1300 734 quse·

186 744 264 810 dom
276 746 421 832 poetice:
434 740 751 834 ἂάσχετον-ελρηται
765 743 839 815 κατ’
854 746 1033 815 lassesco
1043 749 1202 835 Apellen.
1216 750 1301 818 Lex.

116 872 119 876 ’
185 845 330 913 Zonaras
360 847 587 934 pleonssmum
614 842 727 928 vocet,
755 847 949 915 Euststhius
969 869 1046 914 vero
1076 848 1157 928 618,
1186 850 1240 916 38.
1262 851 1301 918 τὸ

183 946 246 1029 μὲν
267 937 444 1033 πρῶτσνα
471 949 645 1026 ἐπιτείνει,
681 950 720 1017 τὸ
754 950 792 1019 δι’
823 947 978 1035 δεύτερον
1003 957 1129 1036 στερεῖ,
1168 951 1302 1037 duoque

185 1048 304 1132 Quinti
317 1049 488 1135 Smyrnaei
510 1051 645 1138 propris
661 1046 831 1132 ἆάπλετος
848 1061 883 1117 et
901 1045 1072 1129 ἆάσπετος
1088 1073 1118 1116 v.
1137 1052 1301 1141 Spitrner.

188 1149 349 1219 Observv.
370 1174 404 1238 p.
427 1151 457 1216 l.
486 1163 518 1217 et
545 1161 696 1237 quartum
716 1153 787 1218 sine
807 1163 940 1218 auctore
962 1151 1115 1218 traditum
1136 1148 1303 1236 ἆάθιντος

187 1246 260 1318 ἇντλ
287 1257 347 1320 τοῦ
375 1247 518 1331 ἄθικτος
547 1255 748 1342 πλεονασμῷ
768 1259 829 1323 τοῦ
859 1255 1016 1339 δευτέρου
1045 1241 1174 1321 αΕΜ.
1203 1257 1240 1334 1,
1270 1256 1301 1321 λ.

185 1373 285 1440 quern
311 1354 421 1420 locum
450 1377 471 1420 ε
497 1352 674 1441 Sylburgio
705 1355 860 1422 asterisco
887 1365 1036 1421 notatum
1064 1355 1174 1422 omisit
1202 1357 1302 1425 Gnis-

186 1454 319 1533 lordus3
341 1455 382 1522 de
400 1456 620 1543 geminatione
641 1455 748 1523 brevis
770 1457 871 1544 olphe
891 1457 1017 1534 dicetur
1033 1456 1121 1524 alibi.
1163 1459 1303 1526 Iduum

187 1557 260 1624 eliis
279 1556 448 1624 vocatibus
463 1558 684 1646 antepositum
701 1559 753 1637 sit,
772 1581 839 1625 non
857 1570 980 1626 certum
999 1569 1141 1637 constst3
1167 1560 1303 1627 dubium

188 1658 274 1724 enim
295 1669 346 1724 est
367 1654 471 1727 ἅειλῶ
492 1661 560 1725 sive
578 1655 692 1738 ἆΐλλιε,
719 1662 760 1726 de
779 1683 845 1747 quo
864 1662 1019 1747 loquutus
1036 1683 1109 1728 sum
1124 1661 1159 1726 in
1176 1662 1302 1729 Techn.

189 1763 261 1829 113.
292 1772 325 1828 et
340 1757 466 1845 ’Ἀοζος
494 1757 674 1848 θεράπων,
706 1756 818 1844 Ὀζεία
851 1763 1025 1850 θεραπεία
1051 1764 1134 1829 Ηεε.
1165 1774 1199 1829 et
1228 1762 1302 1841 slii3

186 1864 276 1932 unde
298 1863 448 1950 quaestio
471 1862 615 1928 nuscitur
636 1871 743 1927 utrum
765 1856 842 1945 ἷίζος
863 1854 990 1950 ’Ἄρηος
1013 1864 1132 1956 Martis
1154 1863 1304 1930 subolem

83 1973 85 1975 ’
187 1965 350 2054 significet
388 1965 443 2046 sic
469 1975 506 2029 ut
541 1962 639 2029 homo
675 1962 824 2029 amabilis
854 1963 1011 2051 Χαρίτων
1035 1964 1142 2054 φατόν
1168 1976 1305 2033 vocatur

187 2067 328 2135 Theocr.
353 2065 525 2136 XXVIII.
554 2067 583 2133 t.
617 2075 651 2132 et
678 2064 757 2131 olibi
785 2063 960 2150 Κύπριδος
988 2060 1084 2153 ἔρνος
1108 2067 1160 2133 vel
1183 2066 1303 2148 θάλος,

187 2191 229 2234 sn
256 2170 455 2247 ministrum,
487 2168 545 2253 qui
567 2169 664 2234 etiam
692 2163 773 2250 ὄζος
801 2166 920 2232 dicitur
946 2187 968 2232 e
984 2167 1084 2235 verbo
1113 2167 1238 2251 ἅζομαι
1266 2179 1305 2235 ut

187 2269 518 2357 Schweighsueserus
547 2270 732 2356 suspicetur
760 2269 804 2332 ad
832 2268 955 2335 Athen.
982 2269 1023 2335 Τ.
1048 2269 1114 2336 ΙΠ.
1139 2269 1303 2337 bib-nec

188 2371 354 2438 dissimilis
389 2380 440 2436 est
472 2369 691 2436 inconstantia
724 2368 865 2435 nominis
902 2371 1016 2458 eodem
1043 2370 1110 2437 iere
1139 2382 1304 2458 potestate

186 2474 327 2563 praediti
354 2467 541 2559 ἀοσσητήρ,
567 2468 744 2559 ἒοσσητήρ,
773 2461 930 2569 ὀσσητήρ.
958 2508 1001 2525 ···
1024 2463 1125 2559 Ὠρος
1153 2468 1172 2539 ὃ
1198 2470 1304 2553 ὕπνος

187 2576 244 2643 καλ
266 2571 380 2660 ὄῖωρος
401 2572 485 2642 κατὰ
509 2570 719 2656 πλεονασμὸν
740 2575 800 2639 τοῦ
816 2597 838 2638 α
850 2571 953 2658 μηδὲν
968 2573 1072 2641 πλέον
1085 2572 1304 2661 σημαίνοντος

187 2676 268 2744 ΕΜ.
281 2676 375 2742 1175.
397 2673 528 2762 quodsi
544 2672 585 2739 ab
606 2666 657 2741 ἕω
676 2674 714 2741 τὸ
730 2674 820 2742 πνέω
835 2683 1055 2761 propagatum
1069 2677 1192 2762 estu),
1214 2677 1303 2742 unde

188 2777 322 2844 verbum
344 2772 465 2846 ἀωτεῑν
485 2785 653 2863 repetunt,
676 2774 858 2862 pleonasmi
880 2775 1007 2862 species
1033 2776 1165 2843 tollitur.

272 2880 336 2945 His
359 2879 554 2946 enumeratis
579 2877 644 2943 duo
671 2886 847 2964 supersunt
872 2878 916 2941 sd
940 2879 1145 2944 tractandum
1169 2900 1302 2967 genero.

187 2981 300 3047 Unum
322 2993 373 3048 est
396 3001 615 3067 eorumquae
644 2990 773 3067 praeter
801 2977 902 3065 alpha
929 3000 1038 3043 unom-
1051 2979 1173 3047 dussve
1191 2980 1303 3048 literas

189 3083 361 3151 dissimiles
390 3082 513 3150 hebent
539 3103 600 3149 nec
627 3093 736 3147 tomen
756 3080 884 3146 diversa
903 3080 1069 3146 videntum
1100 3087 1221 3167 χειρῶν
1242 3078 1304 3172 ἠδὲ

171 3190 304 3254 ’ποδῶν
335 3181 544 3272 ἆιιινόγματα
571 3181 612 3252 τὰ
646 3177 881 3281 cavernoso-l}
910 3180 1075 3280 κινήματα
1101 3186 1303 3272 πλεονασμῷ

187 3291 247 3353 τοῦ
275 3276 301 3354 ἆ
328 3285 384 3357 καὶ
412 3290 472 3354 τοῦ
498 3274 523 3372 γ
546 3284 602 3352 καὶ
620 3287 731 3372 τροπῇ
753 3287 814 3348 τοῦ
834 3310 855 3369 η
876 3279 926 3362 εἷς
946 3309 968 3350 α
992 3283 1073 3350 ΕΜ.
1092 3285 1146 3361 48,
1168 3283 1221 3349 39.
1244 3285 1304 3371 qui

186 3387 250 3453 nisi
274 3407 406 3474 gravem
427 3386 560 3453 oitssset
580 3394 696 3450 testem
713 3383 951 3463 Herodianum,
971 3406 1039 3449 non
1062 3385 1202 3452 difficilis
1219 3385 1305 3452 foret

189 3490 345 3556 eorrectio
390 3490 572 3574 ιιινύγματα
603 3486 654 3551 vel
696 3480 918 3571 ἀμαρύγματα
954 3496 991 3552 ut
1022 3488 1187 3553 Homerus
1221 3487 1305 3553 dixit

188 3594 304 3661 ποδῶν
325 3586 504 3679 ἀμαρυγαί.
548 3588 617 3657 Sed
639 3585 760 3674 scripto
787 3588 991 3674 suppetiatur
1005 3588 1193 3676 Hesychius
1209 3584 1303 3657 Ἀνιλ-

187 3716 312 3779 ναγμος
333 3688 489 3777 τιναγμός
511 3689 636 3777 κίνησις
651 3689 704 3773 Η)
730 3698 764 3754 et
784 3691 988 3776 correptione
1011 3691 1128 3757 eadem
1148 3690 1302 3759 affectum

260 3896 305 3965 ll)
318 3892 366 3950 Sic
377 3910 394 3948 s
404 3897 515 3966 θεῶμαι
526 3893 557 3949 fit
567 3889 674 3966 θεωρός
684 3892 704 3948 i.
717 3909 746 3963 q.
756 3884 863 3959 θεατής,
880 3891 925 3948 cui
933 3895 1058 3967 ιινέαιρσν
1068 3892 1187 3966 opposui
1196 3894 1301 3953 Psrnll.

188 3984 230 4037 81.
267 3980 325 4037 Pro
349 3985 459 4053 καιρία,
484 3982 561 4051 quod
583 3979 612 4034 in
631 3977 716 4036 ΤΙιεε.
739 3976 956 4048 eThecgnosto
976 3977 1102 4047 effertur,
1122 3980 1304 4040 scribendum

188 4076 232 4123 m
246 4072 420 4221 {hleibida
434 4159 462 4207 et
476 4151 541 4206 ΕΜ.
558 4147 714 4224 ἀμάρυγμα
730 4149 824 4206 multis
842 4148 1002 4206 nominibus
1021 4160 1168 4226 exponunt
1184 4149 1304 4227 φόρημα

189 4240 307 4296 εἴδωλον
328 4242 456 4308 αἴθυγμα
478 4243 583 4306 κίνησις
606 4245 635 4292 et
661 4239 739 4308 quod
760 4235 917 4308 Aeschylus
939 4234 1011 4293 dixit
1033 4241 1160 4313 αλθέριον
1177 4244 1303 4313 κλνυγμα

189 4322 352 4380 Euststhius
371 4320 494 4399 explicet
512 4327 639 4399 αἰθέριον
656 4325 780 4382 εἴδωλον.
819 4323 873 4379 Ρτο
893 4312 1009 4400 φόρημα
1029 4324 1088 4382 illic
1105 4326 1310 4407 reponendum*
