2736 4778
223 321 280 388 DE
303 319 553 403 sidunensi,
576 317 780 386 DIAERESI
802 324 861 386 etc.
894 319 965 386 P.L
987 318 1074 386 Μ
1170 318 1211 384 33

77 505 168 571 ¹gum
194 504 264 553 esse
292 486 460 569 propriam.
514 484 720 568 Eandemque
749 500 820 549 esse
846 484 1027 550 mensuram
1053 481 1147 568 ypsili
1179 482 1212 548 in

92 589 270 656 nominibus
302 589 423 672 primae
453 586 671 654 declinationis
694 588 891 671 cognoscitur
924 606 963 653 er
985 585 1120 653 Charisii
1142 605 1212 653 ver-

93 693 180 760 bisI
210 695 278 761 c.2
306 690 378 775 p.3
412 688 466 772 „oi
496 690 632 754 vocalem
659 689 778 755 breuem
800 688 942 775 sequitur
968 692 986 761 ε’
1006 689 1114 772 lo'tera,
1147 689 1212 754 oc‘ce

93 795 293 861 concorrentis
308 792 421 880 potita
438 803 498 856 eat:
519 791 698 881 Harpyje“,
722 812 784 876 quo
806 793 948 876 exemplo
970 793 1068 859 ceteri
1089 809 1213 875 quoque

93 896 331 966 Institutionum
347 897 622 979 grammaticarum
638 901 782 963 auctores
805 902 946 963 utuntur.
972 896 1093 979 Hisque
1105 913 1213 961 essen·

93 989 208 1068 tientes
230 1001 331 1085 ypsilo
352 1000 486 1066 nominis
500 1005 582 1084 μυῖα
604 1018 666 1065 non
688 999 834 1066 lineolam
856 1001 1044 1084 imponimus
1056 1004 1093 1066 ut
1104 998 1213 1065 Thier·
1301 990 1310 999 ’

94 1104 199 1171 setius
222 1106 248 1191 ς.
274 1104 322 1171 15.
344 1103 375 1185 2,
398 1105 454 1171 sed
475 1103 617 1171 lunulam
638 1102 803 1170 brevitatis
825 1104 980 1172 indicem

577 1446 662 1532 Cap.
690 1447 731 1513 11.

368 1614 424 1691 De
450 1612 692 1719 diphthongis
720 1612 948 1716 impropriis.
1043 1607 1051 1617 ’

480 1824 834 1927 incontrito.

179 2020 450 2104 Diphthongornm
487 2022 581 2088 huius
618 2024 737 2089 ordinis
769 2023 910 2090 vocalem
942 2022 1112 2091 secundem
1149 2041 1213 2089 non

92 2124 292 2205 pronunciari
318 2125 465 2190 distinete
494 2122 632 2191 affirmat
659 2125 894 2194 Choeroboseus
922 2126 998 2194 Can
1034 2126 1104 2193 101.
1126 2126 1148 2193 8
1182 2123 1213 2194 oi

91 2252 153 2310 mv
175 2252 397 2315 γραμμαῖίκθά
421 2226 614 2314 άένθυσὶνυ
595 2255 644 2295 ou
668 2229 739 2300 wir
730 2228 840 2297 to'te
864 2228 1048 2318 εἶ’(ὶὶσκάῐαά
1064 2224 1215 2355 imitanti,-s

93 2354 206 2418 νητον,
233 2326 329 2416 ἡνίκα
353 2326 528 2421 circadiis*
548 2334 631 2418 μετὰ
654 2337 753 2404 coeii
735 2337 904 2421 αμακροῦ
928 2327 949 2420 ἢ
970 2333 1054 2418 μετά
1078 2337 1136 2399 τοτ’
1158 2327 1215 2422 ἢῆ

93 2435 152 2498 τοῦ
145 2422 253 2504 ωέν
238 2438 336 2524 νμιᾷ
360 2435 526 2524 συλλαβῇ
557 2434 588 2503 οἳ
612 2437 649 2504 δὲ
671 2460 829 2520 μουσικοι
851 2433 1052 2522 λέγουσιν“
1032 2461 1083 2502 οτι
1108 2434 1212 2522 ἕκφιο-

93 2540 196 2602 νεῖται
218 2537 293 2619 με’-,ν
323 2533 381 2604 oda
404 2535 591 2616 ἐξακούεται
622 2539 659 2607 δὲ
682 2540 739 2606 διὰ
762 2539 799 2605 τὸ
821 2539 970 2626 μέγεθος
995 2542 1060 2606 τῶν
1080 2542 1213 2624 μακράν

93 2638 303 2727 φωνηέντων,
339 2644 372 2704 et
393 2639 534 2706 Zonoras
560 2640 695 2707 leviores
727 2647 872 2708 auctores
896 2647 1048 2725 sequutus
1075 2662 1105 2725 p.
1123 2640 1212 2708 1765

92 2741 130 2807 τὸ
159 2746 174 2813 ι’
196 2737 251 2807 ὅτε
280 2740 314 2809 ἔν
341 2747 404 2834 μιᾷ
431 2745 580 2831 συλλαβῇ
608 2741 771 2831 φωνήεντι
804 2745 950 2835 (μακρῷ)
978 2741 1212 2828 ὑποτέτακται,

94 2843 274 2932 ἐξαιρεῖται
303 2842 390 2924 ὅλως
417 2838 487 2912 οἷον
513 2843 580 2925 reric
609 2847 682 2931 (hoc
704 2849 864 2932 accentu),
898 2844 972 2929 άός,
1009 2845 1212 2936 πεποιηκάα,

95 2949 205 3015 κλάειν
227 2946 282 3014 καὶ
304 2949 345 3014 τά
369 2945 484 3032 ὅμοια·
508 2943 653 3037 ὁπηνίκα
678 2951 714 3017 de*
737 2947 1128 3035 ἑνουλλαβιῦνάιαζεάξει
1143 2974 1213 3036 φω-

93 3047 200 3138 νήεντι
224 3049 357 3128 ἕπεται,
392 3049 554 3138 γράφεται
578 3053 655 3137 μὲν,
691 3048 730 3119 οὗ
754 3059 1010 3139 οονεκφιονεῖτατ
1035 3053 1088 3120 de':
1124 3055 1215 3118 ltet-

92 3156 200 3241 μῇοα,
226 3156 398 3243 dipundio,
427 3156 580 3243 Νηρῇδα.
625 3154 728 3219 Huius
749 3156 912 3238 praecepti
932 3161 1056 3237 partem
1077 3155 1215 3237 priorem

95 3257 178 3321 ultro
200 3256 330 3321 missam
351 3255 494 3323 iacimus,
537 3257 620 3325 Nam
643 3256 763 3341 κλαίω,
786 3259 871 3324 unde
893 3257 946 3324 ille
968 3256 1057 3324 κλάω
1075 3258 1214 3323 Atticum

93 3358 211 3425 factum
233 3364 339 3442 putat,
373 3359 468 3441 alpha
489 3359 585 3425 breve
606 3359 717 3440 hebet,
750 3380 779 3427 u.
801 3361 911 3427 Rhem.
932 3380 963 3443 p.
988 3361 1041 3441 10,
1075 3355 1134 3438 ἑός
1162 3360 1216 3424 alii

93 3463 286 3548 primitivum
312 3480 382 3528 esse
405 3467 565 3546 statuunt,
599 3459 670 3542 viic
692 3464 856 3546 epenthesi
877 3469 1013 3531 auctum.
1058 3462 1122 3528 Sed
1143 3462 1215 3544 plus

93 3567 242 3632 momenti
274 3567 307 3631 in
340 3565 559 3647 sequentibus,
604 3585 738 3648 qnorum
768 3567 914 3632 ultimum
953 3585 1010 3649 pro
1044 3565 1213 3648 specimine

93 3670 270 3752 synaeresis
293 3675 471 3751 proponunt
481 3669 640 3752 iosephus
652 3668 867 3753 synopseos,
891 3670 1085 3753 Moechopul.
1099 3668 1213 3751 Opusc.

92 3791 118 3837 c.
141 3771 169 3837 V
192 3771 248 3852 30,
280 3772 371 3855 isque
399 3773 488 3839 addit
520 3776 575 3839 καὶ
598 3770 678 3839 ὅταν
707 3773 745 3839 τὸ
768 3775 894 3860 πλῆρες
917 3776 975 3860 τῆς
997 3776 1128 3861 γραφῆς
1150 3795 1214 3858 φυ-

93 3871 262 3964 λάττηται,
282 3872 481 3963 φυλάττεται
499 3869 586 3964 καὶὴ
601 3872 748 3959 δύναμις,
766 3873 852 3943 ἐνδεῖ
863 3874 899 3942 δὲ
909 3872 1012 3959 μόνον
1029 3871 1127 3963 ἡτῶν
1139 3875 1215 3939 σαλ-

93 3979 205 4064 λαβῶν
217 3977 378 4067 ποσάττγς·
400 3982 498 4045 τοῦτο
523 3979 560 4047 δὲ
570 3977 694 4064 γίνεται
713 3977 769 4047 ἐπὶ
780 3977 881 4061 μάνου
892 3981 951 4066 τοῦ
968 3975 988 4060 ἶ,
1007 3968 1094 4044 dinei
1107 3999 1214 4062 προσ·

93 4077 257 4168 γράφεται
291 4083 338 4168 μὴ
372 4076 655 4169 ἔκφωνοάμτνον.,
692 4082 763 4148 Iota
793 4099 865 4146 cum
892 4078 992 4146 vocali
1020 4084 1215 4145 contractum

92 4202 153 4249 non
178 4184 280 4250 audiri
306 4183 446 4266 quidem,
481 4185 538 4250 sed
563 4190 671 4251 tamen
693 4182 830 4251 adscribi
851 4181 1051 4247 Herodianus
1078 4182 1216 4247 ostendit

93 4285 177 4352 Mon.
199 4307 229 4370 p.
256 4286 315 4354 142
339 4286 403 4371 (to
428 4286 492 4370 16),
514 4305 610 4370 quum
633 4290 710 4355 dicit
731 4287 891 4355 mondoum
914 4285 1138 4435 bisylgaborum
1160 4303 1213 4368 ge-

146 4389 263 4438 Ιιοοοτὶ,
276 4391 358 4432 cernel.
374 4390 401 4430 11.
