2736 4778
199 346 272 421 χοι)
366 397 370 404 ,
481 296 801 406 nissnnnnmo
831 336 877 404 11.
920 338 961 406 Ρ.
983 340 1030 406 11.

200 550 293 595 orum
312 527 348 592 in
367 515 452 604 ἆκ-ιξ
468 525 656 591 exeuntium
679 525 837 610 syllabam
857 524 1003 592 ultimam
1026 540 1228 613 amputatam
1241 550 1316 597 esse

199 630 328 696 abunde
354 626 496 715 probant
523 625 662 693 Homeri
682 627 841 713 figmenta
868 621 1050 709 ἐννεάχιλοι
1075 636 1107 691 et
1132 624 1314 710 δεκάχιλοι,

198 750 281 817 quae
304 728 457 817 copulata
478 738 554 793 sunt
575 749 616 793 cx
639 727 769 793 dnobus
790 728 825 792 in
848 726 1013 815 parathesi
1026 727 1143 813 positis
1166 726 1314 809 δννοάκις

194 830 316 914 χίλιοι,
349 825 483 908 δεκάκις
507 854 536 910 χ.
579 828 665 894 Nam
691 829 719 894 si
746 829 802 915 qui
829 829 909 895 haec
939 829 986 893 ita
1012 828 1214 915 interpretati
1235 841 1313 897 sunt

195 928 226 998 oi
254 929 358 1009 ἐννέα,
383 928 466 996 δέκα
486 927 579 1015 χείλη
601 926 729 1011 ἔχοντες
750 930 845 1016 quasi
867 953 909 995 ex
930 929 1086 995 cardinali
1108 940 1141 995 et
1156 931 1311 998 substan·

193 1034 259 1099 tivo
291 1032 475 1118 composita
502 1054 533 1095 v.
561 1031 653 1097 Dies.
681 1031 727 1097 11.
765 1054 793 1098 c.
818 1032 883 1097 111.
911 1035 937 1117 ξ.
959 1033 991 1096 2.
1022 1030 1195 1118 analogiae
1232 1033 1308 1120 plns

193 1157 292 1221 quam
311 1132 394 1199 ratio
416 1133 538 1221 patitur
555 1132 769 1200 indulsemnt
814 1132 982 1199 Aduerbio
998 1133 1127 1219 integra
1139 1154 1309 1220 nunquam

191 1236 399 1324 reperiuntur
424 1235 488 1301 nisi
520 1236 555 1299 in
582 1235 750 1322 parathesi
779 1257 854 1301 cum
886 1234 1109 1301 cardinalibus
1135 1258 1309 1319 οιτρακις-

190 1338 303 1418 χίλιοι,
326 1331 610 1425 πεντακιςμιίριοι,
634 1336 741 1401 accisa
762 1357 896 1423 perraro
916 1337 952 1401 in
977 1336 1121 1422 synthesi
1146 1358 1221 1403 oum
1239 1338 1306 1421 ad·

183 1436 314 1523 jectivis
336 1448 372 1501 ut
393 1447 443 1502 est
464 1430 673 1514 ἓπτάπεκτος
697 1448 730 1502 et
752 1437 998 1523 τετραέλικτος,
1030 1436 1150 1523 quibus
1176 1439 1306 1505 accedit

189 1538 378 1605 adverbium
413 1560 433 1603 a
463 1536 607 1604 comicis
640 1537 752 1603 fictum
781 1535 981 1606 dardaniae.
1031 1539 1221 1605 Proximum
1254 1551 1306 1606 est

188 1628 249 1707 ἆλῖ
268 1640 328 1705 sed
350 1639 500 1726 exemplo
519 1660 586 1704 uno
609 1660 716 1724 eoque
737 1639 892 1726 ambiguo
915 1658 969 1726 ap.
988 1640 1100 1708 Schol.
1123 1643 1213 1707 Anat
1227 1641 1301 1708 155.

186 1736 281 1828 πηδά
306 1740 391 1807 κατὰ
418 1737 588 1825 συγκοπὴν
612 1741 655 1805 nol
683 1742 850 1828 antidius,
892 1742 955 1807 nisi
989 1764 1164 1830 apocopen
1191 1742 1301 1809 dicere

184 1840 287 1906 voluit
309 1848 347 1904 ut
366 1838 523 1925 Apollon.
545 1838 632 1905 Adv.
656 1840 729 1905 567.
760 1841 815 1907 δτι
842 1842 902 1907 καί
932 1840 993 1910 δύο
1015 1846 1191 1928 συλλαβῶν
1211 1837 1303 1910 άπα-

185 1940 293 2008 κοπαὶ
310 1939 457 2028 γίνονται
480 1939 515 2007 ἐν
536 1945 586 2027 τῷ
607 1941 687 2024 περὶ
703 1945 829 2008 παθῶν
849 1940 1001 2031 ἐδείχθη·
1017 1942 1057 2011 τὸ
1073 1943 1137 2030 γάρ
1157 1945 1302 2031 πρόπαρ

184 2041 289 2121 οὕτως
312 2041 379 2125 ἔχει
401 2041 460 2110 καὶ
479 2041 518 2110 τὸ
540 2037 654 2127 μάκαρ
676 2040 735 2107 καί
763 2042 801 2108 τὸ
827 2040 921 2130 πηδά
949 2044 1009 2110 καὶ
1034 2042 1072 2111 οδ
1100 2040 1182 2129 ὑμίν
1202 2049 1300 2131 παρὰ

184 2142 403 2232 Καλλιμάχῳ,
434 2146 494 2210 sed
521 2167 564 2210 ne
593 2164 766 2230 apocopae
791 2143 924 2228 quidem
950 2145 1135 2231 indigemus
1157 2146 1301 2212 admissa

181 2266 351 2332 paragoge
379 2242 465 2322 ποιίς
493 2241 604 2333 πηδδι
623 2241 800 2333 Ιποδάλιον
827 2268 858 2310 v.
880 2245 981 2311 Proll.
1004 2246 1056 2312 59.
1083 2256 1117 2310 et
1137 2246 1189 2312 98.
1234 2249 1298 2317 Se·

181 2346 291 2432 quitur
310 2333 385 2425 αἷιῖ,
405 2345 433 2411 si
453 2344 585 2411 bufonis
607 2344 753 2431 epitheto
782 2345 938 2433 λαχειδής
968 2347 1171 2434 significatur
1193 2352 1297 2431 λαχα-

178 2446 310 2535 νοειδής
330 2446 366 2512 id
388 2456 438 2511 est
467 2442 640 2533 πρασίζιον
663 2456 700 2509 ut
724 2446 866 2512 Tzetzes
898 2448 1128 2535 interpretatur
1155 2452 1199 2515 ad
1220 2450 1295 2519 Nic.

178 2549 241 2615 Th.
257 2549 330 2614 570.
343 2551 374 2634 ⁵)
401 2547 461 2613 sed
485 2546 685 2630 antiquiores
710 2568 769 2632 pro
793 2546 896 2626 δασύς
917 2550 984 2614 sive
1006 2545 1177 2638 λαχνώδης
1201 2573 1295 2618 acoe-

176 2662 294 2737 perunt
315 2651 354 2714 ci.
378 2647 554 2747 Proll.-37.
598 2647 686 2712 Num
710 2648 767 2733 qui
778 2650 960 2714 Homerum
977 2651 1139 2736 adjectivo
1161 2645 1294 2742 ἀποδη-

175 2776 233 2830 sog
253 2761 318 2816 tres
340 2750 448 2814 literas
469 2775 529 2836 ηιο
553 2748 712 2813 exemisse
734 2750 947 2829 crediderint,
975 2774 1043 2817 non
1071 2753 1150 2817 antis
1179 2755 1293 2840 liquet

175 2853 286 2922 Schol.
308 2854 350 2917 A.
376 2852 419 2916 ad
440 2851 479 2916 Il.
503 2852 531 2916 Ι.
557 2850 630 2915 567.
656 2856 771 2936 χεῖρας
802 2846 952 2930 άάπτοιις
969 2849 1190 2939 Ἀρίσταρχος
1220 2856 1292 2923 δει-

174 2955 233 3034 νάς
262 2953 321 3020 καὶ
344 2948 547 3040 άπιοήτοος,
578 2952 828 3018 etV111.209.
872 2952 959 3040 Ἥρη
996 2950 1171 3042 simoentis
1197 2949 1291 3043 Ἀρί-

173 3044 313 3142 σδαρχος
333 3058 431 3139 ψιλοί
443 3050 526 3133 ἴσως
547 3053 642 3138 παρὰ
665 3051 704 3119 κδ
729 3058 929 3119 πιοιεῖσθαι
951 3049 971 3139 ἡ
995 3047 1166 3141 dardanos
1188 3055 1223 3122 ἐν
1243 3062 1291 3142 τῷ

172 3156 280 3240 λέγειν
302 3150 323 3243 ἢ
345 3150 431 3241 dycta
452 3158 613 3220 πτοοὶισα.
657 3153 789 3218 Etenim
819 3175 893 3218 curn
924 3154 1025 3240 stirpe
1053 3178 1170 3244 vocum
1200 3157 1289 3244 ιιτδη

170 3258 274 3324 πτοία
303 3261 433 3321 πιοιεῒι
461 3254 678 3340 compositum
708 3263 759 3318 est
790 3246 961 3340 άποοοςθ)
997 3260 1226 3338 imperterritus
1256 3270 1290 3320 et

170 3359 346 3424 accedente
376 3356 474 3442 alpha
511 3355 667 3420 intentivo
705 3355 757 3418 vel
804 3356 1005 3440 pleonastico
1042 3351 1196 3435 άιίπτοος
1238 3358 1290 3441 (ut

169 3454 353 3543 ἇοίοπετος)
383 3459 475 3539 cujus
509 3457 712 3522 accusativus
740 3456 774 3520 in
803 3451 955 3535 οὶοίποοας
987 3457 1134 3522 contrahi
1176 3470 1288 3545 potest

169 3558 304 3641 quasia
326 3558 523 3623 nominativo
546 3551 696 3634 ἀάπτους
724 3558 770 3621 sic
796 3568 832 3621 ut
861 3556 1061 3645 παλίρρους,
1094 3560 1153 3623 sed
1178 3562 1287 3626 nomi-

167 3658 311 3722 nativum
340 3682 471 3743 quoquo
498 3659 620 3745 fingere
646 3659 723 3723 licet
749 3680 894 3745 syncope
926 3670 1128 3725 attenuatum
1151 3653 1285 3739 άαπιος

167 3760 251 3825 sicut
273 3756 396 3834 διπλιίς
425 3782 485 3844 pro
510 3756 651 3836 διπλόος
676 3771 709 3823 et
735 3752 887 3847 ίίιλιοῤῥος
915 3763 1094 3826 secundum
1123 3762 1284 3845 quosdam

239 3931 267 3999 5)
288 3927 319 3984 si
335 3922 498 3998 λαχανειδὴς
521 3926 735 3998 praeponimus,
764 3927 881 3979 duarum
902 3929 986 3981 modo
1006 3927 1148 3982 literarum
1170 3927 1284 3998 jactura

165 4016 240 4070 iacta
260 4023 310 4069 est.

233 4101 262 4166 t)
274 4100 394 4153 Tzatzes
406 4100 443 4152 ad
455 4100 523 4152 Hes.
539 4097 614 4168 Opp.
635 4096 693 4148 117.
708 4088 810 4147 dannot
823 4101 917 4163 χεῖρες
929 4099 959 4149 cl
970 4092 1083 4167 ίίιχ-οβοι,
1101 4092 1214 4160 άπιωος
1226 4098 1282 4170 γὰρ

163 4179 177 4233 ὁ
196 4178 304 4253 ἄφοβος
319 4190 553 4256 μικρογριιφιιῗιοι
572 4183 705 4247 ολολικοῖς,
726 4181 803 4250 quod
823 4181 904 4234 linxit
923 4190 1039 4253 propter
1058 4202 1160 4238 nomon
1178 4185 1282 4240 montis

163 4268 280 4319 Πτῶον.
