2736 4778
196 371 262 442 Du
280 370 552 441 PARATHESI
567 370 629 438 ΕΤ
643 370 918 441 SCRIPTURA.
942 367 1046 440 0111.
1065 371 1091 459 ς.
1103 370 1133 437 2.
1158 368 1233 485 587

116 558 256 628 XXVI.
280 560 330 625 13.
359 583 392 647 p.
416 559 488 625 941.
513 559 545 627 b.
574 562 624 627 14.
655 555 919 646 ἑπτακαιδεκάτη
942 559 1048 625 Thuc.
1070 559 1131 625 lv.
1159 558 1231 624 101.

117 655 388 748 ὀκτωκαιδεκάτη
424 660 492 730 Od.
522 664 564 731 V.
598 663 671 730 279.
706 685 789 750 quse
824 683 865 727 ne
897 659 1047 747 syntheta
1084 661 1232 728 dicantur

118 760 276 853 prohibet
302 760 465 828 mobilitas
494 766 624 850 generis
656 776 688 831 et
720 764 882 831 recusatio
914 777 1028 851 tropas
1056 785 1232 830 concessae

119 854 281 961 synthetis
310 862 565 946 πενταστάδιος,
597 864 799 958 δκταμριος,
833 888 939 952 neque
969 887 1044 931 vero
1074 887 1232 953 parasyn-

118 968 212 1035 tbets
235 966 300 1033 dici
324 978 465 1055 possunt
493 979 530 1034 ut
558 992 576 1034 o
607 969 737 1036 δώδεκα
764 970 952 1046 δωδέκατος
973 968 1032 1033 sed
1055 968 1098 1054 (si
1120 968 1169 1032 fas
1191 967 1233 1032 sit

119 1066 246 1157 dicere)
275 1071 525 1160 paraparstheto
557 1071 624 1136 sive
653 1065 721 1136 ἇπδ
753 1067 813 1136 δύο
843 1068 877 1135 ἐν
907 1071 1101 1157 παραθέσει
1131 1060 1232 1135 δντων

119 1174 320 1263 παρηγμένα
339 1183 377 1238 ut
400 1177 656 1248 ιιιιιιοίσοιίιιιιιι,
693 1174 964 1238 duodevicesimus.
998 1169 1054 1236 Ab
1080 1169 1230 1236 hisvero

119 1274 296 1365 plurimum
309 1271 750 1360 δὶειεέδσιοκαιεικοσέπηχιὲ,
770 1271 1133 1360 δυωκαιεικοσίμετρον,
1149 1295 1232 1359 quoe

119 1376 181 1467 qui
206 1376 242 1444 in
271 1377 381 1465 plures
407 1386 517 1463 partes
548 1376 761 1451 diduxerunt,
792 1374 888 1439 aliam
913 1373 1072 1441 rationem
1102 1374 1231 1461 sequuti

119 1489 216 1557 sunt3
237 1477 276 1546 τὸ
298 1477 654 1562 δυωκαιεικοσίμετρον
677 1471 737 1542 obs
760 1466 799 1541 δν
822 1469 960 1561 ἀρέσκοι
980 1481 1052 1553 τοῖς
1075 1499 1232 1560 παραση-

116 1578 366 1666 μειωσαριένοις
385 1574 431 1656 ὥς
450 1602 481 1643 τι
505 1576 619 1645 καινὸν
640 1575 679 1643 τδ
704 1573 996 1663 διςαριστοτδιιεια
1014 1570 1058 1654 ὡς
1080 1575 1116 1642 ἐκ
1133 1580 1232 1663 τριιῦν

118 1680 244 1763 λέξεων
269 1675 430 1748 σύνθετον
454 1680 548 1747 Eust.
580 1679 678 1757 1299,
707 1678 759 1744 39.
787 1676 905 1763 quibus
938 1678 1025 1743 idem
1051 1677 1150 1755 1364,
1178 1676 1230 1744 26.

118 1778 345 1868 πανάποτμος
371 1782 462 1847 addit
491 1793 523 1848 et
550 1780 660 1848 Schol.
684 1778 718 1846 11.
747 1776 870 1846 XVlH.
899 1777 950 1845 54.
981 1790 1130 1867 quartum
1152 1773 1232 1863 σἰριι-

116 1880 290 1973 τροχίτων.
334 1883 423 1949 Hinc
446 1884 674 1970 cognoscimus
697 1881 798 1948 fuisse
820 1882 979 1967 quosdsm
1002 1882 1058 1968 qui
1073 1881 1231 1969 polysyn-

118 1986 220 2054 thetis
241 1984 482 2053 offenderentur
503 2007 679 2072 eorumque
698 2007 867 2051 numerum
888 1994 1046 2070 quantum
1060 1983 1129 2050 fieri
1152 2004 1231 2069 pos·

119 2098 173 2156 sot
192 2086 382 2173 imminuere
403 2089 571 2154 studerent
592 2109 629 2153 sc
652 2109 730 2175 prae
752 2086 868 2153 ceteris
890 2108 929 2152 ea
948 2109 1031 2172 quae
1043 2086 1117 2174 plus
1136 2106 1233 2171 quum

118 2188 225 2257 tribus
252 2188 439 2256 nominibus
473 2200 624 2258 contexto
658 2200 734 2255 sunt
761 2201 873 2255 contra
905 2210 1063 2256 cononem
1091 2189 1125 2254 in
1150 2189 1230 2255 EM.

117 2290 204 2372 459,
237 2290 287 2359 10.
309 2293 516 2380 propositum
537 2289 648 2377 ὥςπερ
672 2286 768 2368 τόνος
802 2284 840 2358 οὐ
873 2288 1007 2358 τίθεται
1042 2291 1231 2377 περαιτέρω

117 2396 189 2462 τῶν
199 2396 299 2479 τριῶν
311 2394 493 2483 σολδαβιῖνν,
517 2390 621 2473 οὕτως
643 2386 720 2461 οὐδέ
743 2390 832 2472 λέξις
852 2386 1012 2470 σύνθετος
1029 2393 1125 2460 θέλει
1146 2385 1232 2458 εἶναι

118 2494 310 2581 περαιτέρω
327 2496 394 2560 τῶν
418 2497 519 2580 τριῶν
540 2495 667 2575 λέξεων.
711 2493 797 2560 Nam
820 2494 917 2561 altius
950 2503 1095 2561 extmcts
1122 2493 1231 2580 dithy-

118 2594 339 2662 rambieorum
369 2618 554 2662 mensurum
580 2597 760 2685 attingunt,
794 2619 879 2683 quse
910 2620 930 2663 s
958 2596 1101 2665 Comicis
1132 2618 1232 2685 saepe

120 2697 231 2765 derisa
252 2707 337 2764 sunt.
379 2700 493 2784 Atque
516 2698 579 2766 hoc
603 2722 620 2766 ε
641 2700 771 2766 fastidio
793 2699 905 2766 nescio
927 2723 968 2765 an
998 2699 1054 2765 illa
1081 2699 1233 2766 fluxerint

121 2798 276 2865 diastasis
305 2800 454 2888 exempla
482 2822 567 2887 quae
599 2802 722 2889 passim
756 2800 904 2867 inlibris
940 2802 1068 2890 scriptis
1097 2802 1232 2868 editisve

120 2899 336 2969 obversantur
358 2899 452 2969 ἐννέα
473 2901 532 2968 καὶ
554 2900 745 2990 δεκαετηρές
766 2901 861 2971 Stob.
892 2903 963 2969 Ecl.
985 2900 1009 2968 1.
1030 2905 1083 2969 42.
1114 2927 1147 2992 p.
1170 2903 1233 2970 264

119 3002 265 3069 Heeren.
287 2997 374 3069 ἑπτὰ
403 3003 461 3069 καὶ
483 3002 640 3092 δεκαετής
660 3004 694 3068 in
720 3004 794 3070 cod.
815 3003 901 3070 Poll.
925 3002 949 3069 l.
979 3003 1031 3069 55.
1060 3000 1150 3071 ἑπτὰ
1176 3006 1233 3072 καὶ

120 3099 311 3193 δεκάπηχυς
329 3104 444 3191 Antig.
469 3104 543 3170 Car.
566 3127 594 3171 c.
616 3102 770 3173 xcvln.
795 3106 900 3191 (quod
925 3105 1057 3193 hyphen
1084 3105 1234 3171 scribitur

119 3206 156 3271 in
178 3204 252 3270 cod.
273 3205 363 3271 Bast.
385 3207 450 3294 Ep.
474 3206 540 3292 89.)
564 3203 650 3273 ἑπτα
681 3205 739 3272 καὶ
766 3203 936 3297 εἶκοσέτης
955 3207 1057 3275 Anth.
1080 3208 1172 3294 App.
1200 3230 1232 3272 n.

119 3304 196 3373 251.
219 3307 318 3373 πέντε
341 3304 399 3372 καὶ
423 3306 704 3397 πεντηκονταετής
725 3309 822 3375 codd.
840 3309 925 3375 Plst.
949 3308 1020 3376 civ.
1038 3311 1080 3377 V.
1102 3309 1176 3375 460.
1192 3310 1233 3374 Ε.

121 3406 217 3475 ἐννέα
239 3405 297 3473 καὶ
321 3403 426 3476 εἴκοσι
446 3409 502 3477 καὶ
525 3405 895 3489 ἓπταιιοσιοιτλασιδιιις
915 3411 979 3477 IX.
1001 3412 1074 3478 587.
1090 3412 1131 3478 Ε.
1164 3412 1232 3479 Ve-

118 3532 193 3576 rum
214 3510 377 3589 omnium,
407 3532 490 3597 quse
514 3510 724 3579 Grammatici
746 3513 822 3579 huie
846 3513 1029 3600 quaestioni
1056 3513 1232 3602 applicent,

121 3612 423 3701 desperatissimum
443 3624 493 3678 cst
515 3613 596 3679 illud
615 3615 650 3679 in
670 3614 710 3679 Π.
732 3614 850 3681 XXII.
862 3615 935 3681 349.
958 3609 1033 3684 οὐδ’
1057 3612 1094 3684 εἴ
1105 3642 1160 3685 κεν
1176 3619 1230 3685 δε-

120 3712 220 3792 κάκις
237 3738 274 3780 τε
297 3712 355 3780 καὶ
377 3709 594 3802 εἰκοσινήριτ’
617 3707 744 3782 δέποινα
774 3712 929 3805 στήσωσι.
979 3719 1020 3785 Id
1044 3720 1099 3806 qui
1122 3743 1162 3787 ex
1185 3716 1233 3787 εἶ’-

119 3839 217 3884 κοσιν
238 3824 270 3881 et
291 3810 407 3903 ἠριτδν
427 3815 462 3881 id
485 3828 534 3883 est
556 3813 686 3901 ἒριστόν
707 3819 924 3907 compositum
950 3821 1071 3901 dicunt,
1094 3821 1234 3909 duplici-

120 3927 170 3982 ter
199 3916 386 3994 offendunt3
415 3940 489 3984 nam
515 3929 547 3984 et
567 3913 674 3985 εἷ’κοσι
697 3942 743 4005 ny
766 3923 1000 4009 paragogieum
1027 3923 1062 3988 in
1088 3922 1233 4010 synthesi

120 4041 189 4085 non
212 4019 349 4084 assumit
372 4015 608 4105 (εἶκοσιέδρος)
632 4029 665 4084 et
687 4044 771 4106 quae
799 4045 818 4088 ιι
839 4024 938 4090 verbo
960 4023 1055 4111 δρέζω
1088 4024 1234 4089 derivan-

120 4131 174 4186 tur
196 4113 393 4204 (δνέριστος,
416 4116 624 4208 δυςήριστος)
647 4122 751 4207 sigma
767 4149 835 4192 non
855 4126 1019 4202 amittunt3
1041 4149 1116 4190 nam
1132 4122 1234 4213 μεγή-

121 4228 217 4308 ριτος
236 4221 327 4307 quod
350 4222 460 4290 Schol.
483 4221 514 4287 h.
535 4222 556 4286 l.
584 4232 615 4286 et
636 4224 716 4289 ΕΜ.
738 4228 817 4305 297,
845 4229 897 4293 44.
919 4251 960 4293 ex
981 4227 1131 4293 Hesiodo
1154 4225 1234 4293 affe·

119 4333 213 4404 runt,
240 4346 328 4393 nuno
350 4345 423 4391 cum
444 4319 630 4416 μεγήρατος
652 4339 881 4397 commutatum
903 4341 961 4399 est.
997 4331 1171 4400 Praeterea
1194 4351 1236 4401 ne
