2736 4778
125 352 191 422 230
392 366 393 370 ’
524 342 803 414 DISSERTATIO
825 343 896 411 VII.

125 512 263 599 βάνουσι
286 512 325 578 τὸ
349 515 387 581 T:
421 508 580 587 οὑτοσί,
615 503 697 588 ὅσι’,
729 505 921 575 ἐκεινοσί·
954 502 1113 586 σπανίως
1144 507 1185 574 δὲ
1209 507 1254 575 br

126 610 318 705 ἆνσφορᾶς,
353 614 524 681 Herodian.
546 611 639 678 Excc,
671 630 701 693 p.
724 610 784 676 271
808 609 1112 676 inescamur.
1137 609 1192 675 111
1222 611 1260 675 ui

125 709 233 799 οὗτος,
258 715 351 802 αὕτη,
377 720 472 781 τοῦτο
497 716 642 796 δέχονται
666 713 724 779 τὸν
744 711 1038 800 προσχημσσισμὸν
1060 716 1127 779 τοῦ
1150 715 1180 782 ἰ’
1204 710 1260 780 διὰ

125 820 266 888 πλείονα
300 819 401 897 δεῖξιν
434 817 465 882 ὲν
499 821 540 905 τῇ
573 815 676 883 κλίσει
713 810 819 882 αὐτῶν
853 811 954 902 πάσῃ.
1000 813 1096 880 Hanc
1123 815 1260 880 obrem

126 921 314 990 Schueferus
336 921 369 985 in
390 918 480 985 Dein.
503 937 529 985 e.
552 916 843 986 Macam1062.17
865 935 924 998 pro
947 918 1164 1002 τηλικουτονί
1187 936 1258 984 cum

124 1026 271 1093 Bekkero
299 1021 394 1088 scribi
420 1021 509 1086 iubet
530 1024 732 1107 τηλικοῦτονε
771 1017 929 1083 diveraam
962 1031 1007 1083 eat
1036 1021 1258 1109 repleanturque*

126 1127 260 1205 πόλεως
285 1123 376 1190 1075.
398 1123 433 1203 8,
466 1145 540 1185 πονο
563 1121 681 1187 dicatur
703 1125 872 1199 δεικτικῶς
905 1133 939 1185 at
972 1145 999 1184 υ.
1024 1123 1067 1188 20
1101 1121 1259 1190 τουτοισί

126 1230 149 1294 ι’.
172 1253 197 1292 e.
221 1240 266 1292 tot
288 1237 362 1311 qaod
382 1223 434 1286 dic
455 1222 615 1286 adstantes
637 1222 750 1287 videta}
772 1224 853 1306 App.
877 1223 911 1289 T.
924 1225 953 1288 V
966 1224 1035 1290 107.
1064 1222 1134 1290 Sed
1157 1244 1258 1308 saepe

127 1339 235 1398 tamen
257 1333 408 1405 oratores,
431 1324 556 1391 etiamsi
578 1326 618 1391 de
639 1326 822 1397 absentibus
844 1328 1030 1409 lequuntur,
1053 1345 1139 1409 quos
1161 1328 1257 1393 modo

126 1433 333 1514 designarunt
359 1435 393 1495 et
414 1428 610 1495 auditoribus
632 1430 724 1512 quasi
747 1430 935 1512 spectandos
956 1434 1156 1511 proponunt,
1175 1429 1259 1496 iota

126 1533 372 1600 demonstrativo
394 1535 536 1610 utuntur,
559 1536 592 1597 et
613 1532 740 1613 saepius
762 1533 858 1596 etiam
870 1532 1041 1614 negligunt,
1064 1532 1093 1596 si
1105 1523 1150 1596 'de
1160 1550 1256 1615 praa·

126 1635 277 1702 rantibus.
333 1631 385 1698 Sic
406 1632 496 1698 Deru.
531 1650 555 1697 c.
580 1633 712 1700 Androt
735 1632 850 1698 533.3
884 1630 1035 1717 (59111)
1069 1637 1252 1699 τοῦτον-

125 1735 258 1805 τουτονί
295 1737 339 1818 in,
358 1754 422 1800 uno
453 1733 548 1800 versu
588 1740 622 1800 et
653 1736 693 1801 de
726 1735 836 1801 eadem
868 1754 1013 1817 persona,
1047 1736 1180 1817 Antipln
1216 1736 1255 1803 de

126 1837 218 1904 Chor.
241 1836 291 1902 73.
316 1838 356 1903 12
378 1854 424 1919 sq.
448 1834 578 1915 τούτοις
601 1875 637 1885 -
663 1838 799 1903 collaturi
813 1876 849 1885 ·-
874 1838 1010 1921 τούτων,
1033 1837 1254 1905 Lucian.Jud

124 1941 230 2007 vocal.
252 1938 346 2004 modo
368 1939 497 2004 τουτουὶ
519 1943 579 2005 τοῦ
605 1944 692 2022 Ταῦ,
728 1940 819 2006 modo
854 1945 912 2004 τοῦ
938 1945 1010 2006 Ταῦ
1040 1935 1165 2009 andeca
1193 1950 1254 2008 eit,

125 2062 195 2109 cum
228 2041 392 2123 multiplici
424 2039 565 2107 codicum
587 2043 790 2109 dissensione.
834 2044 880 2108 Aa
902 2042 1070 2125 Dionysius
1093 2044 1137 2109 de
1160 2045 1252 2112 Corn-

127 2143 342 2228 puellula
365 2143 399 2207 Τ.
422 2143 451 2207 V
484 2144 601 2209 omissa
632 2142 688 2209 illa
715 2146 889 2211 evidentiae
912 2146 1034 2211 ratione
1061 2144 1144 2212 nihil
1166 2147 1253 2214 aliud

127 2267 221 2331 quarn
243 2246 424 2312 concinnam
445 2246 622 2311 iuncturam
648 2249 824 2328 quaesitam
852 2267 922 2314 csse
944 2248 1071 2314 statuit:
1095 2246 1114 2312 ‹¹›
1149 2252 1253 2335 λέγων

126 2346 207 2431 „llic
228 2347 358 2415 τουτονὶ
390 2346 449 2412 τὸν
482 2341 612 2432 ἆγῶνα“
647 2349 870 2438 προστέθηκέ
903 2375 934 2416 τι
968 2354 1027 2437 τῆς
1059 2350 1254 2432 συνθέσεως

127 2446 371 2535 στοχαζόμενος.
417 2449 585 2516 Masculini
607 2455 639 2516 et
660 2450 800 2517 feminini
823 2454 946 2534 generis
958 2470 1051 2518 casus
1062 2453 1131 2519 iere
1143 2474 1255 2522 omnes

128 2576 167 2621 ex
188 2555 302 2620 Atticis
324 2550 460 2618 afferunt
482 2553 584 2618 Fisch.
618 2554 658 2618 ad
680 2554 761 2619 Vell.
783 2555 815 2619 II
837 2555 899 2620 216
934 2563 967 2620 et
990 2554 1081 2621 Thes,
1104 2559 1254 2639 neglecta

127 2659 213 2724 duali
236 2651 382 2722 σοοτοινί
402 2654 498 2719 Arist.
522 2654 593 2719 Pac.
619 2655 701 2720 1214
734 2661 767 2722 et
798 2659 920 2724 τουτωί
942 2659 1019 2723 AVV.
1042 2658 1098 2739 62,
1136 2680 1157 2725 a
1190 2681 1253 2744 quo

126 2761 251 2827 dativus
273 2756 441 2837 singularis
474 2755 561 2819 nulla
588 2774 623 2820 re
652 2757 840 2824 discernitur
870 2762 930 2825 nisi
964 2761 1029 2826 iata
1062 2760 1252 2845 subscripta,

126 2863 210 2946 quod
231 2859 388 2942 Bergkius
409 2857 508 2923 Rann.
532 2856 604 2936 609,
626 2859 706 2942 qu.
729 2860 793 2927 490
826 2862 959 2943 aliisque
991 2862 1067 2927 locis
1100 2867 1253 2946 apposuit

125 2965 219 3046 vulgo
252 2964 418 3042 omissum,
462 2962 635 3041 eodemque
667 2962 871 3044 locupletavit
912 2962 1094 3029 femininum
1131 2967 1252 3054 σουιῃί

125 3066 198 3132 Ρσσ.
224 3065 320 3145 1193,
352 3065 432 3147 qu.
455 3062 527 3128 271.
573 3062 706 3129 Generis
739 3067 881 3131 neutrius
915 3065 1016 3132 icrma
1048 3067 1167 3149 duplex
1202 3077 1252 3135 est

126 3166 237 3234 νσοιοΐ
267 3174 300 3233 et
321 3167 446 3232 brevior
468 3163 562 3246 τουνί
587 3172 625 3230 ut
647 3162 748 3232 ravel.
794 3166 895 3232 Casus
918 3168 1028 3232 duales
1050 3188 1114 3233 non
1135 3175 1251 3252 reperi,

126 3271 174 3336 De
185 3270 360 3352 pluralibus
373 3269 497 3333 dubitat
509 3266 697 3333 Schaeierus
720 3270 760 3332 ad
771 3269 861 3350 Lept
872 3268 944 3334 161.
957 3271 999 3335 20
1021 3272 1101 3353 App.
1113 3271 1164 3336 ΙΙΙ
1179 3275 1249 3353 lca,

127 3372 246 3436 Graeci
277 3371 359 3435 caim
391 3393 453 3434 aaa
485 3371 587 3456 anapia
616 3368 723 3433 dicuat
754 3372 854 3456 χωρὶς
877 3372 1015 3438 τουτωνί
1044 3395 1138 3457 qaam
1163 3379 1250 3460 πρὸς

125 3472 282 3540 τουτοισί.
329 3473 391 3539 Sed
414 3474 556 3539 eiusdem
578 3474 702 3555 generis
724 3474 868 3538 nennius
896 3481 946 3540 est
973 3475 1145 3541 τοιουτονί
1167 3477 1249 3544 Plat

126 3577 255 3642 Theaet.
280 3576 340 3642 163
362 3576 572 3641 E.Primitiv0
595 3573 709 3641 σοοιοΐ
728 3583 874 3641 accurate
885 3578 1055 3658 respondet
1070 3579 1251 3646 derivatum

126 3677 310 3753 νοννοοιοΐ,
343 3678 426 3760 quad
448 3677 626 3743 Brunckius
655 3679 687 3742 in
709 3678 812 3743 Nubb.
833 3677 897 3743 878
931 3700 948 3745 e
978 3681 1084 3746 codice
1111 3682 1250 3761 quodam

126 3782 238 3847 ascivit
269 3800 327 3863 pra
359 3779 558 3860 τυννουτονί,
600 3779 656 3844 sed
689 3779 748 3845 hcc
780 3782 906 3862 propria
939 3781 1078 3846 Atticum
1111 3781 1252 3849 habetur

126 3891 163 3949 ut
194 3881 359 3950 τοιουτονὶ
393 3878 508 3958 πάθος
540 3880 629 3946 Dem.
658 3901 688 3962 p.
717 3880 787 3946 Cor.
816 3881 889 3948 214.
917 3885 957 3950 15
996 3883 1068 3967 (ubi
1096 3887 1252 3965 permulti

127 3987 248 4052 codices
283 3987 349 4051 icta
381 3983 559 4064 omittunt),
593 4003 618 4049 c.
641 3983 771 4049 Zenoth.
797 3984 866 4049 161.
889 3986 924 4065 cl,
958 3987 1055 4050 Arist.
1078 3986 1162 4051 Plut
1185 3987 1251 4054 127

128 4087 317 4164 τοσουτονί,
346 4083 555 4176 τηλικουτονί
576 4086 653 4152 Avv.
679 4086 781 4166 1132,-
792 4087 875 4152 Max.
899 4087 970 4169 Tyr.
992 4088 1098 4154 XXIV
1121 4088 1151 4153 8.
1175 4090 1253 4172 425,

131 4210 212 4273 quae
236 4190 275 4257 ab
299 4191 485 4259 accusativis
507 4190 671 4257 masculini
696 4191 820 4272 generis
843 4189 978 4257 discerni
1000 4210 1061 4256 non
1083 4200 1229 4272 possunt
