2736 4778
228 354 285 421 DE
308 353 703 424 Pnosclm'unnlsmo
751 352 854 420 nm
877 353 964 421 un
987 354 1056 441 §.I
1143 356 1207 425 25⁵

87 516 220 582 Ahrena
242 519 330 585 Aeoi
356 519 415 585 109
438 526 471 586 ei
491 517 563 589 203.
607 517 800 603 Nominativi
821 522 855 583 et
875 517 1009 584 vocativi
1041 518 1103 584 huo
1134 537 1207 601 pro-

87 619 179 685 1ιοιί
201 626 347 687 nociores
368 623 511 688 nominat
532 622 619 688 schol
640 621 677 688 II
699 620 779 688 XIII
800 619 879 701 588,
902 620 960 687 aed
980 620 1119 688 Homero
1141 627 1208 688 trea

86 728 210 787 tuntum
228 725 487 792 cususconcedit:
511 729 551 814 τῇ
573 728 608 814 φῖ
631 727 816 812 παραγωγῇ
838 718 856 787 ὃ
882 723 1024 811 ποιητὴς
1045 720 1206 810 ἐχρήσατο

85 823 168 890 κατὰ
192 829 291 910 τριῶν
314 825 483 907 πτώσεων,
506 827 563 897 ἐπὶ
586 833 723 917 γενικῆς,
748 828 892 913 δοτικῆς,
915 821 1108 912 αἰτιατικῆς,
1142 825 1207 893 He·

86 926 209 993 siodurn
229 946 305 995 vero
327 930 486 996 addidisse
508 931 734 998 nominativum
755 925 907 1016 ἑτέρηφι·
938 928 1003 994 sed'
1021 929 1105 996 huna
1126 929 1207 994 dati·
1331 995 1332 999 ,

88 1048 161 1095 vum
178 1048 254 1096 esse
276 1032 339 1097 iarn
361 1034 435 1099 olim
456 1033 678 1116 Moschopolua
703 1037 737 1097 et
757 1030 946 1097 Euatothius
972 1030 1062 1106 1251.
1085 1031 1127 1096 27
1161 1031 1206 1098 vi·

87 1131 209 1212 derunt,
231 1133 378 1216 idemque
400 1134 595 1218 significatur
616 1135 657 1202 ab
667 1133 825 1217 Hesychio
848 1130 955 1221 Βίηφι
977 1132 1037 1218 βία
1060 1130 1206 1218 διἰναμις·

87 1235 268 1318 Πολέμων,
295 1256 398 1320 neque
424 1259 504 1322 opus
526 1243 577 1304 est
596 1235 656 1328 βίᾳ
680 1234 815 1322 δυνάμει
838 1236 985 1303 seribere.
1028 1236 1110 1302 Nam
1125 1237 1207 1318 glos·

87 1338 261 1420 sographus
283 1358 346 1405 non
369 1360 442 1407 raro
464 1342 589 1409 casibus
611 1341 777 1423 modisque
792 1339 928 1422 obliquis
939 1339 1069 1423 apponit
1089 1344 1208 1418 raotos;
1265 1359 1269 1370 ·

85 1439 266 1521 Polemonia
283 1460 398 1509 noman
420 1443 627 1510 Ruhnkeniue
650 1444 691 1508 ad
713 1443 810 1508 aliurn
832 1443 935 1509 locum
957 1443 1116 1526 pertinere
1141 1447 1206 1507 sta-

85 1543 162 1624 tuit,
192 1563 220 1609 v.
247 1544 376 1613 Preller.
398 1546 515 1612 Polam
537 1547 664 1628 Fragm.
685 1544 735 1612 94.
793 1544 893 1611 Casus
925 1546 1032 1628 quarti
1064 1544 1208 1626 exempla

86 1646 147 1712 duo
170 1654 325 1714 memorat
345 1648 442 1715 schol.
464 1649 546 1715 Vici.
568 1649 647 1715 XIII
668 1647 733 1715 808
755 1648 793 1715 τό
816 1647 885 1715 ἐπί
919 1645 1112 1736 δεξιόφιν
1135 1641 1206 1713 ἆνιί

85 1752 145 1814 τσῦ
168 1748 225 1815 ἐπὶ
249 1736 356 1830 δεξιόν
379 1747 501 1835 (δεξιά)
524 1746 571 1830 ὥς
593 1750 630 1819 τὸ
654 1747 856 1841 ἅγέληφιν
889 1750 1127 1833 ἐπέλθωμεν
1152 1747 1205 1818 ἐπ’

86 1848 199 1941 ἀγέλην
220 1851 410 1936 ἔίέίισμενΙ)
433 1853 614 1937 significans
636 1853 712 1928 XVI
733 1853 797 1930 487
821 1860 942 1939 ταῦρον
964 1852 1090 1940 ἔπεφνε
1122 1851 1207 1920 λέων

86 1948 231 2043 ἀγέληφι·
253 1952 435 2039 μετελθών.
478 1956 547 2024 Hor
570 1959 666 2024 etiam
689 1957 784 2024 sohol.
797 1954 951 2023 11111308
974 1956 1109 2038 explieat
1130 1972 1207 2021 casu

85 2063 198 2138 quarto
220 2055 272 2126 ἐπ’
298 2054 427 2147 όγίίφν,
462 2059 622 2126 sedulius
646 2057 680 2128 ἐν
707 2056 820 2149 ἀγέλῃ,
855 2058 971 2126 suidas
1004 2052 1055 2127 ἐπ’
1092 2053 1207 2146 όγίίφ.

84 2147 194 2242 Neque
217 2161 413 2228 dubitatione
435 2163 547 2228 aanor
558 2163 619 2229 XX
643 2163 703 2230 140
727 2159 831 2232 αὐτίκ’
868 2160 986 2229 ἔπειτα
1021 2155 1099 2248 παρ’
1136 2159 1233 2228 αὖ»
1321 2200 1324 2205 ·

84 2259 131 2327 τό
136 2286 183 2350 φι
205 2268 310 2343 νεῖκος
333 2260 470 2353 ὀρεῖται·
503 2265 562 2330 hoo
582 2267 667 2332 enim
689 2268 784 2333 schol.
805 2267 853 2331 br.
885 2272 919 2331 ei
940 2264 1128 2330 Eustuthius
1161 2265 1207 2330 sic
1257 2304 1260 2310 -

85 2373 258 2449 exponunt:
283 2363 360 2457 παρ’
387 2363 470 2434 αὐτὰ
493 2367 548 2435 καί
572 2364 742 2457 αόθισρόν,
766 2369 859 2436 alitor
880 2386 954 2434 vero
971 2367 1068 2434 sehoL
1085 2361 1203 2454 Βααρό

85 2463 213 2551 αὐτοῖς,
247 2464 285 2536 σίν
314 2467 392 2558 παρ’
418 2468 513 2538 αὐτό·
547 2476 688 2557 πρσιῐπτ
712 2469 773 2557 γὰρ
796 2473 834 2537 τό
859 2467 976 2539 αὐτίκα
1000 2467 1207 2557 [παραντόθι

85 2569 194 2652 Baka,
218 2593 245 2638 v.
268 2574 286 2660 ᾗ
309 2573 353 2658 6].
397 2573 527 2641 Duobus
561 2574 623 2640 illis
652 2573 874 2655 Theognosiua
895 2573 964 2640 160.
991 2572 1029 2638 ri
1062 2573 1208 2656 adiungit

84 2684 204 2763 ναῦφι,
239 2677 297 2743 sad
324 2677 383 2744 hoc
412 2696 569 2760 nusquam
591 2677 761 2744 accusativi
783 2678 886 2744 locum
908 2677 1031 2743 obtinet
1051 2695 1154 2761 neque
1174 2677 1207 2742 in

84 2786 116 2850 in
140 2785 203 2866 ⁴hoa
234 2799 365 2848 numero
398 2780 536 2847 refertur
558 2799 578 2846 a
605 2779 959 2862 sahol.Lips.11233,
989 2779 1143 2847 Choerob.
1175 2781 1207 2846 in

84 2887 156 2954 ΕΜ.
179 2885 251 2951 800.
274 2883 304 2964 8,
327 2882 514 2966 Ερίια.293.
538 2883 590 2964 25,
612 2883 865 2965 quaresuspioor
886 2883 975 2948 illum
997 2881 1109 2971 ἔννηφι
1129 2883 1206 2949 acri·

84 2991 187 3072 psissa
209 2993 304 3070 atque
326 2986 512 3052 Hesiodium
532 2983 612 3049 illud
643 2979 690 3062 τίς
713 2983 827 3073 ἔννφφι
860 2985 1103 3066 interpretatum
1135 3003 1206 3050 essa
1267 2973 1276 2989 '

85 3089 131 3171 εἰς
153 3090 248 3178 ἔνην,
281 3090 338 3156 sed
359 3090 411 3157 hie
433 3089 558 3155 videtur
580 3086 736 3167 genitivus
759 3105 840 3167 esse,
866 3087 920 3170 qui
942 3089 1070 3169 saepius
1091 3089 1207 3170 legitur

83 3191 130 3272 εἰς
163 3192 237 3282 ἕνης
270 3193 335 3258 sire
369 3191 460 3280 ἔννρς
493 3190 558 3256 scil.
583 3183 710 3275 ἡμέραν
738 3190 771 3253 iu
794 3188 874 3254 daem
891 3187 1069 3275 porendr'ui
1119 3178 1206 3273 Ἰζιν

56 3300 60 3305 ’
84 3293 135 3365 ἐπ’
161 3293 390 3383 ἐσχαρόφιν
412 3293 470 3359 Od.
493 3290 570 3357 XIX
593 3290 656 3358 389
679 3291 880 3359 Thiersohins
903 3291 1002 3377 §182
1035 3311 1093 3374 pro
1114 3311 1206 3361 uacu-

85 3401 186 3466 sutivo
207 3397 342 3465 nominis
356 3396 491 3463 obsoleti
512 3391 653 3481 ἔσχαρος
673 3394 784 3476 habet3
808 3396 892 3477 apud
904 3395 982 3460 ulios
1004 3395 1206 3464 hoaverbunn

84 3501 220 3569 seeundo
243 3518 367 3582 quoque
390 3505 422 3565 et
445 3499 540 3564 tertio
563 3498 745 3581 adiungitur
767 3499 862 3579 casui,
879 3518 906 3564 v.
929 3498 1036 3582 Poppo
1059 3499 1100 3565 ud
1121 3499 1205 3565 Thu·

82 3604 148 3686 oyd.
171 3603 187 3668 1
211 3600 272 3669 106
294 3621 325 3684 p.
349 3599 411 3666 659
420 3602 455 3684 ²).
482 3638 516 3649 -
544 3599 828 3667 Grammaticorum
850 3602 993 3686 plerique
1015 3620 1205 3685 paragogen,

154 3828 179 3892 1)
197 3806 277 3893 011αο
289 3833 432 3894 sequnntur
450 3820 465 3894 ἢ
483 3822 657 3896 ἔπιδεξιόφιν
681 3823 741 3893 ἑξῆς
759 3829 815 3888 τοῖς
831 3827 990 3895 βασιλεῦσιν
1008 3825 1133 3895 ἀμείβειν
1160 3826 1206 3888 τὰς

83 3915 165 3975 λέξεις
173 3915 323 3982 τσταςιτιίαι
331 3919 393 3966 runt
400 3913 452 3965 huo
461 3915 684 3967 transformando:
703 3905 805 3980 ἢ(ι1ντ1
815 3911 874 3981 τσῦ)
892 3910 938 3968 ἐπὶ
957 3911 1043 3975 δεξιά.
1058 3910 1136 3980 'Biia
1151 3917 1207 3973 ταῖς

81 4002 241 4066 βασιλεῦσιν
255 3994 538 4068 όμείβιιντόςεόξειτ,
554 4017 615 4055 num
625 4003 658 4054 de
668 4001 831 4054 ordinatione
840 4004 973 4069 copiarum
981 4000 1032 4054 hoa
1040 4001 1099 4053 loeo
1109 4003 1205 4069 ugiiur.
1225 4057 1229 4063 ,

150 4087 178 4146 01
198 4087 259 4157 Πῦρ
269 4083 350 4140 ναίετ’
361 4081 402 4138 ἐπ’
415 4079 567 4156 ἐσχαρόφιν
578 4087 629 4141 oo.
638 4089 663 4140 V
671 4083 714 4154 00,
725 4086 802 4159 ῥίζαν
812 4085 852 4140 ἐπ’
865 4081 1018 4157 ἐσχαρόφιν
1027 4088 1113 4155 Δρο11
1123 4084 1205 4140 noar

82 4176 149 4226 inter
168 4174 233 4227 dnos
252 4190 330 4226 ausus
347 4165 471 4237 floriani),
499 4188 608 4239 quorum
634 4191 687 4225 uno
705 4172 853 4239 Aeschylon
880 4174 907 4223 in
925 4172 1017 4239 Apum.
1038 4170 1105 4228 1001
1124 4175 1205 4226 utimr

81 4259 137 4327 πῦρ
157 4257 199 4329 ἐφ’
220 4257 309 4317 ἑστίας
327 4261 426 4322 αἴθειν,
445 4257 527 4310 altero
544 4258 614 4310 idam
630 4260 708 4312 Eum.
720 4256 767 4313 111
787 4252 875 4310 δεῖπν’
895 4252 936 4311 ἔπ’
956 4255 1059 4330 ἐσχόρρ
1078 4259 1163 4312 ἕδνον
1181 4269 1206 4314 at

80 4345 218 4413 Antipater
236 4347 314 4400 Anah.
334 4346 371 4397 IX
389 4341 441 4400 000
459 4341 502 4415 ἐφ’
522 4341 596 4415 ἑστίῃ
614 4336 744 4416 ἄνθρακα
762 4348 859 4398 καίειν.
