2736 4778
168 366 218 438 94
533 356 853 428 DISSERTATIO
883 358 911 427 1.

170 541 263 616 ei'rrot
286 545 442 629 γδοῦπον.
484 544 527 610 Id
550 543 698 633 Epirotis
731 544 844 611 tribuit
873 542 1067 611 Heraclides
1090 545 1151 610 sed
1176 544 1281 612 Grae-

170 667 282 713 corum
304 645 484 732 elegantius
504 646 709 733 loquentium
729 646 934 714 consuetudo
962 646 1147 733 repudiavit
1170 657 1208 712 ut
1228 648 1282 715 in-.

169 747 363 814 concinnum
385 747 491 814 dicun.
524 749 560 814 τὸ
585 776 604 834 γ
630 744 796 817 οὐδέποτε
826 752 1025 835 προηγεῖται
1053 753 1114 817 τοῦ
1143 747 1220 816 όέν
1202 753 1283 838 νιῇ

168 842 315 937 apolon
338 848 507 916 Theodos.
535 849 678 916 Bekkeri
716 849 759 915 ad
786 848 899 936 Apoll.
927 849 1021 934 Syut.
1054 872 1088 935 p.
1111 849 1185 915 353.
1229 850 1284 917 Illi

169 950 306 1016 similem
324 951 564 1037 peregrinitatis
587 952 730 1018 colorem
752 950 851 1016 habet
879 951 970 1036 quod
987 951 1179 1016 Eustathius
1202 972 1283 1037 sug-

168 1053 254 1140 gerit
274 1077 308 1139 p.
332 1053 425 1130 1926,
448 1053 499 1118 56.
526 1050 616 1142 ῥινός
637 1055 765 1139 λέγεται
793 1047 879 1120 ausu
904 1077 978 1119 τινα
1008 1054 1160 1136 γλῶσσαν
1185 1078 1283 1138 περι·

169 1155 355 1236 οπωμένως
376 1160 497 1239 γρῖνος,
519 1155 612 1240 cujus
628 1153 784 1219 aeolicum
808 1152 968 1239 originem
988 1153 1110 1218 indicat
1129 1163 1284 1219 accentus

169 1264 344 1330 retractus,
372 1255 433 1319 sed
461 1253 592 1342 γρλντης
618 1253 635 1320 ὁ
659 1251 801 1340 βοροειλς
821 1255 1003 1320 Herodian.
1033 1254 1075 1319 de
1105 1255 1227 1336 Quant.
1248 1255 1284 1321 in

170 1353 278 1422 Cram.
300 1355 347 1421 11.
369 1356 450 1434 290,
475 1357 524 1421 16.
547 1357 627 1421 nihil
649 1378 768 1422 causae
795 1367 846 1421 est
867 1377 925 1421 cur
944 1355 1089 1421 dialectis
1108 1355 1283 1440 gentilieiis

170 1455 380 1524 adscribatur.
424 1459 519 1523 Haec
541 1458 629 1523 dieta
654 1469 730 1524 sunt
757 1457 798 1524 de
829 1458 936 1544 ellipsi
955 1469 998 1522 et
1023 1456 1215 1544 pleonasmo
1241 1456 1282 1522 li-

170 1571 257 1625 terae
279 1581 409 1644 gamma
429 1560 463 1624 in
483 1559 600 1626 iisdem
621 1558 798 1626 vocabulis.
841 1560 899 1625 Ad
922 1558 1059 1624 alterum
1079 1582 1184 1645 genus
1206 1581 1282 1648 per-

172 1660 254 1725 tinet
280 1682 398 1726 nomen
427 1658 561 1748 γλάμων
591 1672 625 1727 et
655 1660 790 1726 verbum
826 1659 902 1726 hinc
937 1660 1115 1726 derivatum
1144 1662 1283 1749 γλοιμᾷν,

172 1761 264 1846 quod
296 1762 428 1826 atticum
460 1760 657 1848 perhibetur.
707 1764 802 1829 Haeo
833 1762 919 1828 enim
950 1783 970 1825 a
1001 1761 1164 1849 primitivo
1195 1759 1283 1849 λη’μη

172 1862 325 1928 differunt
352 1885 420 1928 non
447 1862 553 1927 solum
583 1863 712 1948 adjectu
742 1886 905 1931 consonae
936 1863 996 1930 sed
1025 1864 1121 1928 etiam
1149 1884 1283 1949 correp·

171 1964 260 2031 tione
280 1964 401 2030 vocalis
425 1976 458 2030 et
482 1964 698 2032 declinatione
719 1965 844 2052 ipsa⁸).
888 1965 951 2030 Illa
977 1966 1070 2030 deest
1089 1965 1283 2049 congeneri·

169 2065 232 2133 bus
252 2067 351 2153 vulgo
374 2067 515 2153 receptis
536 2065 637 2153 λάπη,
660 2068 798 2154 λέμφος,
823 2066 950 2154 lippus,
972 2089 1056 2152 quae
1078 2089 1098 2130 a
1118 2066 1283 2151 significa·

171 2169 260 2234 tione
284 2173 341 2236 τοῦ
363 2166 483 2245 λίπους
504 2191 572 2233 non
592 2168 707 2254 procul
728 2167 862 2247 absunt,
893 2168 953 2233 sed
973 2168 1059 2234 redit
1080 2167 1174 2234 devio
1199 2172 1230 2233 Γ
1227 2170 1284 2234 λοι·

170 2266 234 2352 μός
260 2264 348 2350 μύξα
377 2269 460 2333 Hes.
488 2292 551 2334 neo
577 2271 739 2355 denegata
770 2281 819 2336 est
849 2270 950 2336 latino
977 2273 1117 2353 prumiae
1144 2267 1208 2333 hoo
1235 2279 1285 2334 est

169 2372 307 2454 pituitae
338 2371 519 2445 oculorum,
548 2390 628 2454 quos
656 2374 713 2436 alit
734 2373 855 2454 otmunt
886 2369 974 2456 (aod.
1004 2375 1145 2453 oramus)
1170 2382 1318 2458 οοοιιιιι,

172 2470 260 2539 Non.
283 2480 317 2536 et
336 2470 426 2536 Fest.
448 2470 549 2537 Falsa
567 2472 652 2538 veris
674 2483 858 2559 temperans
869 2473 1062 2538 Heraclides
1074 2474 1169 2540 Eust.
1190 2471 1283 2548 1064,

171 2572 202 2637 5.
226 2571 261 2640 ἔνι
281 2576 340 2640 τοῦ
365 2577 446 2651 νοῶ,
468 2573 591 2658 iuquit,
622 2575 746 2658 γίνεται
768 2574 889 2642 νοΐσκω
913 2574 969 2640 καὶ
991 2573 1075 2640 κατὰ
1096 2570 1285 2657 ουνοίρεσιν

170 2669 286 2741 adona
312 2671 368 2738 καὶ
391 2675 574 2758 προςθέοιι
604 2671 762 2753 αιόλικῶς
788 2671 938 2760 γνώσκω,
970 2673 1045 2742 ἐπεὶ
1071 2674 1129 2741 καὶ
1154 2675 1192 2740 τὸ
1217 2678 1283 2741 νοῶ

171 2777 255 2862 γνοῶ
279 2774 382 2863 φασιν
404 2800 437 2841 οι
425 2770 617 2854 ιΑἰολεῖς
649 2773 745 2844 ἔνθεν
771 2770 896 2861 ἃγνοον·
928 2772 1014 2843 οὕτω
1041 2773 1099 2841 καὶ
1126 2769 1194 2841 ἀπὸ
1224 2777 1285 2841 νοῦ

170 2875 272 2960 νέφος
296 2870 431 2960 γνόφος
464 2901 520 2942 και
512 2874 617 2960 γλάγ
618 2903 676 2943 ιον
700 2875 888 2961 nieorum*
860 2903 911 2943 ιον
938 2873 1004 2958 ἔχει
1025 2902 1085 2944 ιον
1108 2901 1135 2960 γ
1163 2875 1283 2942 Primi·

171 2976 273 3041 tivum
299 2972 418 3040 fuit'
381 2999 498 3043 νοων.
522 2978 646 3045 Techn.
671 2980 769 3065 p..21
794 2978 847 3045 oui
868 2989 992 3044 veteres
1008 2977 1119 3042 Latini
1140 2999 1283 3065 praepo·

173 3087 307 3144 suerunt
329 3101 458 3164 gamma
478 3099 604 3163 φιοιοο,
626 3081 796 3148 aGraecis
818 3103 886 3146 non
907 3079 1137 3145 admissum
1105 3079 1168 3143 nasi
1190 3101 1283 3143 aece-

174 3181 270 3246 dente
293 3180 417 3265 syllaba
433 3182 484 3246 vel
505 3182 808 3269 inreduplicatione
831 3179 998 3269 γιγνώσκω
1020 3181 1073 3246 vel
1090 3180 1125 3245 in
1139 3179 1285 3264 synthesi

83 3312 87 3320 ·
172 3277 286 3369 ἀγνώς,
309 3279 426 3368 ἄγνοια
449 3294 481 3345 et
502 3284 590 3358 aliis3
619 3306 722 3367 eaque
739 3285 863 3351 ratione
887 3285 1035 3361 nomina,
1064 3283 1183 3369 quibus
1205 3305 1283 3369 pro·

172 3385 245 3470 pria
273 3394 324 3449 est
353 3383 547 3468 significatio
581 3388 639 3450 νοῦ
669 3383 874 3468 γιγνώσκειν,
908 3387 1134 3453 discernuntur
1162 3385 1203 3450 ab
1232 3384 1283 3462 iis,

172 3507 257 3569 quae
278 3485 343 3549 vim
363 3483 453 3550 verbi
476 3490 562 3551 νοεῖν
585 3484 778 3570 exprimunt,
801 3511 996 3574 quanquam,
1022 3489 1099 3574 quia
1113 3486 1283 3552 unautris·

174 3607 239 3670 que
262 3586 359 3672 stirps
383 3597 442 3664 est,
465 3607 563 3671 saepe
585 3586 704 3652 accidit
724 3600 761 3652 ut
781 3588 843 3654 hoc
863 3589 1037 3655 discrimen
1057 3589 1284 3654 transiliretur:

172 3678 272 3751 ι’ἱνοιοι
295 3684 315 3772 ἡ
340 3681 526 3773 ἀφροσύνη,
554 3682 670 3771 ἄγνοια
704 3691 740 3758 δὲ
768 3690 825 3757 καὶ
852 3690 1033 3775 μετάγνοια
1062 3687 1179 3759 ταύτόν
1205 3691 1284 3756 Μο-

173 3786 322 3873 sehopul.
349 3787 438 3853 Dict.
461 3789 531 3853 Att.
560 3791 637 3856 Hoc
664 3791 797 3875 quidem
828 3792 927 3857 semel
953 3792 1072 3879 legitur
1100 3791 1191 3879 apud
1219 3791 1283 3858 So-

171 3890 323 3977 phoclem
346 3911 385 3955 eo
407 3888 481 3955 loco
504 3915 569 3977 quo
593 3890 752 3975 μετάνοια
773 3904 876 3960 metro
892 3917 959 3960 non
970 3894 1130 3972 convenit,
1153 3892 1284 3959 cadem·

242 4143 270 4211 8)
287 4144 380 4201 Sohol.
399 4145 432 4201 Il.
446 4143 552 4199 XXIV.
576 4147 630 4198 llll.
646 4139 731 4216 γλήνη
749 4144 824 4219 παρὰ
840 4143 867 4201 τὸ
886 4143 1092 4220 γλιιγινρᾶν-ιιιιλ
1112 4143 1141 4202 ni
1153 4142 1284 4218 γλάμων·

174 4233 203 4281 et
212 4227 352 4285 Arcadius
362 4249 389 4303 p.
406 4235 462 4286 lll.
476 4228 562 4302 γλήνη
576 4229 589 4286 ὁ
602 4228 688 4303 ῥύπος
700 4250 795 4287 errore
807 4231 868 4287 viae
880 4236 916 4287 ad
930 4237 1010 4304 γλινη
1021 4232 1129 4304 delapsi
1143 4239 1217 4297 sunt,
1228 4250 1285 4302 quo

175 4309 350 4386 significatur
362 4311 479 4387 γλοιόςὸ
495 4317 551 4373 ἀπὸ
565 4322 611 4374 τοῦ
627 4321 720 4373 ἔλαιον
735 4314 821 4390 ῥύπος
832 4319 862 4373 id
875 4328 917 4374 est
929 4318 1123 4390 strigmentum
1136 4318 1283 4390 gymnasii.
