2736 4778
188 358 260 429 110
548 347 869 416 mascarano
904 346 933 412 1.

183 539 308 605 Verum
328 556 371 600 ne
393 543 484 597 extra
505 532 652 597 ordinem
673 542 823 598 excurrat
843 531 958 609 oratio,
982 530 1183 617 disceptatur
1205 531 1303 596 etiam

185 637 326 724 syntheti
351 635 437 700 illius
460 657 536 720 pars
559 635 676 712 altera,
709 633 886 698 verbumne
918 633 960 697 sit
988 655 1030 696 an
1053 654 1181 696 nomen.
1225 632 1302 697 Pri·

183 763 272 805 mum
285 738 406 805 Sextus
418 734 710 801 Grammaticorum
726 734 890 799 cavillator
906 755 934 798 c.
946 733 1091 799 Gramm.
1101 732 1174 796 258.
1186 756 1218 796 ιι.
1226 733 1302 798 307.

184 851 316 927 poetam
343 846 455 903 censet
481 837 574 918 λέχος
602 836 656 901 hic
682 834 833 922 posuisse
862 857 922 921 pro
946 833 1037 917 μίξις
1062 844 1095 898 et
1119 835 1303 919 conjunctis

185 940 311 1005 duabus
339 937 475 1019 vocibus
502 934 728 1020 βαθύσχοινον
755 935 930 1020 λεχεποίην
958 933 1160 1019 significasse
1190 956 1303 1001 semen

184 1040 318 1108 schoeni
350 1035 604 1120 παραστατικὸν
633 1037 722 1121 πρὸς
753 1035 931 1103 συνουσίαν
963 1028 1058 1102 εἶναι.
1111 1035 1236 1100 Mirum
1267 1037 1303 1100 ni

184 1153 320 1229 propter
345 1139 409 1204 hoc
437 1138 604 1202 inventum
631 1136 847 1202 hecatomben
877 1135 961 1200 lecit.
1015 1135 1138 1200 Procul
1168 1136 1210 1200 ab
1241 1136 1303 1202 bac

184 1242 346 1328 sapientia
379 1237 499 1308 Suidas
536 1236 712 1325 λεχεποίην
750 1238 981 1325 interpretatur
1017 1237 1094 1322 λέχη
1130 1240 1302 1314 ποιοῦντα,

185 1343 238 1408 cui
270 1341 395 1427 opponi
424 1350 534 1425 potest
566 1338 699 1402 nomina
728 1360 802 1402 cum
831 1345 944 1406 ποιεῖν
973 1339 1147 1423 conjuncta
1174 1349 1305 1424 praeter

185 1445 350 1529 νεωποίης
379 1441 413 1505 in
435 1440 538 1505 Inscr.
559 1439 696 1503 Asianis
724 1438 902 1504 secundam
930 1440 1024 1524 sequi
1052 1439 1304 1505 declinationem

185 1554 218 1609 et
238 1539 412 1624 λεχεποιός
442 1540 470 1604 si
496 1563 538 1604 ex
564 1539 723 1604 similibus
750 1540 952 1604 existimetur
972 1541 1082 1627 potius
1104 1541 1303 1606 lecticarium

183 1638 378 1709 κλινοποιόν
399 1641 600 1727 significare3
625 1664 701 1705 nam
723 1642 814 1726 quod
836 1639 937 1707 Ceres
960 1640 1176 1725 ναρποποιός
1195 1642 1302 1707 nomi-

184 1755 279 1810 natur
301 1743 456 1827 quodque
477 1744 653 1827 Hymettus
682 1743 758 1824 μέλι
786 1737 925 1827 άριστον
952 1749 1064 1808 ποιεῖν
1091 1742 1210 1807 dicitur
1234 1766 1303 1809 non

186 1845 318 1911 omnino
341 1843 444 1907 simile
468 1854 527 1908 est.
575 1843 668 1927 Ergo
691 1841 876 1906 adnomen
905 1841 1100 1906 devertimus
1130 1853 1163 1906 et
1188 1866 1302 1928 quem-

185 1944 362 2012 admodum
388 1938 406 2008 ό
430 1947 556 2029 χρυσῆν
580 1939 685 2027 κόμην
708 1939 790 2022 ἔχων
819 1964 885 2006 uno
913 1942 1013 2007 verbo
1042 1942 1159 2007 dicitur
1183 1968 1304 2031 χρυσο-

184 2046 291 2136 κόμης
312 2056 345 2111 et
366 2055 494 2131 pratum
518 2043 609 2129 quod
633 2040 741 2106 bubus
762 2042 856 2129 larga
877 2042 1000 2128 pabula
1022 2043 1158 2129 praebet
1180 2045 1304 2127 λειμὼν

183 2144 353 2230 βοόχιλος,
385 2145 432 2209 sic
463 2142 637 2230 λεχεποίην
665 2142 915 2228 interpretamur
946 2143 1005 2210 τὸν
1034 2143 1137 2212 ποίαν
1168 2142 1304 2227 λεχαίαν

185 2245 317 2326 ἔχοντα,
349 2244 439 2328 quod
469 2264 574 2328 genus
602 2242 719 2307 herbas
748 2243 949 2329 Apollonius
973 2243 1001 2308 Ι.
1026 2245 1119 2310 1182.
1147 2242 1304 2332 φυλλάδα
1330 2262 1335 2275 “

185 2343 318 2428 λεχαίην
350 2344 497 2409 nominat
527 2342 591 2407 hoc
621 2353 687 2419 est,
720 2355 757 2407 ut
782 2343 982 2410 Scholiastes
1012 2344 1073 2422 ait,
1108 2344 1303 2432 ἐπιτηδείαν

185 2442 273 2531 πρός
297 2444 383 2531 λέχη.
427 2443 584 2530 Sequitur
610 2442 699 2506 aliud
726 2464 794 2506 non
819 2442 906 2507 illius
934 2444 1158 2511 tenebricosae
1186 2446 1302 2511 aetatis

183 2543 379 2609 vocabulum
395 2546 455 2610 sed
471 2545 506 2609 in
523 2545 595 2608 luce
612 2543 858 2608 consuetudinis
872 2545 1033 2630 positum:
1049 2541 1161 2634 Ἰνμᾷν
1173 2547 1303 2634 λικμᾷν,

179 2637 335 2726 Ἰκμῶντο
367 2644 514 2712 ἐσείοντο
547 2646 630 2709 Ηεε.
660 2638 872 2728 άνικμιόμενα
905 2640 1005 2712 ταύτό
1039 2646 1078 2712 τό
1112 2644 1305 2730 λικμώμενα

185 2737 231 2820 ὡς
251 2742 286 2809 ἐν
305 2747 352 2831 τῷ
374 2743 505 2830 Τιμαίῳ
522 2745 704 2821 Πλάτωνος
717 2744 846 2809 Anecd.
858 2746 963 2812 Bekk.
974 2747 1049 2812 405.
1075 2747 1194 2833 ltaque
1212 2748 1304 2832 quod

184 2844 219 2908 in
238 2844 325 2908 Plat.
349 2845 435 2909 Tim.
457 2844 510 2908 52.
537 2845 578 2910 E.
606 2845 773 2930 vulgatum
800 2856 850 2910 est
876 2846 920 2912 τὰ
945 2845 1012 2914 ὑπὸ
1039 2852 1104 2913 τῶν
1127 2845 1304 2917 πλοκάνων

184 2969 221 3011 τε
251 2944 308 3011 καί
339 2939 488 3031 όρχάνων
520 2949 587 3010 τῶν
619 2948 698 3028 περὶ
730 2945 824 3013 σίτου
855 2944 1024 3032 κάθαρσιν
1056 2944 1226 3032 σειόμενα·
1247 2946 1305 3014 καὶ

184 3041 448 3130 ἆναλικμιόμενα,
465 3046 500 3111 id
514 3044 730 3112 Ruhnkenius
746 3045 897 3113 librarios
914 3047 1070 3132 ignotior-i
1090 3043 1304 3130 ἀνικμιόμενα

185 3147 379 3233 praetulisse
402 3159 522 3214 censet.
567 3148 608 3213 In
631 3146 799 3236 Theophr.
824 3147 924 3214 Caus.
947 3149 1009 3215 IV.
1034 3150 1084 3226 12,
1106 3148 1137 3213 9.
1163 3146 1302 3213 Schnei-

185 3249 281 3313 derus
304 3270 364 3333 pro
379 3249 567 3331 λικμᾶσθαι
583 3270 624 3311 ex
634 3249 717 3314 Urb.
737 3246 906 3332 ίκμᾶσθαι
921 3249 1013 3315 dedit
1027 3261 1061 3314 et
1079 3270 1107 3314 c.
1121 3248 1161 3313 16
1173 3247 1257 3333 (17),
1271 3248 1303 3314 2.

184 3370 245 3431 pro
271 3343 502 3433 άπολικμῆσαι
528 3368 547 3411 e
570 3346 699 3412 duobus
721 3348 839 3412 Medd.
864 3343 1067 3437 άπικμῆσαι,
1090 3349 1209 3436 quibus
1232 3371 1303 3414 om-

184 3446 281 3511 nibus
303 3444 462 3532 probatur
479 3442 580 3535 ίκμᾷν
600 3457 633 3511 et
653 3448 776 3534 λινμᾷν
805 3447 893 3511 idem
921 3448 1106 3537 significare
1135 3448 1304 3535 negotium

185 3547 344 3611 frumenta
367 3547 548 3633 purgandi,
579 3548 648 3614 sive
671 3546 707 3611 id
730 3549 768 3612 fit
792 3570 915 3630 vanno,
944 3573 1028 3635 quac
1042 3544 1160 3618 ’λίκνον
1186 3549 1305 3615 dicitur

186 3655 219 3709 et
247 3644 378 3726 λικμός,
408 3647 476 3713 sive
500 3647 623 3726 cribro,
657 3648 747 3732 quod
774 3649 871 3715 Plato
899 3651 920 3715 l.
944 3671 972 3714 o.
1001 3647 1170 3717 πλόκανον
1188 3660 1303 3726 vocat3

186 3745 368 3829 eodemque
384 3747 526 3832 pertinet
547 3746 644 3838 ίκλᾷν
662 3748 751 3834 apud
767 3750 970 3837 Hesychium
986 3745 1196 3840 Ἀφικλῶντο
1219 3744 1304 3816 άπε-

185 3845 328 3923 σείοντο,
356 3842 596 3930 Ἀνικλιόμενον
626 3844 939 3936 ἀνακαθαιρόμενον
955 3852 1021 3936 ²²).
1067 3850 1178 3936 Caput
1205 3849 1304 3936 hujus

187 3947 347 4014 discordis
370 3949 510 4014 familiae
533 3948 672 4014 Guietus
696 3949 754 4034 (ad
769 3951 850 4018 Hes.
874 3975 900 4018 s.
922 3953 1077 4040 Λικμᾷν)
1102 3974 1305 4047 cognoscere

253 4186 300 4250 2³)
325 4185 405 4250 Quae
428 4182 502 4239 idcm
527 4183 610 4236 affort
633 4187 726 4254 Νικᾷν
747 4190 860 4257 λικμᾷν,
885 4189 992 4245 Νίκλον
1014 4191 1110 4244 λίκνον
1133 4187 1303 4258 trajectione

185 4268 328 4325 literarum
346 4278 479 4342 corrupta
492 4266 666 4341 judicantur.
