2736 4778
395 350 453 416 na
474 349 677 416 moooea.
721 349 756 417 o.
776 350 820 417 n
840 352 859 438 5
881 353 913 416 a:
1140 353 1204 421 aaa

88 515 163 580 Gan.
187 512 304 579 8598
336 480 379 578 τά
402 508 620 595 ἀποβαλόντα
650 512 729 584 cb}
762 510 842 580 ὅταν
865 508 1037 601 φινλάξιοσι
1059 514 1098 580 τὸ
1121 512 1203 583 αὐτὸ

89 612 346 702 σημαινόμενον,
382 615 440 681 τὸν
465 610 576 705 αὐτὸν,
592 610 688 683 τόνον
710 612 933 704 φυλάττουσιν
954 607 1024 684 οἷον
1047 614 1203 701 πολλάκι,

88 717 199 804 μέχρι,
247 711 277 782 εἰ
308 716 354 803 μὴ
389 712 407 782 ὅ
441 716 608 805 χαρακτὴρ
641 715 773 806 κωλύσῃ
806 718 863 786 διά
905 717 944 785 τὸ
979 716 1081 808 χωρίς
1111 726 1204 809 χῶρι.

88 816 292 907 Πρόσκτιτικι
331 815 410 901 ,ἐὰν
441 815 615 907 φολάξιοσι
652 819 691 886 τὸ
725 816 807 887 αὐτὸ
841 808 1102 905 σημαινάμινσν“
1146 823 1204 891 διά

87 923 125 989 τὸ
172 915 322 1009 άντικρυς
355 917 499 1008 άντικρά.
562 921 611 988 De
643 921 740 1009 ιιάχρι
773 923 805 988 in
838 922 922 989 DiSh
944 923 1007 989 Vll
1038 943 1109 1007 pag.
1142 925 1205 991 210

89 1026 209 1092 dictum
228 1030 286 1090 est
330 1022 559 1091 Adverbiorum
586 1025 831 1092 derivativorum
856 1043 931 1108 pars
963 1028 1100 1093 maxima
1131 1046 1205 1094 oon·

90 1134 155 1194 stat
187 1146 205 1194 e
237 1126 465 1207 numeralibus,
499 1146 582 1212 qnae
613 1134 726 1212 poetae
757 1127 831 1194 inde
864 1128 1046 1212 aprincipe
1067 1128 1205 1197 Homero

92 1230 259 1313 dupliciter
280 1229 465 1310 terminant,
501 1231 670 1314 scriptores
703 1250 778 1297 vero
799 1248 863 1296 uno
884 1231 991 1311 modo,
1023 1251 1087 1298 non
1107 1232 1205 1299 Attici

88 1334 206 1412 solum,
239 1332 414 1398 sedetiam
437 1336 592 1415 extranei,
626 1340 661 1401 et
691 1335 724 1400 id
745 1338 812 1399 tam
832 1330 929 1398 fixum
961 1339 996 1398 et
1016 1339 1204 1417 perpetuum

89 1441 148 1516 est
170 1439 207 1501 ut
228 1435 321 1500 aliter
344 1435 463 1517 scripta
483 1436 625 1501 nonnihil
647 1435 833 1518 suspicionis
853 1440 1010 1516 moveant,
1032 1442 1070 1501 nt
1091 1436 1205 1504 δικάκι

90 1536 458 1606 Artemid.1170.252
490 1537 539 1602 bis
573 1538 757 1619 repetitum,
788 1537 840 1602 cui
859 1543 1039 1619 repugnant
1064 1540 1205 1621 proxima

88 1661 118 1725 p.
131 1640 194 1707 255
217 1636 374 1725 τετράκις,
399 1634 518 1720 ἑξάκις,
541 1636 691 1721 ἑπτάκις,
709 1634 853 1721 ὀκτάκις,
871 1645 904 1706 et
921 1636 1051 1728 τετράκι
1070 1640 1203 1723 Appiam

90 1744 155 1810 Giv.
179 1742 195 1808 l
221 1740 262 1807 74
285 1761 315 1824 p.
339 1739 410 1821 404,
431 1760 490 1823 pro
511 1759 573 1824 quo
585 1740 657 1807 edd
667 1742 836 1807 nonnullae
846 1742 1039 1825 antiquiores
1056 1739 1204 1828 τετράκις

89 1846 251 1929 praebent
295 1842 387 1910 Hanc
408 1849 514 1911 autem
535 1862 644 1911 veram
665 1862 736 1909 esse
756 1844 870 1910 horum
891 1845 1111 1912 adverbiorum
1132 1865 1203 1929 spe·

88 1951 168 2015 ciem
190 1948 282 2013 docet
303 1930 487 2028 Apollonius
509 1944 581 2013 614.
604 1945 624 2012 9
657 1945 698 2011 τά
721 1942 789 2011 κατ’
814 1942 987 2035 ἀποβολὴν
1013 1951 1072 2014 τοῦ
1101 1952 1203 2032 ὄβα-

88 2048 236 2136 privarat:
260 2043 417 2128 πολλάκι,
440 2045 571 2132 ἑπτάκι,
595 2042 924 2130 nourrius-Eorum,
946 2068 1029 2132 quae
1038 2050 1205 2134 ypsilunin

88 2151 360 2230 catalexihabent,
383 2170 481 2217 unum
503 2151 690 2218 acommuni
711 2169 772 2216 usu
793 2156 950 2218 remotum
970 2157 1030 2233 est,
1050 2151 1202 2243 μεσηγύ

88 2249 336 2344 τιμωρούς,
368 2253 483 2335 quibus
504 2259 633 2337 praeter
654 2256 766 2335 poetas
787 2253 997 2336 Hippocrates
1018 2273 1144 2339 quoque
1170 2262 1205 2323 et

89 2359 246 2425 dretaem
268 2361 401 2422 utuntur
423 2355 465 2440 [v.
489 2375 586 2439 supra
605 2376 636 2439 p.
661 2353 746 2442 1631.
791 2353 825 2442 Si
846 2374 921 2423 vero
942 2362 1057 2424 natum
1073 2358 1202 2425 adiecti

26 2464 29 2471 “
89 2480 164 2528 vum
185 2465 236 2527 est
256 2460 390 2526 duorum
411 2477 571 2541 generum,
594 2457 758 2525 affectione
780 2462 881 2539 caret,
903 2459 937 2525 id
958 2460 1043 2541 quod
1063 2462 1204 2527 nonnulli

88 2564 186 2630 etiam
218 2561 258 2627 de
287 2555 392 2641 εόθάς
423 2568 457 2629 et
484 2557 568 2630 «too
591 2560 744 2642 suspicati
765 2566 853 2641 sunt,
886 2562 1060 2646 eademque
1081 2564 1204 2630 tollitur

61 2663 326 2749 =significauonis
348 2664 529 2731 discrimine
552 2664 696 2746 quamvis
717 2665 806 2730 tenui
839 2670 873 2731 et
893 2683 989 2748 saepe
1010 2684 1073 2731 non
1095 2666 1202 2732 obser·

87 2773 160 2834 vato
182 2765 311 2850 [Parall.
337 2765 399 2832 120
421 2773 454 2833 et
475 2788 504 2833 n.
527 2765 593 2851 48].
627 2765 678 2832 hd
698 2765 778 2833 haec
799 2768 923 2835 accedit
943 2772 1091 2835 acuemus
1113 2767 1201 2835 dille·

87 2870 191 2937 tentia
216 2869 250 2933 in
271 2868 372 2935 altero
394 2870 664 2936 diuutalectorum:
698 2860 886 2956 άντικρυς
913 2865 1071 2958 άποβσλῇ
1099 2873 1202 2943 τοῦ]

88 2968 236 3055 άπέβσιλσ
258 2968 385 3035 καὶ-τὸν
400 2967 497 3036 τόνον
507 2964 609 3052 Epim.
621 2968 638 3033 I
651 2965 721 3033 174.
736 2968 779 3034 30
801 2976 834 3035 et
846 2971 987 3052 Apollon.
997 2971 1075 3037 Adv.
1088 2968 1160 3037 614.
1173 2973 1201 3038 7.

87 3075 122 3142 Si
143 3092 217 3140 vero
240 3091 278 3138 ex
295 3066 461 3155 ἇιιικάρα,
483 3077 520 3136 ut
540 3069 791 3150 inEld.dicitur‚
814 3077 1009 3138 contractum
1020 3077 1078 3152 est
1101 3073 1202 3155 sigma

88 3177 284 3244 extrinsecus
306 3175 450 3254 accessit,
472 3178 603 3240 accentu
620 3173 810 3239 characteris
831 3191 935 3255 causa,
957 3179 995 3240 nt
1004 3176 1201 3257 grammatici

71 3281 203 3357 dicunt
226 3278 267 3342 ad
288 3277 431 3341 ultimam
452 3276 616 3342 translato.
647 3276 805 3341 Homerus
822 3280 929 3342 tamen
948 3276 1027 3343 illud
1040 3296 1200 3361 nunquam

86 3382 177 3448 addit
208 3379 335 3445 excluso
367 3377 535 3461 barytono;
574 3380 766 3461 posteriores
796 3383 931 3462 utroque
962 3385 1109 3461 utuntur,
1143 3384 1199 3449 sed

86 3484 229 3568 plerique
251 3481 399 3547 distincte
415 3481 447 3565 ¹).
486 3481 638 3547 Eiusdem
660 3481 884 3548 vicissitudinis
906 3477 1050 3565 exempla
1072 3478 1200 3570 ἀτρέμα

87 3634 344 3648 ——u———ffl

156 3718 183 3782 1)
200 3721 242 3771 De
258 3723 369 3786 utroque
391 3722 517 3775 adverbio
545 3737 616 3788 quse
640 3722 752 3774 disserui
778 3722 813 3774 ad
829 3722 929 3789 Phryn.
957 3719 1042 3793 [444],
1067 3726 1199 3792 copiosius

85 3810 248 3872 umqnutus
271 3810 312 3857 est
332 3808 425 3873 Poppo
452 3808 486 3860 ad
503 3807 588 3861 Thac.
606 3807 625 3858 ll
643 3808 668 3860 4.
685 3806 711 3862 o.
739 3802 819 3860 nied
836 3809 980 3876 temporalo
997 3811 1029 3863 Ῑι.
1048 3811 1200 3864 Dlndorfius

84 3894 113 3943 in
130 3891 211 3943 Thes.
229 3891 288 3942 Vol.
305 3891 335 3943 lll
354 3887 420 3945 1991
440 3908 526 3959 περιτο
541 3894 676 3945 Aristoteli
693 3895 815 3948 concedit
830 3896 1119 3964 noquo'l'hoophrsst03
1136 3899 1200 3950 utri·

85 3992 138 4043 que
158 3976 321 4043 reliquerunt
344 3977 481 4029 Rehkorus
508 3980 536 4029 in
559 3980 649 4032 Probl.
671 3980 755 4034 XXVl
773 3981 806 4035 lu
832 3997 859 4047 p.
876 3979 972 4036 9419
999 3989 1026 4035 et
1041 3984 1199 4036 Wimmorus

84 4065 155 4116 Hist.
172 4062 258 4114 Plant.
276 4063 286 4112 l
305 4061 346 4126 13,
364 4063 393 4113 lll
411 4064 436 4115 4.
453 4059 471 4112 9
489 4069 515 4115 et
532 4080 716 4132 nonnunquam
734 4067 826 4118 codem
842 4065 903 4117 looo
920 4072 1072 4133 utrumque:
1090 4064 1199 4138 καρπὸν

85 4144 154 4199 εὐθὺ
172 4145 282 4217 ἐκφέρει
299 4144 360 4200 116.
378 4145 408 4211 6,
435 4149 482 4199 sed
502 4150 583 4214 paulo
611 4158 670 4216 post
692 4151 922 4220 καρποφοροῦσιν
944 4146 1034 4210 εὐθύς.
1069 4153 1123 4204 Pro
1141 4150 1196 4205 κατ’

86 4228 178 4294 εὐθύς,
197 4232 268 4300 quod
284 4232 319 4284 od
338 4233 437 4298 Phr-yn.
457 4232 507 4286 llo
525 4248 557 4284 cx
574 4235 695 4302 Apollon.
711 4237 776 4287 Lex.
794 4238 884 4301 citavi,
901 4252 972 4288 nuno
987 4243 1059 4290 recte
1076 4241 1199 4294 scribitur

85 4314 140 4368 κατ’
161 4313 228 4369 εὐθύ
247 4325 273 4369 et
288 4318 339 4370 hoc
356 4320 453 4372 rectius
470 4334 548 4387 quem
564 4318 672 4388 hyphen
689 4315 818 4384 κατιοθά,
843 4336 872 4373 v.
888 4323 1063 4391 Romnum,
1079 4326 1115 4378 ad
1131 4326 1198 4378 Xon.
