2736 4778
172 336 247 414 350
456 331 776 405 omsmmrro
804 332 851 402 rr
894 330 935 402 Ρ.
954 331 1000 402 n.
1101 421 1109 429 ,

171 524 317 590 Eaedem
341 511 512 609 literaep}
536 523 572 588 in
593 524 657 590 alio
679 525 810 589 nomine
833 524 971 590 omissae
994 534 1161 610 putantur:
1190 524 1287 609 βίρε·

172 633 259 707 boor
278 625 335 691 καὶ
355 626 438 691 κατὰ
461 625 632 710 συγκοπὴν
657 629 800 711 βέῧρον·
824 622 910 691 eiius
933 628 1069 710 Κράτης
1091 625 1149 690 καὶ
1169 621 1285 713 Εὔφο-

171 726 253 813 pisos
281 728 361 792 ΕΜ.
392 727 469 803 194,
497 727 549 791 23.
600 725 638 793 si
670 749 746 791 vero
775 726 919 791 animum
947 725 1114 818 referimus
1141 726 1184 789 ad
1206 748 1286 791 eon·

172 840 325 914 generata
345 826 457 912 βάθος
478 825 603 912 βάσσος
623 831 733 915 βῆσσα
755 825 901 911 pluvios
920 824 1044 909 βυσσός
1064 827 1189 911 βυθός,
1215 849 1286 893 ore-

172 929 271 995 dibile
304 929 341 994 fit
372 952 439 995 non
473 930 597 1015 βέθρον
629 929 797 992 oonoisum
825 930 884 994 sed
913 926 1090 1015 βάραθρον
1119 929 1287 996 dilatatum

170 1055 242 1098 esse
260 1031 304 1114 ²).
357 1032 411 1097 De
441 1028 565 1115 syllaba
589 1015 640 1115 pri
666 1028 803 1114 ambigit
833 1028 1025 1095 Eustathius
1054 1053 1087 1116 p.
1121 1032 1197 1108 114,
1233 1032 1284 1098 13.

169 1159 203 1221 p.
227 1130 402 1209 1807,'14.
431 1133 468 1197 τὸ
495 1131 622 1216 μάρτυς
648 1132 734 1207 τινές
760 1154 863 1219 φασιν
893 1130 927 1198 ἐκ
953 1133 1012 1197 τοῦ
1036 1129 1206 1217 μάρτυρος
1228 1159 1283 1216 ys-

169 1236 292 1304 νὲσθαι
320 1233 405 1300 κατὰ
435 1225 618 1318 συγκοπήν·
648 1229 683 1297 ἐν
712 1230 749 1298 δὲ
771 1237 842 1308 τοῖς
863 1225 1076 1315 όνοματικοῖς
1096 1236 1156 1298 τοῦ
1174 1229 1284 1320 Ἡρω-

172 1336 457 1427 διανοῦιφὲρεται
487 1328 540 1398 ὅτι
568 1328 587 1420 ἡ
616 1330 724 1419 yrum}
752 1335 812 1397 τοῦ
839 1329 1008 1418 μάρτυρος
1031 1327 1213 1417 ἀνέδραμεν
1234 1328 1285 1410 εἷς

170 1431 308 1504 εὐθεῖαν
334 1431 352 1501 ὁ
382 1430 559 1518 μάρτυρος.
609 1431 717 1498 Prisci
744 1431 880 1497 fortasse
907 1429 1053 1519 μάριυρς
1075 1434 1227 1500 dixerunt
1247 1448 1285 1500 ut

169 1537 315 1622 μάκαρς,
345 1536 513 1625 politiores
538 1530 664 1618 μάρτυς
694 1535 838 1598 detracta
866 1533 958 1599 litera
991 1534 1171 1599 horridiore
1199 1558 1284 1620 quae

171 1638 301 1704 oaeibus
323 1637 501 1724 imparibus
524 1634 736 1723 permittitur,
763 1647 795 1700 et
821 1635 856 1699 hi
878 1636 974 1700 etiam
993 1636 1228 1702 nominativum
1249 1639 1283 1703 in

169 1739 219 1804 sui
240 1739 484 1805 similitudinem
505 1748 679 1802 traxerunt.
716 1737 908 1802 Proximum
932 1749 982 1803 est
1004 1738 1165 1825 Stephani
1186 1762 1282 1825 prae-

170 1852 301 1927 ceptum
315 1836 475 1924 Ἀρσυσιά
488 1876 526 1886 -
542 1835 573 1905 oi
596 1837 798 1916 ἐνοικοῦντες
816 1833 992 1927 ’Λρσυηνοί
1010 1841 1100 1928 κατὰ
1113 1841 1284 1928 συγκοπὴν

168 1947 227 2030 τῆς
255 1928 300 2010 o]
343 1939 451 2006 Multo
475 1939 605 2027 saepius
625 1938 720 2004 litera
741 1939 878 2024 mystica
899 1961 973 2004 oum
993 1940 1097 2006 vocali
1120 1939 1182 2005 sibi
1204 1940 1282 2006 sub·

162 2044 277 2128 juncta
305 2041 477 2108 stationem
508 2064 600 2107 suam
630 2041 813 2107 deseruisse
836 2040 962 2106 dieitur.
1006 2043 1099 2108 Loco
1127 2057 1280 2131 suspecto

169 2146 237 2213 od
267 2148 309 2214 V.
334 2145 408 2211 337.
438 2141 557 2233 αἰθυίῃ
589 2140 699 2210 εἰκυῖα
730 2139 837 2232 nortio
869 2143 1058 2208 adnotatum
1092 2154 1142 2210 est
1173 2143 1281 2232 ποτήν

167 2251 305 2335 orpora*
330 2241 466 2330 ἄμεινον
486 2242 522 2312 δὲ
542 2242 645 2330 χωρὶς
665 2231 763 2310 τοῦῖ
782 2242 817 2310 ἐν
839 2246 957 2333 δοτικῇ
967 2267 975 2282 ·
1003 2243 1141 2312 δύναται
1165 2242 1201 2311 dd
1224 2245 1281 2312 καὶ

165 2353 264 2416 τοῦτο
292 2343 359 2415 ὑπὸ
388 2346 448 2434 τὴν
476 2345 648 2431 συγκοπὴν
678 2337 763 2412 εἶναι
793 2344 851 2411 καὶ
878 2341 948 2413 ἀπὸ
976 2351 1038 2413 τοῦ
1056 2350 1131 2412 arri
1155 2347 1280 2432 (πέτω)

166 2450 364 2536 γεγενῆσθαι
392 2441 439 2523 ὠς
465 2446 553 2529 νέμω
582 2441 684 2532 νομή,
717 2447 850 2534 orps'pw
879 2445 1009 2536 στροφή
1031 2449 1118 2513 unde
1142 2459 1281 2536 apparet

166 2548 246 2616 ahos
269 2551 356 2636 ποτῇ
379 2570 438 2635 pro
462 2549 589 2634 ποιητῇ
619 2545 654 2609 id
677 2558 728 2610 est
749 2547 872 2611 volatili
893 2549 1076 2636 accepisse,
1106 2549 1186 2615 alios
1218 2573 1278 2637 pro

82 2662 85 2667 “
166 2651 365 2717 substantivo
381 2644 476 2735 ,ποτή
499 2646 589 2730 quod
604 2648 679 2730 jure
702 2649 922 2734 praeponitur.
967 2651 1072 2734 Παρὰ
1099 2652 1138 2717 τὰ
1163 2651 1279 2738 ἐτήτυ-

165 2777 227 2838 μος
256 2751 291 2818 ἐν
315 2752 468 2835 συγκοπῇ
489 2746 608 2828 ἔτυμος
628 2747 791 2815 Choerob.
817 2751 851 2815 in
873 2751 994 2816 Psalm.
1019 2753 1090 2831 119,
1112 2754 1164 2817 22.
1190 2752 1280 2837 quod

166 2854 258 2921 aliter
281 2875 316 2918 se
340 2850 459 2917 habere
481 2872 580 2937 supra
602 2850 749 2917 disserui.
797 2851 843 2919 Τό
868 2848 974 2920 ὀπτόν
996 2854 1081 2920 κατὰ
1109 2853 1281 2940 συγκοπὴν

166 2953 202 3022 ἐκ
219 2958 278 3022 τοῦ
297 2951 442 3040 {improb
453 2989 493 3041 γ-
506 2953 561 3018 καὶ
581 2951 617 3018 ἐκ
635 2959 694 3018 τοῦ
712 2949 839 3038 ἑψητόν
855 2955 892 3019 τὸ
911 2949 1019 3040 ἑφθόν
1034 2956 1128 3020 Eust.
1140 2955 1214 3033 481,
1226 2954 1278 3020 35.

163 3057 244 3123 EM.
274 3057 348 3133 403,
379 3055 429 3120 43.
462 3052 665 3119 Primitivum
688 3055 776 3120 haud
803 3054 901 3120 dubie
922 3055 983 3120 tuit
1005 3055 1093 3144 ἕψω,
1119 3079 1157 3122 ao
1178 3056 1207 3120 si
1228 3056 1279 3120 ul-

164 3159 263 3225 terius
286 3155 493 3246 provehimur
514 3156 585 3222 ἕπω
609 3156 629 3221 i.
654 3180 685 3242 q.
708 3157 823 3224 πέσσω
845 3157 912 3221 sive
934 3155 1046 3223 πέπω
1057 3179 1167 3241 coquo,
1190 3157 1279 3222 unde

165 3259 301 3325 derivari
326 3259 431 3346 potuit
457 3254 557 3333 ἑπιός
578 3267 617 3322 ut
640 3256 770 3334 πεπτός
799 3259 858 3323 sed
881 3256 1012 3322 arbitrio
1036 3260 1180 3343 quodam
1199 3280 1279 3323 usus

162 3361 283 3427 laetum
304 3373 353 3426 est
373 3372 409 3424 ut
430 3370 559 3424 coetum
582 3359 741 3423 diceretur
763 3354 872 3447 ἑφθόν
900 3360 967 3423 sive
995 3356 1134 3449 ἑψητόν,
1169 3383 1279 3426 assum

162 3485 239 3528 vero
260 3457 381 3541 ὀπτόν,
405 3461 492 3526 unde
510 3457 643 3524 verbum
661 3454 785 3547 ὀπτᾲν,
807 3460 867 3525 sed
883 3483 989 3545 neque
1007 3456 1153 3550 ὂπτητός
1170 3484 1279 3547 neque

164 3561 357 3649 ἑξοητητός.
408 3563 509 3627 Haud
542 3561 660 3625 certius
690 3570 738 3624 est
769 3557 900 3639 ἔξαιτος
922 3586 981 3648 pro
1005 3559 1179 3648 ἐξαιτητός
1203 3564 1278 3639 diei,

164 3663 254 3751 quod
274 3675 402 3750 praeter
424 3664 592 3731 Glossaria
616 3685 682 3727 non
704 3652 838 3745 legitur,
862 3664 1022 3729 rarissime
1045 3664 1194 3751 simplex,
1219 3689 1277 3730 ne·

164 3788 228 3851 que
264 3775 314 3828 sat
346 3766 499 3851 expedita
532 3765 624 3849 origo
656 3763 795 3828 nominis
830 3786 932 3850 aeque
973 3764 1112 3832 obsoleti
1145 3759 1276 3846 derisor,

162 3867 303 3955 ipsaque
331 3865 429 3931 verba
456 3862 539 3931 αἰτῶ
569 3876 601 3929 et
627 3861 713 3932 οὖτῶ
740 3865 883 3952 speciem
906 3867 1123 3932 derivatorum
1146 3853 1276 3943 habent,

162 3969 249 4034 unde
272 3981 378 4032 autem
401 3965 544 4031 derivata
565 3967 638 4044 sint,
660 3988 727 4031 non
748 3979 883 4032 constat.
921 3969 1106 4055 Ιίυβιστήρ,
1130 3969 1221 4054 quod
1242 3967 1277 4033 in

230 4207 261 4272 2)
282 4223 309 4259 r.
327 4205 451 4260 Meinelr.
470 4201 552 4258 Anal.
574 4204 631 4258 117.
654 4201 700 4275 qui
722 4205 800 4275 quod
820 4203 903 4258 atttrt
926 4201 1035 4279 βάθρον
1056 4223 1073 4259 a
1092 4210 1179 4274 βαίνω
1203 4205 1276 4260 deri·

161 4298 254 4348 vatum
273 4299 323 4346 est.
1264 4317 1266 4320 >
