2736 4778
143 348 208 414 DE
229 346 357 415 ALIIS
380 343 619 415 SYNCOPAE
640 338 916 408 ommes.
944 336 1019 406 (ln
1035 339 1101 425 §.Z
1128 341 1203 419 m

87 557 122 621 p.
143 533 216 598 262.
236 532 270 598 b.
293 532 348 597 44.
374 530 427 594 vel
452 551 474 593 a
497 527 642 592 thomate
667 525 756 590 unde
782 526 888 608 πῖαρ,
915 520 1049 608 πίειρα,
1077 521 1203 612 mrim,

88 631 219 723 πιότης.
263 634 482 698 Buttmannua
511 629 546 694 in
565 628 711 695 Gramm.
734 626 763 691 I.
787 623 862 690 262.
887 623 970 690 illud
987 645 1064 693 cnm
1085 624 1203 713 ἆπὼρ-

89 730 258 816 σμότατος
273 730 415 808 confert,
437 729 576 815 quodni
596 728 639 793 atl
659 724 855 813 ἐπιλήσμων
874 725 1021 802 retertur,
1042 747 1109 792 non
1124 726 1205 794 duaa

86 833 196 899 literne
214 833 345 918 abjecit·
354 820 414 897 aed
428 841 495 897 trec
509 850 595 917 quae
611 829 647 894 in
662 826 941 916 σωφρονέστατος
955 837 1016 893 etc.
1029 837 1206 914 apparenti

90 934 140 1002 ain
171 934 215 998 ad
246 933 436 997 inusitatum
460 929 669 1018 θπίλησμος,
703 948 779 993 oum
807 926 1084 1012 ιιαταπνγότερος
1114 948 1206 999 conr·

91 1035 202 1119 parari
222 1043 349 1120 potest,
371 1033 462 1118 cujua
475 1032 612 1119 primam
631 1029 829 1117 positionem
847 1049 945 1093 nemo
966 1029 1058 1093 novit
1076 1038 1207 1115 praetor

90 1134 368 1222 Gloseographos.
433 1132 664 1222 Comparativa
699 1154 720 1196 a
755 1129 984 1217 comparativis
1021 1139 1206 1217 propagata

88 1228 316 1329 οἰμεινότερος,
339 1230 546 1325 ἀραιότερος,
569 1227 760 1317 ὀλιζότερος
778 1231 918 1319 figuram
941 1253 1110 1330 nunquam
1129 1254 1204 1332 mu:

87 1345 167 1399 tant.
200 1333 281 1401 ΕΜ.
302 1334 379 1412 666,
404 1334 455 1400 53.
482 1330 629 1417 πάχετον
656 1331 741 1400 κατὰ
770 1330 940 1419 συγκοπὴν
964 1335 1023 1400 τοῦ
1049 1358 1070 1400 ιι
1098 1335 1202 1420 noi?

86 1445 120 1498 et
150 1429 262 1502 Schol.
291 1436 359 1502 Otl.
381 1435 478 1504 VIII.
507 1435 579 1502 187.
611 1432 696 1500 κατὰ
725 1430 897 1519 corrourio
924 1431 980 1501 καὶ
1006 1430 1202 1532 μετάθεσιν,

84 1534 148 1600 sibi
176 1534 315 1602 invicem
341 1536 560 1624 opitulantur3
591 1535 688 1601 ambo
715 1533 803 1599 cnim
829 1532 918 1599 idem
942 1532 1056 1599 dicunt
1082 1561 1101 1601 v
1128 1545 1203 1620 στρ

85 1637 226 1715 excisas,
253 1626 330 1704 {ot
347 1628 374 1725 ᾗ
391 1638 607 1726 transpositae
628 1657 712 1703 erae.
755 1634 905 1702 sedeur
924 1630 1083 1714 πάχετος,
1109 1636 1204 1720 quod

84 1735 162 1803 Sch.
183 1737 223 1802 Π.
244 1736 345 1806 XIV.
368 1739 441 1804 287.
464 1760 485 1804 a
507 1736 616 1821 πάχος
641 1738 775 1802 ductum
796 1733 877 1800 dicit
896 1756 957 1821 per
977 1737 1145 1821 epectaain
1165 1746 1204 1804 ul

85 1835 323 1923 περιμήκετος,
353 1861 414 1927 pro
437 1838 658 1926 comparativo
680 1836 838 1903 habetatur
859 1836 948 1901 nulla
968 1848 1141 1907 causaest
1161 1858 1201 1906 nc

84 1958 127 2001 ne
159 1937 355 2022 adjectivum
387 1942 521 2027 quidem
554 1941 701 2006 Homero
737 1938 930 2022 relinquitur
965 1937 994 2003 ei
1024 1940 1200 2025 recipimur

83 2037 246 2122 Nitrachii
272 2050 307 2105 ct
330 2041 546 2107 Doederleini
562 2040 838 2108 emendationem
864 2038 1064 2104 lenissimam
1088 2032 1220 2111 Glooa.¹

84 2138 186 2202 Hom.
207 2138 260 2205 35.
280 2161 311 2206 r.
333 2143 377 2206 ad
397 2144 520 2208 Buttm.
536 2142 610 2207 408.
643 2136 889 2226 Εὐχειριότερος
910 2150 943 2204 et
963 2139 1027 2205 alia
1045 2143 1202 2211 nonnulla

84 2238 289 2305 librariorum
308 2243 427 2308 menda
448 2244 559 2309 notari
584 2243 620 2308 in
640 2240 761 2307 Parall.
782 2262 816 2327 p.
838 2240 881 2304 39
902 2260 952 2326 aq.
964 2241 1019 2324 ²²)
1057 2237 1201 2328 Ἀθεμί·

85 2360 205 2424 στερος
229 2350 260 2406 et
283 2334 502 2431 ἇχαρίστερος
527 2345 592 2410 alia
617 2341 779 2431 principia
804 2340 928 2409 habent
953 2355 1052 2428 atque
1074 2339 1200 2431 ἆθεμι·

85 2435 242 2526 στότερος
259 2453 292 2508 et
308 2439 469 2531 ἅχαριστό
473 2470 576 2536 τερος.
616 2446 650 2511 Α
669 2442 872 2510 substantivo
891 2445 928 2509 τὸ
947 2446 1096 2530 πρέσβος
1112 2445 1200 2511 dari·

82 2551 193 2606 vatum
206 2542 336 2608 videtur
351 2547 555 2633 πρέσβισιος
570 2555 609 2611 ut
624 2545 811 2630 κέρδιστος,
832 2544 1000 2625 κύδιστος,
1024 2545 1067 2612 ab
1083 2547 1201 2613 eodem

81 2663 160 2707 vero
176 2643 343 2710 Nicander
358 2645 605 2735 πρεσβίσταιος
620 2645 777 2732 produxit
794 2656 827 2711 et
848 2668 868 2710 a
886 2648 986 2722 κῦδος
1004 2646 1200 2726 καθίσταται

84 2740 167 2809 καθ’
193 2740 378 2832 ὑπέρθεσιν
406 2741 637 2835 ὑπερθέσεως,
671 2755 708 2811 ut
732 2747 925 2812 Euetcthiua
954 2747 1115 2833 loquitur,
1147 2749 1200 2815 vel

83 2845 194 2931 potius
218 2868 279 2933 per
300 2869 500 2935 paragogen.
544 2848 603 2913 Ad
630 2845 714 2914 hanc
741 2846 827 2912 redit
851 2847 1044 2914 Eustatlriua
1071 2872 1092 2914 a
1118 2872 1197 2936 eyn-

81 2968 168 3032 cope
189 2968 283 3013 oraua
303 2948 376 3027 786,
395 2948 447 3014 30.
469 2947 506 3014 τὸ
529 2947 662 3016 νειόθεν
681 2949 907 3034 συγκέκοπται
927 2947 966 3015 ἐκ
985 2953 1045 3016 τοῦ
1065 2975 1200 3037 notato·

81 3044 190 3114 τύποι·
217 3040 408 3127 νειατόθεν,
441 3044 473 3115 εἰ
500 3049 547 3139 μὴ
580 3040 647 3134 ἄρα
676 3049 714 3114 ἐκ
744 3051 804 3113 τοῦ
832 3053 921 3126 νεῖος
950 3054 1124 3136 παρῆκται
1153 3047 1200 3129 ὡς

80 3145 195 3231 τρίτος
218 3145 375 3233 τρίτατος
398 3148 454 3215 καὶ
481 3148 525 3215 ιὰ
549 3145 652 3233 ὅμοια
678 3148 742 3213 hoc
767 3156 816 3212 eal
840 3155 878 3211 ut
905 3142 1108 3231 ἓβδόματος,
1137 3150 1198 3232 μέ-

79 3268 184 3324 σατος
206 3260 238 3312 et
258 3248 322 3313 alita
340 3270 426 3334 quac
446 3249 535 3313 idem
557 3245 651 3328 1463,
672 3248 725 3315 34.
748 3257 781 3313 et
799 3245 881 3314 EM.
903 3247 977 3326 685,
999 3249 1028 3312 1.
1052 3271 1112 3334 pro
1135 3249 1198 3316 hac

81 3349 244 3414 sententia
264 3349 359 3415 affert
384 3374 453 3417 non
480 3349 651 3417 observato
680 3350 772 3436 qnod
796 3348 945 3415 nonnihil
971 3348 1197 3418 haesitationis

79 3448 175 3514 affert
194 3450 381 3517 discrimine
404 3474 538 3530 rensua3
559 3475 635 3518 nam
650 3449 781 3521 νειόθεν
796 3462 829 3516 et
843 3448 953 3517 νειόθι
970 3451 1068 3517 sicut
1082 3450 1198 3536 νέατος

78 3550 352 3636 significationem
371 3553 493 3620 habent
513 3554 592 3632 loci,
614 3554 688 3633 νέος
708 3574 785 3619 vero
806 3552 974 3640 temporis.
1013 3551 1110 3635 Quae
1130 3555 1195 3624 So·

78 3650 216 3738 ph'ocles
246 3655 381 3741 protulit
410 3654 641 3745 προφέρτερος
671 3664 704 3720 et
735 3651 986 3740 προφέρτστος,
1021 3656 1196 3745 ipsumque

147 3856 196 3924 rt)
213 3854 246 3910 P.
258 3858 300 3912 ll.
318 3872 371 3928 pro
391 3859 601 3916 κονικιίσιαιος
619 3852 800 3910 scribendum
821 3862 865 3910 art
888 3854 1090 3921 memorator
1113 3869 1142 3914 et
1164 3860 1195 3916 in

76 3942 136 3995 line
159 3942 256 3995 adnot.
274 3944 318 3996 tr.
347 3946 439 4011 Τῖσις,
458 3944 556 4003 Λῦσις.
589 3934 817 4010 Ὀξυιινούσιαιος
838 3941 917 3999 Sext.
943 3960 967 3997 c.
987 3943 1071 4015 Phys.
1097 3965 1125 4015 p.
1144 3948 1193 3998 tot

75 4026 169 4081 Beklt.
185 4028 263 4098 quod
277 4027 311 4080 L.
324 4026 488 4082 Dindorfiua
505 4025 534 4079 in
549 4025 638 4081 Thea.
651 4026 680 4080 in
699 4022 899 4095 ὀξυηκσιὶιιιιος
915 4029 1016 4082 mutari
1029 4028 1114 4099 jubet
1131 4049 1194 4101 ayn·

75 4129 170 4182 copen
187 4111 315 4167 illicitam
333 4113 457 4182 culpans,
477 4129 533 4167 non
551 4129 586 4166 ex
601 4113 656 4167 hoc
674 4112 816 4167 concisum
834 4112 884 4166 red
902 4114 1051 4183 apoaitivo
1065 4112 1195 4183 ιἰξσὴκους

77 4197 245 4264 derivatum,
261 4197 308 4252 hic
326 4205 420 4252 autem
433 4206 531 4252 contra
541 4215 647 4252 morem
659 4206 818 4254 contractus
833 4205 876 4253 aet
891 4216 1023 4268 perversa
1040 4200 1193 4256 imitatione

76 4283 237 4354 vulgarium
256 4280 390 4353 εὔπνους,
410 4281 566 4357 πολύχραυς
584 4291 637 4338 etc.
