<?xml version="1.0" encoding="UTF-8"?>
<!DOCTYPE html PUBLIC "-//W3C//DTD XHTML 1.0 Transitional//EN"
    "http://www.w3.org/TR/xhtml1/DTD/xhtml1-transitional.dtd">
<html xmlns="http://www.w3.org/1999/xhtml" xml:lang="en" lang="en">
 <head>
  <title>
</title>
<meta http-equiv="Content-Type" content="text/html;charset=utf-8" />
  <meta name='ocr-system' content='tesseract 3.04.00' />
  <meta name='ocr-capabilities' content='ocr_page ocr_carea ocr_par ocr_line ocrx_word'/>
</head>
<body>
  <div class='ocr_page' id='page_1' title='image "./pathologiaegrae00lobegoog_0838.png"; bbox 0 0 2736 4778; ppageno 0'>
   <div class='ocr_carea' id='block_1_1' title="bbox 192 367 948 440">
    <p class='ocr_par' dir='ltr' id='par_1_1' title="bbox 192 367 948 440">
     <span class='ocr_line' id='line_1_1' title="bbox 192 367 948 440; baseline -0.007 -1"><span class='ocrx_word' id='word_1_1' title='bbox 192 370 253 440; x_wconf 87' lang='grc'><strong>166</strong></span> <span class='ocrx_word' id='word_1_2' title='bbox 571 367 850 437; x_wconf 82' lang='lat' dir='ltr'>DISSERTATIO</span> <span class='ocrx_word' id='word_1_3' title='bbox 876 368 948 435; x_wconf 80' lang='lat' dir='ltr'><strong>m</strong></span> 
     </span>
    </p>
   </div>
   <div class='ocr_carea' id='block_1_2' title="bbox 103 528 1349 2369">
    <p class='ocr_par' dir='ltr' id='par_1_2' title="bbox 103 528 1349 2369">
     <span class='ocr_line' id='line_1_2' title="bbox 189 528 1326 620; baseline -0.002 -18"><span class='ocrx_word' id='word_1_4' title='bbox 189 534 322 602; x_wconf 77' lang='lat' dir='ltr'><strong>ouvll</strong></span> <span class='ocrx_word' id='word_1_5' title='bbox 343 534 416 614; x_wconf 80' lang='lat'><strong>272,</strong></span> <span class='ocrx_word' id='word_1_6' title='bbox 439 534 474 599; x_wconf 85' lang='grc' dir='ltr'><strong>Π.</strong></span> <span class='ocrx_word' id='word_1_7' title='bbox 497 534 513 599; x_wconf 94' lang='grc' dir='ltr'>Ι</span> <span class='ocrx_word' id='word_1_8' title='bbox 535 532 657 599; x_wconf 64' lang='grc'><strong>486-</strong></span> <span class='ocrx_word' id='word_1_9' title='bbox 680 529 863 618; x_wconf 61' lang='lat' dir='ltr'><strong>&#39;sperem&#39;</strong></span> <span class='ocrx_word' id='word_1_10' title='bbox 883 538 918 599; x_wconf 81' lang='lat' dir='ltr'><strong>et</strong></span> <span class='ocrx_word' id='word_1_11' title='bbox 939 528 1134 620; x_wconf 73' lang='grc' dir='ltr'><strong><em>ἐρετμοῦς</em></strong></span> <span class='ocrx_word' id='word_1_12' title='bbox 1155 533 1219 601; x_wconf 81' lang='lat' dir='ltr'><strong>hic</strong></span> <span class='ocrx_word' id='word_1_13' title='bbox 1235 535 1326 619; x_wconf 79' lang='lat' dir='ltr'><strong>igno-</strong></span> 
     </span>
     <span class='ocr_line' id='line_1_3' title="bbox 190 636 1326 721; baseline 0.001 -17"><span class='ocrx_word' id='word_1_14' title='bbox 190 644 242 705; x_wconf 92' lang='lat' dir='ltr'><strong>rat</strong></span> <span class='ocrx_word' id='word_1_15' title='bbox 262 638 329 702; x_wconf 89' lang='lat' dir='ltr'><strong>solo</strong></span> <span class='ocrx_word' id='word_1_16' title='bbox 351 644 464 703; x_wconf 89' lang='lat' dir='ltr'><strong>neutro</strong></span> <span class='ocrx_word' id='word_1_17' title='bbox 486 642 665 717; x_wconf 86' lang='lat' dir='ltr'><strong>contentus,</strong></span> <span class='ocrx_word' id='word_1_18' title='bbox 698 637 783 718; x_wconf 81' lang='lat' dir='ltr'><strong>quod</strong></span> <span class='ocrx_word' id='word_1_19' title='bbox 804 638 918 702; x_wconf 77' lang='lat' dir='ltr'><strong>ueteris</strong></span> <span class='ocrx_word' id='word_1_20' title='bbox 938 655 1063 719; x_wconf 91' lang='lat' dir='ltr'><strong>quoque</strong></span> <span class='ocrx_word' id='word_1_21' title='bbox 1084 638 1171 702; x_wconf 83' lang='lat' dir='ltr'><strong>satis</strong></span> <span class='ocrx_word' id='word_1_22' title='bbox 1208 636 1326 721; x_wconf 65' lang='lat' dir='ltr'><strong>iecit&#39;)¹</strong></span> 
     </span>
     <span class='ocr_line' id='line_1_4' title="bbox 190 735 1325 821; baseline 0 -14"><span class='ocrx_word' id='word_1_23' title='bbox 190 741 247 807; x_wconf 90' lang='lat' dir='ltr'><strong>sed</strong></span> <span class='ocrx_word' id='word_1_24' title='bbox 267 740 440 806; x_wconf 77' lang='lat' dir='ltr'>masculine</span> <span class='ocrx_word' id='word_1_25' title='bbox 463 740 539 805; x_wconf 85' lang='lat' dir='ltr'><strong>dicit</strong></span> <span class='ocrx_word' id='word_1_26' title='bbox 564 735 756 821; x_wconf 77' lang='grc' dir='ltr'><strong><em>χαλινούς</em></strong></span> <span class='ocrx_word' id='word_1_27' title='bbox 782 738 860 804; x_wconf 84' lang='lat' dir='ltr'><strong>xlx</strong></span> <span class='ocrx_word' id='word_1_28' title='bbox 881 736 954 818; x_wconf 86' lang='grc'><strong><em>393,</em></strong></span> <span class='ocrx_word' id='word_1_29' title='bbox 977 744 1013 804; x_wconf 90' lang='lat' dir='ltr'><strong>nt</strong></span> <span class='ocrx_word' id='word_1_30' title='bbox 1033 737 1206 804; x_wconf 81' lang='lat' dir='ltr'><strong>Nicander</strong></span> <span class='ocrx_word' id='word_1_31' title='bbox 1230 739 1325 807; x_wconf 83' lang='lat' dir='ltr'><strong>Ther.</strong></span> 
     </span>
     <span class='ocr_line' id='line_1_5' title="bbox 190 838 1326 924; baseline -0.005 -15"><span class='ocrx_word' id='word_1_32' title='bbox 190 843 263 924; x_wconf 76' lang='lat'><strong>233,</strong></span> <span class='ocrx_word' id='word_1_33' title='bbox 286 844 416 909; x_wconf 84' lang='lat' dir='ltr'><strong>sedhic</strong></span> <span class='ocrx_word' id='word_1_34' title='bbox 438 843 534 908; x_wconf 89' lang='lat' dir='ltr'><strong>etiam</strong></span> <span class='ocrx_word' id='word_1_35' title='bbox 565 838 708 924; x_wconf 64' lang='lat' dir='ltr'><strong>patrui</strong></span> <span class='ocrx_word' id='word_1_36' title='bbox 736 841 824 906; x_wconf 82' lang='lat' dir='ltr'><strong>Alex.</strong></span> <span class='ocrx_word' id='word_1_37' title='bbox 847 841 1004 908; x_wconf 73' lang='lat' dir='ltr'><strong>seucum</strong></span> <span class='ocrx_word' id='word_1_38' title='bbox 1026 840 1178 924; x_wconf 86' lang='lat' dir='ltr'><strong>Oppiano</strong></span> <span class='ocrx_word' id='word_1_39' title='bbox 1204 839 1326 924; x_wconf 68' lang='lat' dir='ltr'><strong>Gynep,</strong></span> 
     </span>
     <span class='ocr_line' id='line_1_6' title="bbox 189 943 1325 1027; baseline -0.003 -14"><span class='ocrx_word' id='word_1_40' title='bbox 189 948 222 1013; x_wconf 92' lang='lat'><strong>11</strong></span> <span class='ocrx_word' id='word_1_41' title='bbox 244 946 308 1013; x_wconf 80' lang='lat'><strong>538</strong></span> <span class='ocrx_word' id='word_1_42' title='bbox 330 952 364 1012; x_wconf 87' lang='lat' dir='ltr'><strong>et</strong></span> <span class='ocrx_word' id='word_1_43' title='bbox 384 945 496 1012; x_wconf 82' lang='lat' dir='ltr'><strong>Nonno</strong></span> <span class='ocrx_word' id='word_1_44' title='bbox 518 946 533 1010; x_wconf 93' lang='lat'><em>1</em></span> <span class='ocrx_word' id='word_1_45' title='bbox 556 944 634 1024; x_wconf 82' lang='lat'><strong>216,</strong></span> <span class='ocrx_word' id='word_1_46' title='bbox 651 952 719 1027; x_wconf 92' lang='lat' dir='ltr'><strong>&#39;quo</strong></span> <span class='ocrx_word' id='word_1_47' title='bbox 741 945 919 1010; x_wconf 91' lang='lat' dir='ltr'><strong>innomine</strong></span> <span class='ocrx_word' id='word_1_48' title='bbox 941 945 1066 1008; x_wconf 88' lang='lat' dir='ltr'><strong>variant</strong></span> <span class='ocrx_word' id='word_1_49' title='bbox 1086 943 1225 1009; x_wconf 86' lang='lat' dir='ltr'><strong>oodioes</strong></span> <span class='ocrx_word' id='word_1_50' title='bbox 1248 943 1325 1010; x_wconf 85' lang='lat' dir='ltr'><strong>Dio</strong></span> 
     </span>
     <span class='ocr_line' id='line_1_7' title="bbox 103 1044 1322 1137; baseline -0.005 -20"><span class='ocrx_word' id='word_1_51' title='bbox 103 1088 110 1103; x_wconf 75' lang='lat'>=</span> <span class='ocrx_word' id='word_1_52' title='bbox 188 1070 256 1134; x_wconf 75' lang='lat' dir='ltr'><strong>nys</strong></span> <span class='ocrx_word' id='word_1_53' title='bbox 269 1050 351 1116; x_wconf 85' lang='lat'>1060</span> <span class='ocrx_word' id='word_1_54' title='bbox 360 1047 483 1137; x_wconf 79' lang='grc' dir='ltr'><strong><em>χρύσεα</em></strong></span> <span class='ocrx_word' id='word_1_55' title='bbox 492 1086 529 1097; x_wconf 90' lang='lat'><em>-</em></span> <span class='ocrx_word' id='word_1_56' title='bbox 538 1045 735 1129; x_wconf 75' lang='grc' dir='ltr'><strong><em>στομάτεσσι</em></strong></span> <span class='ocrx_word' id='word_1_57' title='bbox 746 1045 865 1129; x_wconf 76' lang='grc' dir='ltr'><strong><em>χσλτνά</em></strong></span> <span class='ocrx_word' id='word_1_58' title='bbox 877 1053 911 1129; x_wconf 71' lang='lat' dir='ltr'><strong>el</strong></span> <span class='ocrx_word' id='word_1_59' title='bbox 920 1044 1054 1133; x_wconf 72' lang='grc' dir='ltr'><strong><em>χρύσεοι</em></strong></span> <span class='ocrx_word' id='word_1_60' title='bbox 1063 1083 1100 1093; x_wconf 95' lang='grc'><strong>-</strong></span> <span class='ocrx_word' id='word_1_61' title='bbox 1114 1048 1270 1128; x_wconf 72' lang='grc' dir='ltr'><strong><em>χαλινοὶ.</em></strong></span> <span class='ocrx_word' id='word_1_62' title='bbox 1287 1084 1322 1097; x_wconf 91' lang='lat'><strong>·-</strong></span> 
     </span>
     <span class='ocr_line' id='line_1_8' title="bbox 185 1143 1327 1239; baseline 0 -22"><span class='ocrx_word' id='word_1_63' title='bbox 185 1147 336 1237; x_wconf 71' lang='grc' dir='ltr'><strong><em>Ἕααρρὲς</em></strong></span> <span class='ocrx_word' id='word_1_64' title='bbox 357 1143 523 1239; x_wconf 69' lang='grc' dir='ltr'><strong><em>ὄνειρον</em></strong></span> <span class='ocrx_word' id='word_1_65' title='bbox 544 1151 702 1217; x_wconf 82' lang='lat' dir='ltr'>Homerus</span> <span class='ocrx_word' id='word_1_66' title='bbox 716 1156 818 1216; x_wconf 91' lang='lat' dir='ltr'><strong>metro</strong></span> <span class='ocrx_word' id='word_1_67' title='bbox 840 1151 936 1230; x_wconf 79' lang='lat' dir='ltr'><strong>dedit,</strong></span> <span class='ocrx_word' id='word_1_68' title='bbox 959 1150 1070 1216; x_wconf 87' lang='lat' dir='ltr'><strong>sedin</strong></span> <span class='ocrx_word' id='word_1_69' title='bbox 1091 1150 1216 1215; x_wconf 88' lang='lat' dir='ltr'><strong>ultimo</strong></span> <span class='ocrx_word' id='word_1_70' title='bbox 1229 1168 1327 1217; x_wconf 84' lang='lat' dir='ltr'><strong>versu</strong></span> 
     </span>
     <span class='ocr_line' id='line_1_9' title="bbox 186 1245 1324 1341; baseline -0.003 -22"><span class='ocrx_word' id='word_1_71' title='bbox 186 1254 338 1336; x_wconf 83' lang='lat' dir='ltr'><strong>praetulit</strong></span> <span class='ocrx_word' id='word_1_72' title='bbox 360 1248 510 1341; x_wconf 75' lang='grc' dir='ltr'><strong>ὀνείρους</strong></span> <span class='ocrx_word' id='word_1_73' title='bbox 542 1260 574 1321; x_wconf 81' lang='lat' dir='ltr'><strong>et</strong></span> <span class='ocrx_word' id='word_1_74' title='bbox 598 1256 788 1335; x_wconf 56' lang='lat' dir='ltr'><strong>deoperte</strong></span> <span class='ocrx_word' id='word_1_75' title='bbox 822 1255 933 1321; x_wconf 81' lang='lat' dir='ltr'><strong>eodem</strong></span> <span class='ocrx_word' id='word_1_76' title='bbox 955 1270 1029 1319; x_wconf 88' lang='lat' dir='ltr'><strong>vero</strong></span> <span class='ocrx_word' id='word_1_77' title='bbox 1050 1251 1122 1317; x_wconf 82' lang='lat' dir='ltr'><strong>loeo</strong></span> <span class='ocrx_word' id='word_1_78' title='bbox 1145 1245 1244 1338; x_wconf 70' lang='grc' dir='ltr'><strong><em>ἄκρα</em></strong></span> <span class='ocrx_word' id='word_1_79' title='bbox 1267 1253 1324 1317; x_wconf 73' lang='grc' dir='ltr'><strong>κό-</strong></span> 
     </span>
     <span class='ocr_line' id='line_1_10' title="bbox 188 1352 1324 1443; baseline 0.002 -22"><span class='ocrx_word' id='word_1_80' title='bbox 188 1361 298 1443; x_wconf 74' lang='grc' dir='ltr'><strong><em>ρυμβα</em></strong></span> <span class='ocrx_word' id='word_1_81' title='bbox 321 1356 493 1422; x_wconf 84' lang='lat' dir='ltr'><strong>masculino</strong></span> <span class='ocrx_word' id='word_1_82' title='bbox 515 1356 547 1422; x_wconf 95' lang='lat' dir='ltr'><strong>in</strong></span> <span class='ocrx_word' id='word_1_83' title='bbox 570 1361 672 1422; x_wconf 86' lang='lat' dir='ltr'><strong>totum</strong></span> <span class='ocrx_word' id='word_1_84' title='bbox 693 1356 870 1436; x_wconf 78' lang='lat' dir='ltr'><strong>abstinens,</strong></span> <span class='ocrx_word' id='word_1_85' title='bbox 903 1375 961 1422; x_wconf 89' lang='lat' dir='ltr'><strong>neo</strong></span> <span class='ocrx_word' id='word_1_86' title='bbox 982 1356 1070 1421; x_wconf 86' lang='lat' dir='ltr'><strong>novit</strong></span> <span class='ocrx_word' id='word_1_87' title='bbox 1091 1352 1227 1437; x_wconf 80' lang='grc' dir='ltr'><strong><em>δεσμά,</em></strong></span> <span class='ocrx_word' id='word_1_88' title='bbox 1262 1374 1324 1439; x_wconf 89' lang='lat' dir='ltr'><strong>quo</strong></span> 
     </span>
     <span class='ocr_line' id='line_1_11' title="bbox 189 1457 1324 1541; baseline -0.002 -16"><span class='ocrx_word' id='word_1_89' title='bbox 189 1458 320 1525; x_wconf 82' lang='lat' dir='ltr'><strong>Nicand.</strong></span> <span class='ocrx_word' id='word_1_90' title='bbox 344 1459 436 1525; x_wconf 82' lang='lat' dir='ltr'><strong>Tber.</strong></span> <span class='ocrx_word' id='word_1_91' title='bbox 459 1457 523 1525; x_wconf 77' lang='lat'><strong>728</strong></span> <span class='ocrx_word' id='word_1_92' title='bbox 545 1465 579 1524; x_wconf 89' lang='lat' dir='ltr'><strong>et</strong></span> <span class='ocrx_word' id='word_1_93' title='bbox 599 1459 688 1524; x_wconf 81' lang='lat' dir='ltr'><strong>Anat</strong></span> <span class='ocrx_word' id='word_1_94' title='bbox 711 1457 772 1524; x_wconf 75' lang='lat'><strong>241</strong></span> <span class='ocrx_word' id='word_1_95' title='bbox 797 1464 943 1540; x_wconf 78' lang='lat' dir='ltr'><strong>utuntrnr,</strong></span> <span class='ocrx_word' id='word_1_96' title='bbox 965 1459 1020 1524; x_wconf 91' lang='lat' dir='ltr'><strong>ubi</strong></span> <span class='ocrx_word' id='word_1_97' title='bbox 1041 1463 1186 1523; x_wconf 85' lang='lat' dir='ltr'><strong>metrum</strong></span> <span class='ocrx_word' id='word_1_98' title='bbox 1209 1464 1324 1541; x_wconf 85' lang='lat' dir='ltr'><strong>postn-</strong></span> 
     </span>
     <span class='ocr_line' id='line_1_12' title="bbox 188 1560 1324 1644; baseline 0.001 -17"><span class='ocrx_word' id='word_1_99' title='bbox 188 1563 243 1641; x_wconf 81' lang='lat' dir='ltr'><strong>lat,</strong></span> <span class='ocrx_word' id='word_1_100' title='bbox 267 1562 424 1644; x_wconf 82' lang='lat' dir='ltr'>Theognis</span> <span class='ocrx_word' id='word_1_101' title='bbox 446 1582 474 1627; x_wconf 87' lang='lat' dir='ltr'><strong>v.</strong></span> <span class='ocrx_word' id='word_1_102' title='bbox 497 1561 561 1628; x_wconf 79' lang='grc'><strong>459</strong></span> <span class='ocrx_word' id='word_1_103' title='bbox 583 1563 679 1628; x_wconf 89' lang='lat' dir='ltr'><strong>etiam</strong></span> <span class='ocrx_word' id='word_1_104' title='bbox 701 1562 734 1626; x_wconf 95' lang='lat' dir='ltr'><strong>in</strong></span> <span class='ocrx_word' id='word_1_105' title='bbox 757 1562 844 1626; x_wconf 86' lang='lat' dir='ltr'><strong>exitu</strong></span> <span class='ocrx_word' id='word_1_106' title='bbox 865 1568 900 1628; x_wconf 84' lang='lat' dir='ltr'><strong>et</strong></span> <span class='ocrx_word' id='word_1_107' title='bbox 920 1562 953 1628; x_wconf 89' lang='lat' dir='ltr'><strong>id</strong></span> <span class='ocrx_word' id='word_1_108' title='bbox 976 1562 1044 1627; x_wconf 89' lang='lat' dir='ltr'><strong>sine</strong></span> <span class='ocrx_word' id='word_1_109' title='bbox 1065 1560 1135 1626; x_wconf 86' lang='lat' dir='ltr'><strong>ulla</strong></span> <span class='ocrx_word' id='word_1_110' title='bbox 1155 1562 1324 1628; x_wconf 85' lang='lat' dir='ltr'><strong>eiusmodi</strong></span> 
     </span>
     <span class='ocr_line' id='line_1_13' title="bbox 188 1661 1323 1749; baseline 0.002 -19"><span class='ocrx_word' id='word_1_111' title='bbox 188 1665 324 1743; x_wconf 89' lang='lat' dir='ltr'><strong>ratione,</strong></span> <span class='ocrx_word' id='word_1_112' title='bbox 357 1683 422 1746; x_wconf 90' lang='lat' dir='ltr'><strong>qua</strong></span> <span class='ocrx_word' id='word_1_113' title='bbox 443 1666 556 1749; x_wconf 85' lang='lat' dir='ltr'><strong>Hymn</strong></span> <span class='ocrx_word' id='word_1_114' title='bbox 578 1665 671 1731; x_wconf 89' lang='lat' dir='ltr'><strong>Hom.</strong></span> <span class='ocrx_word' id='word_1_115' title='bbox 692 1664 725 1729; x_wconf 95' lang='lat' dir='ltr'><strong>in</strong></span> <span class='ocrx_word' id='word_1_116' title='bbox 748 1664 844 1730; x_wconf 80' lang='lat' dir='ltr'><strong>llere</strong></span> <span class='ocrx_word' id='word_1_117' title='bbox 866 1662 930 1729; x_wconf 75' lang='lat'><strong>409</strong></span> <span class='ocrx_word' id='word_1_118' title='bbox 954 1663 1097 1749; x_wconf 79' lang='grc' dir='ltr'><strong><em>καρτερὰ</em></strong></span> <span class='ocrx_word' id='word_1_119' title='bbox 1121 1661 1239 1747; x_wconf 73' lang='grc' dir='ltr'><strong><em>δεσμά</em></strong></span> <span class='ocrx_word' id='word_1_120' title='bbox 1270 1665 1323 1733; x_wconf 83' lang='lat' dir='ltr'><strong>hio</strong></span> 
     </span>
     <span class='ocr_line' id='line_1_14' title="bbox 187 1758 1323 1853; baseline 0 -20"><span class='ocrx_word' id='word_1_121' title='bbox 187 1767 359 1847; x_wconf 78' lang='lat' dir='ltr'><strong>eollooavit,</strong></span> <span class='ocrx_word' id='word_1_122' title='bbox 381 1767 441 1835; x_wconf 90' lang='lat' dir='ltr'><strong>hoo</strong></span> <span class='ocrx_word' id='word_1_123' title='bbox 463 1774 512 1834; x_wconf 88' lang='lat' dir='ltr'><strong>est</strong></span> <span class='ocrx_word' id='word_1_124' title='bbox 528 1774 657 1851; x_wconf 87' lang='lat' dir='ltr'><strong>propter</strong></span> <span class='ocrx_word' id='word_1_125' title='bbox 674 1767 844 1849; x_wconf 80' lang='lat' dir='ltr'><strong>epitheton,</strong></span> <span class='ocrx_word' id='word_1_126' title='bbox 866 1770 903 1830; x_wconf 89' lang='lat' dir='ltr'><strong>ut</strong></span> <span class='ocrx_word' id='word_1_127' title='bbox 925 1758 1022 1851; x_wconf 72' lang='grc' dir='ltr'><strong><em>εὐρέα</em></strong></span> <span class='ocrx_word' id='word_1_128' title='bbox 1045 1765 1154 1853; x_wconf 79' lang='grc' dir='ltr'><strong><em>ταρσά</em></strong></span> <span class='ocrx_word' id='word_1_129' title='bbox 1166 1766 1323 1851; x_wconf 82' lang='lat' dir='ltr'><strong>Oppiam,</strong></span> 
     </span>
     <span class='ocr_line' id='line_1_15' title="bbox 188 1862 1320 1956; baseline 0.001 -19"><span class='ocrx_word' id='word_1_130' title='bbox 188 1862 264 1937; x_wconf 70' lang='lat' dir='ltr'><strong>silae</strong></span> <span class='ocrx_word' id='word_1_131' title='bbox 286 1867 400 1956; x_wconf 72' lang='grc' dir='ltr'><strong><em>θύραο</em></strong></span> <span class='ocrx_word' id='word_1_132' title='bbox 421 1869 522 1937; x_wconf 85' lang='lat' dir='ltr'><strong>Nonn.</strong></span> <span class='ocrx_word' id='word_1_133' title='bbox 545 1876 579 1936; x_wconf 86' lang='lat' dir='ltr'><strong>et</strong></span> <span class='ocrx_word' id='word_1_134' title='bbox 600 1870 660 1951; x_wconf 83' lang='lat' dir='ltr'><strong>all,</strong></span> <span class='ocrx_word' id='word_1_135' title='bbox 682 1889 711 1935; x_wconf 85' lang='lat' dir='ltr'><strong>v.</strong></span> <span class='ocrx_word' id='word_1_136' title='bbox 734 1869 860 1937; x_wconf 88' lang='lat' dir='ltr'><strong>Jaoobs.</strong></span> <span class='ocrx_word' id='word_1_137' title='bbox 882 1869 923 1934; x_wconf 89' lang='lat' dir='ltr'><strong>ad</strong></span> <span class='ocrx_word' id='word_1_138' title='bbox 946 1869 1140 1935; x_wconf 78' lang='lat' dir='ltr'><strong>christodor.</strong></span> <span class='ocrx_word' id='word_1_139' title='bbox 1156 1869 1320 1954; x_wconf 83' lang='lat' dir='ltr'><strong>Eophrus</strong></span> 
     </span>
     <span class='ocr_line' id='line_1_16' title="bbox 187 1970 1321 2056; baseline 0.004 -19"><span class='ocrx_word' id='word_1_140' title='bbox 187 1993 215 2038; x_wconf 84' lang='lat' dir='ltr'><strong>v.</strong></span> <span class='ocrx_word' id='word_1_141' title='bbox 239 1970 290 2038; x_wconf 81' lang='lat'><strong>35.</strong></span> <span class='ocrx_word' id='word_1_142' title='bbox 333 1973 423 2039; x_wconf 88' lang='lat' dir='ltr'><strong>Haeo</strong></span> <span class='ocrx_word' id='word_1_143' title='bbox 444 1979 478 2038; x_wconf 87' lang='lat' dir='ltr'><strong>et</strong></span> <span class='ocrx_word' id='word_1_144' title='bbox 500 1973 576 2054; x_wconf 84' lang='lat' dir='ltr'><strong>alia,</strong></span> <span class='ocrx_word' id='word_1_145' title='bbox 604 1992 686 2056; x_wconf 89' lang='lat' dir='ltr'><strong>quae</strong></span> <span class='ocrx_word' id='word_1_146' title='bbox 707 1979 821 2056; x_wconf 84' lang='lat' dir='ltr'><strong>poetae</strong></span> <span class='ocrx_word' id='word_1_147' title='bbox 842 1973 1034 2055; x_wconf 78' lang='lat' dir='ltr'><strong>posteriores</strong></span> <span class='ocrx_word' id='word_1_148' title='bbox 1056 1974 1250 2041; x_wconf 82' lang='lat' dir='ltr'><strong>masculinis</strong></span> <span class='ocrx_word' id='word_1_149' title='bbox 1270 1974 1321 2042; x_wconf 78' lang='lat' dir='ltr'><strong>af-</strong></span> 
     </span>
     <span class='ocr_line' id='line_1_17' title="bbox 187 2072 1320 2167; baseline -0.004 -24"><span class='ocrx_word' id='word_1_150' title='bbox 187 2074 353 2157; x_wconf 82' lang='lat' dir='ltr'><strong>finxerunt,</strong></span> <span class='ocrx_word' id='word_1_151' title='bbox 377 2074 495 2164; x_wconf 80' lang='grc' dir='ltr'><strong><em>σι’φρα,</em></strong></span> <span class='ocrx_word' id='word_1_152' title='bbox 514 2072 622 2161; x_wconf 79' lang='grc' dir='ltr'><strong><em>δρυμά</em></strong></span> <span class='ocrx_word' id='word_1_153' title='bbox 634 2076 961 2160; x_wconf 81' lang='lat' dir='ltr'><strong>(maoroparaleoton),</strong></span> <span class='ocrx_word' id='word_1_154' title='bbox 985 2072 1106 2158; x_wconf 64' lang='lat' dir='ltr'><strong>teupi,</strong></span> <span class='ocrx_word' id='word_1_155' title='bbox 1128 2073 1250 2167; x_wconf 69' lang='grc' dir='ltr'><strong><em>κύκλα,</em></strong></span> <span class='ocrx_word' id='word_1_156' title='bbox 1262 2075 1320 2145; x_wconf 78' lang='grc' dir='ltr'><strong>λύ-</strong></span> 
     </span>
     <span class='ocr_line' id='line_1_18' title="bbox 185 2176 1319 2268; baseline 0.001 -22"><span class='ocrx_word' id='word_1_157' title='bbox 185 2203 256 2262; x_wconf 82' lang='grc' dir='ltr'><strong><em>χνα,</em></strong></span> <span class='ocrx_word' id='word_1_158' title='bbox 281 2180 406 2259; x_wconf 78' lang='grc' dir='ltr'><strong><em>πέπλοι,</em></strong></span> <span class='ocrx_word' id='word_1_159' title='bbox 428 2178 561 2263; x_wconf 78' lang='grc' dir='ltr'><strong><em>σίμβλο,</em></strong></span> <span class='ocrx_word' id='word_1_160' title='bbox 585 2176 732 2268; x_wconf 76' lang='grc' dir='ltr'><strong>τράχηλοι</strong></span> <span class='ocrx_word' id='word_1_161' title='bbox 747 2178 1083 2245; x_wconf 80' lang='lat' dir='ltr'><strong>contraHermannum</strong></span> <span class='ocrx_word' id='word_1_162' title='bbox 1099 2179 1181 2245; x_wconf 87' lang='lat' dir='ltr'><strong>nihil</strong></span> <span class='ocrx_word' id='word_1_163' title='bbox 1197 2182 1319 2263; x_wconf 80' lang='lat' dir='ltr'><strong>valent,</strong></span> 
     </span>
     <span class='ocr_line' id='line_1_19' title="bbox 186 2282 1349 2369; baseline -0.003 -22"><span class='ocrx_word' id='word_1_164' title='bbox 186 2300 245 2348; x_wconf 89' lang='lat' dir='ltr'><strong>nee</strong></span> <span class='ocrx_word' id='word_1_165' title='bbox 265 2301 323 2364; x_wconf 91' lang='lat' dir='ltr'><strong>pro</strong></span> <span class='ocrx_word' id='word_1_166' title='bbox 346 2299 384 2348; x_wconf 93' lang='lat' dir='ltr'><strong>eo</strong></span> <span class='ocrx_word' id='word_1_167' title='bbox 405 2284 499 2362; x_wconf 85' lang='lat' dir='ltr'><strong>valet,</strong></span> <span class='ocrx_word' id='word_1_168' title='bbox 522 2283 606 2365; x_wconf 86' lang='lat' dir='ltr'><strong>quod</strong></span> <span class='ocrx_word' id='word_1_169' title='bbox 616 2283 775 2349; x_wconf 90' lang='lat' dir='ltr'><strong>Homerus</strong></span> <span class='ocrx_word' id='word_1_170' title='bbox 785 2282 1044 2369; x_wconf 67' lang='lat' dir='ltr'><strong>pqpainmediis</strong></span> <span class='ocrx_word' id='word_1_171' title='bbox 1055 2283 1205 2349; x_wconf 85' lang='lat' dir='ltr'><strong>versibus</strong></span> <span class='ocrx_word' id='word_1_172' title='bbox 1217 2284 1349 2366; x_wconf 71' lang='lat' dir='ltr'><strong>ponit.</strong></span> 
     </span>
    </p>
   </div>
   <div class='ocr_carea' id='block_1_3' title="bbox 186 2381 1320 2781">
    <p class='ocr_par' dir='ltr' id='par_1_3' title="bbox 186 2381 1320 2781">
     <span class='ocr_line' id='line_1_20' title="bbox 186 2381 1319 2474; baseline 0.002 -23"><span class='ocrx_word' id='word_1_173' title='bbox 186 2385 220 2451; x_wconf 91' lang='lat' dir='ltr'><strong>in</strong></span> <span class='ocrx_word' id='word_1_174' title='bbox 231 2384 381 2450; x_wconf 83' lang='lat' dir='ltr'><strong>extremis</strong></span> <span class='ocrx_word' id='word_1_175' title='bbox 391 2383 528 2474; x_wconf 77' lang='grc' dir='ltr'><strong><em>μηρούς,</em></strong></span> <span class='ocrx_word' id='word_1_176' title='bbox 552 2404 627 2451; x_wconf 86' lang='lat' dir='ltr'><strong>nam</strong></span> <span class='ocrx_word' id='word_1_177' title='bbox 648 2387 727 2452; x_wconf 87' lang='lat' dir='ltr'><strong>haee</strong></span> <span class='ocrx_word' id='word_1_178' title='bbox 738 2384 965 2469; x_wconf 80' lang='lat' dir='ltr'><strong>significatione</strong></span> <span class='ocrx_word' id='word_1_179' title='bbox 976 2381 1134 2450; x_wconf 83' lang='lat' dir='ltr'><strong>differunt</strong></span> <span class='ocrx_word' id='word_1_180' title='bbox 1148 2422 1188 2432; x_wconf 82' lang='lat'><strong>-—</strong></span> <span class='ocrx_word' id='word_1_181' title='bbox 1203 2385 1319 2453; x_wconf 86' lang='lat' dir='ltr'><strong>Nonni-</strong></span> 
     </span>
     <span class='ocr_line' id='line_1_21' title="bbox 186 2483 1319 2577; baseline 0.002 -23"><span class='ocrx_word' id='word_1_182' title='bbox 186 2488 356 2554; x_wconf 88' lang='lat' dir='ltr'><strong>minativus</strong></span> <span class='ocrx_word' id='word_1_183' title='bbox 380 2483 528 2575; x_wconf 76' lang='grc' dir='ltr'><strong><em>ἆκοκῆτα</em></strong></span> <span class='ocrx_word' id='word_1_184' title='bbox 551 2489 617 2554; x_wconf 88' lang='lat' dir='ltr'><strong>sive</strong></span> <span class='ocrx_word' id='word_1_185' title='bbox 641 2484 791 2577; x_wconf 76' lang='grc' dir='ltr'><strong><em>ἀκάκητα</em></strong></span> <span class='ocrx_word' id='word_1_186' title='bbox 814 2486 1023 2570; x_wconf 86' lang='lat' dir='ltr'><strong>finitquidem</strong></span> <span class='ocrx_word' id='word_1_187' title='bbox 1037 2504 1166 2553; x_wconf 83' lang='lat' dir='ltr'><strong>versum</strong></span> <span class='ocrx_word' id='word_1_188' title='bbox 1178 2487 1319 2556; x_wconf 83' lang='lat' dir='ltr'><strong>Hesiodi</strong></span> 
     </span>
     <span class='ocr_line' id='line_1_22' title="bbox 187 2588 1320 2674; baseline 0.004 -19"><span class='ocrx_word' id='word_1_189' title='bbox 187 2589 292 2673; x_wconf 83' lang='lat' dir='ltr'><strong>Frgm.</strong></span> <span class='ocrx_word' id='word_1_190' title='bbox 315 2590 435 2655; x_wconf 88' lang='lat' dir='ltr'>XLVII</span> <span class='ocrx_word' id='word_1_191' title='bbox 458 2592 593 2674; x_wconf 82' lang='lat' dir='ltr'>(XXIX)</span> <span class='ocrx_word' id='word_1_192' title='bbox 617 2591 891 2658; x_wconf 83' lang='lat' dir='ltr'><strong>etNicand.Alex.</strong></span> <span class='ocrx_word' id='word_1_193' title='bbox 915 2590 977 2656; x_wconf 82' lang='lat'><strong>572</strong></span> <span class='ocrx_word' id='word_1_194' title='bbox 1001 2588 1102 2674; x_wconf 72' lang='lat'><strong>(559),</strong></span> <span class='ocrx_word' id='word_1_195' title='bbox 1126 2591 1187 2656; x_wconf 89' lang='lat' dir='ltr'><strong>sed</strong></span> <span class='ocrx_word' id='word_1_196' title='bbox 1211 2593 1263 2659; x_wconf 89' lang='lat' dir='ltr'><strong>vis</strong></span> <span class='ocrx_word' id='word_1_197' title='bbox 1285 2601 1320 2659; x_wconf 91' lang='lat' dir='ltr'><strong>et</strong></span> 
     </span>
     <span class='ocr_line' id='line_1_23' title="bbox 187 2689 1318 2781; baseline 0.006 -24"><span class='ocrx_word' id='word_1_198' title='bbox 187 2693 274 2773; x_wconf 82' lang='lat' dir='ltr'><strong>origo</strong></span> <span class='ocrx_word' id='word_1_199' title='bbox 297 2694 364 2758; x_wconf 90' lang='lat' dir='ltr'><strong>eius</strong></span> <span class='ocrx_word' id='word_1_200' title='bbox 376 2694 541 2775; x_wconf 79' lang='lat' dir='ltr'><strong>inoognita,</strong></span> <span class='ocrx_word' id='word_1_201' title='bbox 565 2695 757 2776; x_wconf 88' lang='lat' dir='ltr'><strong>primitivum</strong></span> <span class='ocrx_word' id='word_1_202' title='bbox 770 2689 935 2781; x_wconf 76' lang='grc' dir='ltr'><strong><em>ἀκακῆτρς</em></strong></span> <span class='ocrx_word' id='word_1_203' title='bbox 949 2711 1103 2776; x_wconf 84' lang='lat' dir='ltr'><strong>nusquam</strong></span> <span class='ocrx_word' id='word_1_204' title='bbox 1115 2693 1239 2761; x_wconf 87' lang='lat' dir='ltr'><strong>loetum</strong></span> <span class='ocrx_word' id='word_1_205' title='bbox 1258 2703 1318 2763; x_wconf 85' lang='lat' dir='ltr'><strong>est</strong></span> 
     </span>
    </p>
   </div>
   <div class='ocr_carea' id='block_1_4' title="bbox 182 2796 1320 3497">
    <p class='ocr_par' dir='ltr' id='par_1_4' title="bbox 182 2796 1320 3497">
     <span class='ocr_line' id='line_1_24' title="bbox 188 2796 1320 2880; baseline 0.008 -22"><span class='ocrx_word' id='word_1_206' title='bbox 188 2799 417 2876; x_wconf 73' lang='grc' dir='ltr'><strong><em>Κυανοχαῖτα,</em></strong></span> <span class='ocrx_word' id='word_1_207' title='bbox 450 2796 533 2876; x_wconf 92' lang='lat' dir='ltr'><strong>quod</strong></span> <span class='ocrx_word' id='word_1_208' title='bbox 556 2797 756 2864; x_wconf 84' lang='lat' dir='ltr'><strong>Herodianus</strong></span> <span class='ocrx_word' id='word_1_209' title='bbox 777 2798 823 2862; x_wconf 91' lang='lat' dir='ltr'><strong>illi</strong></span> <span class='ocrx_word' id='word_1_210' title='bbox 847 2799 1046 2880; x_wconf 84' lang='lat' dir='ltr'><strong>aequiparat,</strong></span> <span class='ocrx_word' id='word_1_211' title='bbox 1080 2802 1111 2861; x_wconf 87' lang='lat' dir='ltr'><strong>et</strong></span> <span class='ocrx_word' id='word_1_212' title='bbox 1135 2801 1239 2865; x_wconf 84' lang='lat' dir='ltr'><strong>ceteri</strong></span> <span class='ocrx_word' id='word_1_213' title='bbox 1261 2820 1320 2867; x_wconf 89' lang='lat' dir='ltr'><strong>no·</strong></span> 
     </span>
     <span class='ocr_line' id='line_1_25' title="bbox 187 2897 1319 2983; baseline 0.005 -20"><span class='ocrx_word' id='word_1_214' title='bbox 187 2897 328 2963; x_wconf 84' lang='lat' dir='ltr'><strong>minativi</strong></span> <span class='ocrx_word' id='word_1_215' title='bbox 351 2898 563 2965; x_wconf 84' lang='lat' dir='ltr'><strong>Aeolioi·aliis</strong></span> <span class='ocrx_word' id='word_1_216' title='bbox 585 2901 662 2967; x_wconf 88' lang='lat' dir='ltr'><strong>loeis</strong></span> <span class='ocrx_word' id='word_1_217' title='bbox 696 2901 951 2983; x_wconf 83' lang='lat' dir='ltr'><strong>frequentantur,</strong></span> <span class='ocrx_word' id='word_1_218' title='bbox 984 2902 1095 2966; x_wconf 84' lang='lat' dir='ltr'><strong>rrltimo</strong></span> <span class='ocrx_word' id='word_1_219' title='bbox 1126 2919 1319 2969; x_wconf 85' lang='lat' dir='ltr'><strong>communes</strong></span> 
     </span>
     <span class='ocr_line' id='line_1_26' title="bbox 186 2997 1318 3092; baseline 0.004 -28"><span class='ocrx_word' id='word_1_220' title='bbox 186 2997 414 3089; x_wconf 74' lang='grc' dir='ltr'><strong><em>κυανοχαίτης,</em></strong></span> <span class='ocrx_word' id='word_1_221' title='bbox 438 2998 683 3092; x_wconf 74' lang='grc' dir='ltr'><strong>ἱππιοχάρμης,</strong></span> <span class='ocrx_word' id='word_1_222' title='bbox 718 2999 963 3092; x_wconf 75' lang='grc' dir='ltr'><strong><em>ἅστεροττήτρς,</em></strong></span> <span class='ocrx_word' id='word_1_223' title='bbox 996 2999 1248 3090; x_wconf 76' lang='grc' dir='ltr'><strong>Ἀργειφόντης.</strong></span> <span class='ocrx_word' id='word_1_224' title='bbox 1274 3044 1318 3056; x_wconf 95' lang='grc'>-</span> 
     </span>
     <span class='ocr_line' id='line_1_27' title="bbox 187 3104 1318 3189; baseline 0.006 -21"><span class='ocrx_word' id='word_1_225' title='bbox 187 3104 310 3169; x_wconf 88' lang='lat' dir='ltr'><strong>Cursim</strong></span> <span class='ocrx_word' id='word_1_226' title='bbox 338 3104 491 3187; x_wconf 84' lang='lat' dir='ltr'><strong>ottingam</strong></span> <span class='ocrx_word' id='word_1_227' title='bbox 523 3107 677 3188; x_wconf 84' lang='lat' dir='ltr'><strong>ancipites</strong></span> <span class='ocrx_word' id='word_1_228' title='bbox 709 3108 927 3189; x_wconf 88' lang='lat' dir='ltr'><strong>pronominum</strong></span> <span class='ocrx_word' id='word_1_229' title='bbox 960 3106 1174 3189; x_wconf 84' lang='lat' dir='ltr'><strong>personalium</strong></span> <span class='ocrx_word' id='word_1_230' title='bbox 1209 3126 1318 3175; x_wconf 86' lang='lat' dir='ltr'><strong>casus.</strong></span> 
     </span>
     <span class='ocr_line' id='line_1_28' title="bbox 184 3204 1318 3296; baseline 0.006 -24"><span class='ocrx_word' id='word_1_231' title='bbox 184 3207 245 3273; x_wconf 90' lang='lat' dir='ltr'><strong>Pro</strong></span> <span class='ocrx_word' id='word_1_232' title='bbox 256 3213 428 3274; x_wconf 84' lang='lat' dir='ltr'><strong>tetrasemo</strong></span> <span class='ocrx_word' id='word_1_233' title='bbox 441 3205 562 3275; x_wconf 72' lang='grc' dir='ltr'><strong><em>πείθεο</em></strong></span> <span class='ocrx_word' id='word_1_234' title='bbox 574 3204 602 3276; x_wconf 77' lang='grc' dir='ltr'><strong>δ’</strong></span> <span class='ocrx_word' id='word_1_235' title='bbox 627 3204 700 3296; x_wconf 81' lang='grc' dir='ltr'><strong>ἧμῐ</strong></span> <span class='ocrx_word' id='word_1_236' title='bbox 706 3209 1086 3276; x_wconf 69' lang='lat' dir='ltr'><strong>vllllllllristarehus</strong></span> <span class='ocrx_word' id='word_1_237' title='bbox 1098 3209 1231 3291; x_wconf 83' lang='lat' dir='ltr'><strong>scripsit</strong></span> <span class='ocrx_word' id='word_1_238' title='bbox 1240 3211 1318 3278; x_wconf 90' lang='lat' dir='ltr'><strong>bre·</strong></span> 
     </span>
     <span class='ocr_line' id='line_1_29' title="bbox 182 3300 1318 3397; baseline 0.007 -23"><span class='ocrx_word' id='word_1_239' title='bbox 182 3300 1318 3397; x_wconf 52' lang='lat' dir='ltr'><strong>viusipim),quodHerodianusreprenenuitnonpropterdetraetionem</strong></span> 
     </span>
     <span class='ocr_line' id='line_1_30' title="bbox 185 3414 1316 3497; baseline 0.006 -18"><span class='ocrx_word' id='word_1_240' title='bbox 185 3416 344 3497; x_wconf 87' lang='lat' dir='ltr'><strong>temporis,</strong></span> <span class='ocrx_word' id='word_1_241' title='bbox 368 3416 425 3480; x_wconf 89' lang='lat' dir='ltr'><strong>sed</strong></span> <span class='ocrx_word' id='word_1_242' title='bbox 448 3414 669 3481; x_wconf 86' lang='lat' dir='ltr'><strong>antidiastolae</strong></span> <span class='ocrx_word' id='word_1_243' title='bbox 688 3434 799 3495; x_wconf 83' lang='lat' dir='ltr'><strong>oausa3</strong></span> <span class='ocrx_word' id='word_1_244' title='bbox 822 3416 901 3482; x_wconf 87' lang='lat' dir='ltr'><strong>haee</strong></span> <span class='ocrx_word' id='word_1_245' title='bbox 922 3420 1028 3481; x_wconf 87' lang='lat' dir='ltr'><strong>autem</strong></span> <span class='ocrx_word' id='word_1_246' title='bbox 1051 3414 1132 3479; x_wconf 87' lang='lat' dir='ltr'><strong>ratio</strong></span> <span class='ocrx_word' id='word_1_247' title='bbox 1154 3423 1316 3497; x_wconf 85' lang='lat' dir='ltr'><strong>quantum</strong></span> 
     </span>
    </p>
   </div>
   <div class='ocr_carea' id='block_1_5' title="bbox 184 3573 440 3583">
    <p class='ocr_par' dir='ltr' id='par_1_5' title="bbox 184 3573 440 3583">
     <span class='ocr_line' id='line_1_31' title="bbox 184 3573 440 3583; baseline -0.004 -3"><span class='ocrx_word' id='word_1_248' title='bbox 184 3573 440 3583; x_wconf 69' lang='lat'><em>——-.-.--—.-</em></span> 
     </span>
    </p>
   </div>
   <div class='ocr_carea' id='block_1_6' title="bbox 182 3652 1314 4329">
    <p class='ocr_par' dir='ltr' id='par_1_6' title="bbox 182 3652 1314 4329">
     <span class='ocr_line' id='line_1_32' title="bbox 257 3652 1314 3729; baseline 0.009 -24"><span class='ocrx_word' id='word_1_249' title='bbox 257 3652 274 3711; x_wconf 82' lang='lat' dir='ltr'><strong>&#39;l</strong></span> <span class='ocrx_word' id='word_1_250' title='bbox 292 3655 414 3722; x_wconf 76' lang='lat' dir='ltr'><strong>Apollon.</strong></span> <span class='ocrx_word' id='word_1_251' title='bbox 432 3657 472 3709; x_wconf 90' lang='lat'><strong>111</strong></span> <span class='ocrx_word' id='word_1_252' title='bbox 490 3653 543 3710; x_wconf 78' lang='grc'><strong>346</strong></span> <span class='ocrx_word' id='word_1_253' title='bbox 560 3675 608 3726; x_wconf 86' lang='lat' dir='ltr'><strong>pro</strong></span> <span class='ocrx_word' id='word_1_254' title='bbox 627 3656 752 3729; x_wconf 67' lang='grc' dir='ltr'><strong><em>ἐρετμοῖς</em></strong></span> <span class='ocrx_word' id='word_1_255' title='bbox 769 3659 874 3712; x_wconf 80' lang='lat' dir='ltr'><strong>codices</strong></span> <span class='ocrx_word' id='word_1_256' title='bbox 893 3659 994 3724; x_wconf 78' lang='lat' dir='ltr'><strong>aliquot</strong></span> <span class='ocrx_word' id='word_1_257' title='bbox 1020 3653 1161 3727; x_wconf 68' lang='grc' dir='ltr'><strong><em>ἐρετμοὺς.</em></strong></span> <span class='ocrx_word' id='word_1_258' title='bbox 1190 3661 1242 3713; x_wconf 75' lang='lat' dir='ltr'><strong>sse</strong></span> <span class='ocrx_word' id='word_1_259' title='bbox 1267 3661 1314 3714; x_wconf 83' lang='lat' dir='ltr'><strong>ille</strong></span> 
     </span>
     <span class='ocr_line' id='line_1_33' title="bbox 183 3741 1313 3816; baseline 0.008 -24"><span class='ocrx_word' id='word_1_260' title='bbox 183 3748 276 3793; x_wconf 84' lang='lat' dir='ltr'><strong>neutro</strong></span> <span class='ocrx_word' id='word_1_261' title='bbox 294 3743 334 3792; x_wconf 88' lang='lat' dir='ltr'><strong>uti</strong></span> <span class='ocrx_word' id='word_1_262' title='bbox 351 3741 425 3796; x_wconf 83' lang='lat' dir='ltr'><strong>solet.</strong></span> <span class='ocrx_word' id='word_1_263' title='bbox 462 3741 572 3814; x_wconf 78' lang='grc' dir='ltr'><strong><em>Πλευρά</em></strong></span> <span class='ocrx_word' id='word_1_264' title='bbox 596 3752 623 3799; x_wconf 85' lang='lat' dir='ltr'><strong>et</strong></span> <span class='ocrx_word' id='word_1_265' title='bbox 639 3747 760 3816; x_wconf 75' lang='grc' dir='ltr'><strong><em>πλευραί</em></strong></span> <span class='ocrx_word' id='word_1_266' title='bbox 777 3747 908 3798; x_wconf 81' lang='lat' dir='ltr'><strong>Homerus</strong></span> <span class='ocrx_word' id='word_1_267' title='bbox 934 3744 968 3795; x_wconf 83' lang='lat' dir='ltr'><strong>ab</strong></span> <span class='ocrx_word' id='word_1_268' title='bbox 995 3745 1066 3795; x_wconf 82' lang='lat' dir='ltr'><strong>exitu</strong></span> <span class='ocrx_word' id='word_1_269' title='bbox 1094 3750 1194 3796; x_wconf 78' lang='lat' dir='ltr'><strong>remota</strong></span> <span class='ocrx_word' id='word_1_270' title='bbox 1222 3746 1313 3801; x_wconf 71' lang='lat' dir='ltr'><strong>habet</strong></span> 
     </span>
     <span class='ocr_line' id='line_1_34' title="bbox 183 3827 1313 3901; baseline 0.008 -23"><span class='ocrx_word' id='word_1_271' title='bbox 183 3827 278 3897; x_wconf 85' lang='grc' dir='ltr'><strong><em>Νεῦρα</em></strong></span> <span class='ocrx_word' id='word_1_272' title='bbox 298 3834 324 3879; x_wconf 89' lang='lat' dir='ltr'><strong>et</strong></span> <span class='ocrx_word' id='word_1_273' title='bbox 342 3827 503 3896; x_wconf 69' lang='grc' dir='ltr'><strong><em>νευραί.[6τό</em></strong></span> <span class='ocrx_word' id='word_1_274' title='bbox 519 3831 594 3882; x_wconf 71' lang='lat' dir='ltr'><strong>oolla</strong></span> <span class='ocrx_word' id='word_1_275' title='bbox 611 3832 696 3883; x_wconf 73' lang='lat' dir='ltr'><strong>littera</strong></span> <span class='ocrx_word' id='word_1_276' title='bbox 713 3832 823 3898; x_wconf 79' lang='lat' dir='ltr'><strong>emplius</strong></span> <span class='ocrx_word' id='word_1_277' title='bbox 835 3831 956 3897; x_wconf 79' lang='lat' dir='ltr'><strong>seriptum</strong></span> <span class='ocrx_word' id='word_1_278' title='bbox 973 3837 1008 3881; x_wconf 79' lang='lat' dir='ltr'><strong>est</strong></span> <span class='ocrx_word' id='word_1_279' title='bbox 1026 3829 1054 3881; x_wconf 77' lang='lat' dir='ltr'><strong>ia</strong></span> <span class='ocrx_word' id='word_1_280' title='bbox 1070 3847 1143 3881; x_wconf 78' lang='lat' dir='ltr'><strong>mser.</strong></span> <span class='ocrx_word' id='word_1_281' title='bbox 1168 3830 1203 3882; x_wconf 82' lang='lat' dir='ltr'><strong>In</strong></span> <span class='ocrx_word' id='word_1_282' title='bbox 1222 3849 1313 3901; x_wconf 64' lang='lat' dir='ltr'><strong>propr.</strong></span> 
     </span>
     <span class='ocr_line' id='line_1_35' title="bbox 183 3913 1313 3985; baseline 0.007 -21"><span class='ocrx_word' id='word_1_283' title='bbox 183 3921 235 3964; x_wconf 82' lang='lat' dir='ltr'><strong>toto</strong></span> <span class='ocrx_word' id='word_1_284' title='bbox 252 3913 314 3965; x_wconf 81' lang='grc' dir='ltr'><strong><em>Ιιαεο</em></strong></span> <span class='ocrx_word' id='word_1_285' title='bbox 330 3913 570 3981; x_wconf 74' lang='lat' dir='ltr'><strong>dediversiqeneris</strong></span> <span class='ocrx_word' id='word_1_286' title='bbox 583 3916 733 3983; x_wconf 69' lang='lat' dir='ltr'><strong>pluralitate</strong></span> <span class='ocrx_word' id='word_1_287' title='bbox 747 3916 859 3985; x_wconf 82' lang='lat' dir='ltr'><strong>quaestio</strong></span> <span class='ocrx_word' id='word_1_288' title='bbox 875 3916 915 3969; x_wconf 75' lang='grc' dir='ltr'><strong>Ιεὶο</strong></span> <span class='ocrx_word' id='word_1_289' title='bbox 935 3916 1016 3968; x_wconf 74' lang='lat' dir='ltr'><strong>verbio</strong></span> <span class='ocrx_word' id='word_1_290' title='bbox 1033 3916 1149 3969; x_wconf 69' lang='grc' dir='ltr'><strong><em>σὸτοίτσο</em></strong></span> <span class='ocrx_word' id='word_1_291' title='bbox 1166 3925 1218 3968; x_wconf 75' lang='lat' dir='ltr'><strong>eet:</strong></span> <span class='ocrx_word' id='word_1_292' title='bbox 1238 3920 1313 3984; x_wconf 84' lang='lat' dir='ltr'><strong>„Nee</strong></span> 
     </span>
     <span class='ocr_line' id='line_1_36' title="bbox 183 3997 1312 4075; baseline 0.006 -25"><span class='ocrx_word' id='word_1_293' title='bbox 183 4001 327 4052; x_wconf 82' lang='lat' dir='ltr'><strong>causedici</strong></span> <span class='ocrx_word' id='word_1_294' title='bbox 341 4007 427 4067; x_wconf 79' lang='lat' dir='ltr'><strong>potest</strong></span> <span class='ocrx_word' id='word_1_295' title='bbox 444 4005 569 4068; x_wconf 83' lang='lat' dir='ltr'><strong>europioi</strong></span> <span class='ocrx_word' id='word_1_296' title='bbox 585 3998 694 4075; x_wconf 70' lang='grc' dir='ltr'><strong><em>ἐρετμά,</em></strong></span> <span class='ocrx_word' id='word_1_297' title='bbox 713 4004 841 4065; x_wconf 72' lang='grc' dir='ltr'><strong><em>κέλευθα,</em></strong></span> <span class='ocrx_word' id='word_1_298' title='bbox 857 3997 958 4071; x_wconf 74' lang='grc' dir='ltr'><strong>χαλινοί</strong></span> <span class='ocrx_word' id='word_1_299' title='bbox 976 4005 1003 4054; x_wconf 90' lang='lat' dir='ltr'><strong>in</strong></span> <span class='ocrx_word' id='word_1_300' title='bbox 1012 4005 1085 4054; x_wconf 83' lang='lat' dir='ltr'><strong>exitu</strong></span> <span class='ocrx_word' id='word_1_301' title='bbox 1093 4005 1240 4069; x_wconf 84' lang='lat' dir='ltr'><strong>posuerint,</strong></span> <span class='ocrx_word' id='word_1_302' title='bbox 1259 4022 1312 4072; x_wconf 90' lang='lat' dir='ltr'><strong>quo</strong></span> 
     </span>
     <span class='ocr_line' id='line_1_37' title="bbox 183 4083 1312 4156; baseline 0.007 -19"><span class='ocrx_word' id='word_1_303' title='bbox 183 4086 242 4137; x_wconf 88' lang='lat' dir='ltr'><strong>loeo</strong></span> <span class='ocrx_word' id='word_1_304' title='bbox 269 4083 398 4156; x_wconf 73' lang='grc' dir='ltr'><strong><em>ἓρεομοίς</em></strong></span> <span class='ocrx_word' id='word_1_305' title='bbox 425 4095 450 4140; x_wconf 85' lang='lat' dir='ltr'><strong>et</strong></span> <span class='ocrx_word' id='word_1_306' title='bbox 473 4083 619 4147; x_wconf 75' lang='grc' dir='ltr'><strong><em>κελεύθους</em></strong></span> <span class='ocrx_word' id='word_1_307' title='bbox 645 4106 697 4141; x_wconf 95' lang='lat' dir='ltr'><strong>non</strong></span> <span class='ocrx_word' id='word_1_308' title='bbox 723 4105 782 4141; x_wconf 86' lang='lat' dir='ltr'><strong>raro</strong></span> <span class='ocrx_word' id='word_1_309' title='bbox 806 4089 993 4155; x_wconf 84' lang='lat' dir='ltr'><strong>admiserunt,“</strong></span> <span class='ocrx_word' id='word_1_310' title='bbox 1036 4090 1118 4142; x_wconf 78' lang='lat' dir='ltr'><strong>Voluit</strong></span> <span class='ocrx_word' id='word_1_311' title='bbox 1143 4090 1229 4143; x_wconf 73' lang='lat' dir='ltr'><strong>disere</strong></span> <span class='ocrx_word' id='word_1_312' title='bbox 1256 4109 1312 4145; x_wconf 73' lang='lat' dir='ltr'><strong>mae</strong></span> 
     </span>
     <span class='ocr_line' id='line_1_38' title="bbox 182 4169 1304 4242; baseline 0.007 -19"><span class='ocrx_word' id='word_1_313' title='bbox 182 4171 269 4235; x_wconf 77' lang='lat' dir='ltr'><strong>dubio,</strong></span> <span class='ocrx_word' id='word_1_314' title='bbox 288 4174 371 4241; x_wconf 79' lang='grc' dir='ltr'><strong><em>νεῦρα</em></strong></span> <span class='ocrx_word' id='word_1_315' title='bbox 390 4180 416 4224; x_wconf 89' lang='lat' dir='ltr'><strong>ot</strong></span> <span class='ocrx_word' id='word_1_316' title='bbox 434 4169 531 4242; x_wconf 81' lang='grc' dir='ltr'><strong><em>νευράς</em></strong></span> <span class='ocrx_word' id='word_1_317' title='bbox 548 4174 727 4242; x_wconf 66' lang='lat' dir='ltr'><strong>riparfieetioue</strong></span> <span class='ocrx_word' id='word_1_318' title='bbox 745 4175 861 4242; x_wconf 76' lang='lat' dir='ltr'><strong>differre,</strong></span> <span class='ocrx_word' id='word_1_319' title='bbox 882 4195 905 4228; x_wconf 85' lang='grc' dir='ltr'><strong>ο.</strong></span> <span class='ocrx_word' id='word_1_320' title='bbox 923 4175 1066 4229; x_wconf 52' lang='lat' dir='ltr'><strong>Herodem</strong></span> <span class='ocrx_word' id='word_1_321' title='bbox 1084 4174 1120 4228; x_wconf 77' lang='lat' dir='ltr'><strong>ad</strong></span> <span class='ocrx_word' id='word_1_322' title='bbox 1138 4177 1174 4229; x_wconf 78' lang='lat' dir='ltr'><strong>ll.</strong></span> <span class='ocrx_word' id='word_1_323' title='bbox 1194 4178 1255 4232; x_wconf 81' lang='grc' dir='ltr'><strong>ΙΙΙ</strong></span> <span class='ocrx_word' id='word_1_324' title='bbox 1267 4177 1304 4232; x_wconf 80' lang='grc'><strong>36</strong></span> 
     </span>
     <span class='ocr_line' id='line_1_39' title="bbox 184 4257 692 4329; baseline 0.004 -19"><span class='ocrx_word' id='word_1_325' title='bbox 184 4267 207 4311; x_wconf 72' lang='grc' dir='ltr'><strong>τί</strong></span> <span class='ocrx_word' id='word_1_326' title='bbox 224 4259 242 4311; x_wconf 78' lang='lat' dir='ltr'><strong>l.</strong></span> <span class='ocrx_word' id='word_1_327' title='bbox 260 4278 277 4310; x_wconf 90' lang='grc' dir='ltr'><strong><em>ο</em></strong></span> <span class='ocrx_word' id='word_1_328' title='bbox 296 4259 405 4312; x_wconf 63' lang='lat' dir='ltr'><strong>Lelanto</strong></span> <span class='ocrx_word' id='word_1_329' title='bbox 422 4260 439 4312; x_wconf 81' lang='lat' dir='ltr'><strong>l.</strong></span> <span class='ocrx_word' id='word_1_330' title='bbox 459 4259 577 4329; x_wconf 65' lang='lat' dir='ltr'><strong>Praepg.</strong></span> <span class='ocrx_word' id='word_1_331' title='bbox 596 4257 629 4314; x_wconf 72' lang='lat'><strong>12</strong></span> <span class='ocrx_word' id='word_1_332' title='bbox 646 4259 692 4328; x_wconf 69' lang='lat' dir='ltr'><strong>eq]</strong></span> 
     </span>
    </p>
   </div>
   <div class='ocr_carea' id='block_1_7' title="bbox 169 4346 1183 4438">
    <p class='ocr_par' dir='ltr' id='par_1_7' title="bbox 169 4346 1183 4438">
     <span class='ocr_line' id='line_1_40' title="bbox 169 4346 1183 4438; baseline 0.003 -23"><span class='ocrx_word' id='word_1_333' title='bbox 169 4428 172 4434; x_wconf 20' lang='lat' dir='ltr'><em>r</em></span> <span class='ocrx_word' id='word_1_334' title='bbox 251 4358 278 4426; x_wconf 76' lang='lat'><strong>²⁸)</strong></span> <span class='ocrx_word' id='word_1_335' title='bbox 298 4359 386 4426; x_wconf 69' lang='lat' dir='ltr'><strong>„otus</strong></span> <span class='ocrx_word' id='word_1_336' title='bbox 401 4379 438 4421; x_wconf 79' lang='lat' dir='ltr'><strong>m</strong></span> <span class='ocrx_word' id='word_1_337' title='bbox 459 4358 526 4427; x_wconf 78' lang='grc' dir='ltr'><strong>ἥμιν</strong></span> <span class='ocrx_word' id='word_1_338' title='bbox 538 4360 556 4431; x_wconf 87' lang='grc' dir='ltr'><strong>ΙΙ</strong></span> <span class='ocrx_word' id='word_1_339' title='bbox 569 4346 703 4438; x_wconf 70' lang='grc' dir='ltr'><strong><em>θαλπωρή</em></strong></span> <span class='ocrx_word' id='word_1_340' title='bbox 722 4365 771 4418; x_wconf 74' lang='lat' dir='ltr'><strong>Oti</strong></span> <span class='ocrx_word' id='word_1_341' title='bbox 789 4366 803 4419; x_wconf 93' lang='lat'>1</span> <span class='ocrx_word' id='word_1_342' title='bbox 821 4363 872 4420; x_wconf 84' lang='grc'><strong>166</strong></span> <span class='ocrx_word' id='word_1_343' title='bbox 889 4363 954 4420; x_wconf 82' lang='lat' dir='ltr'><strong>Br.“</strong></span> <span class='ocrx_word' id='word_1_344' title='bbox 972 4367 1045 4435; x_wconf 62' lang='lat' dir='ltr'><strong>mesra</strong></span> <span class='ocrx_word' id='word_1_345' title='bbox 1063 4366 1183 4434; x_wconf 66' lang='grc' dir='ltr'><strong><em>οάοοτιὶοτ.</em></strong></span> 
     </span>
    </p>
   </div>
   <div class='ocr_carea' id='block_1_8' title="bbox 0 0 1372 4778">
    <p class='ocr_par' dir='ltr' id='par_1_8' title="bbox 0 0 1372 4778">
     <span class='ocr_line' id='line_1_41' title="bbox 0 0 1372 4778; baseline 0 3"><span class='ocrx_word' id='word_1_346' title='bbox 0 0 1372 4778; x_wconf 95' lang='lat' dir='ltr'><strong> </strong></span> 
     </span>
    </p>
   </div>
  </div>
 </body>
</html>
