2736 4778
208 352 273 422 nn
294 350 561 423 ruosrunffl
583 350 644 418 nr
668 351 928 422 rruncnsr.
964 350 1003 418 e.
1018 353 1045 418 1.
1077 350 1145 438 ιο.
1193 359 1241 430 ιι

132 561 239 626 neque
270 540 350 607 nihil
382 539 546 625 significet
576 559 684 624 neque
715 538 906 624 privativum
939 550 994 603 aut
1024 537 1243 627 copulatiurm

134 640 197 706 dici
223 642 348 730 possit,
377 641 433 706 vix
460 639 521 707 erit
549 639 605 726 qui
634 636 813 706 addubitet.
868 641 920 704 Ac
951 641 1061 707 nescio
1093 663 1135 707 an
1167 638 1243 706 huic

131 764 266 810 numero
298 741 441 808 adscribi
472 742 600 830 possint
631 763 786 809 sonorum
816 740 1011 807 naturalium
1035 743 1242 822 imitamenta,

132 867 272 930 quorum
293 867 398 931 genus
418 844 602 911 universum
616 854 682 910 um
697 843 839 912 flexibile
858 854 909 910 est
924 864 1022 929 quam
1036 844 1125 908 vocis
1139 844 1244 931 ipsius

131 946 363 1011 modulamina.
405 945 456 1012 Ite
477 967 575 1012 canes
596 947 766 1014 hirrientes
786 971 853 1030 non
875 946 982 1013 solum
1003 940 1115 1034 ράζειν
1136 955 1168 1010 et
1190 942 1244 1031 ῥά-

134 1047 201 1129 ζειν
228 1046 378 1112 dicuntur
401 1045 460 1113 sed
489 1049 587 1114 etiam
615 1043 750 1136 άράζειν
776 1050 845 1115 sire
872 1043 1027 1138 άρζνάζιιν
1052 1068 1082 1110 ν.
1109 1045 1244 1115 Jacobs.

132 1145 177 1211 ad
197 1145 326 1214 Aelian.
347 1171 386 1236 p.
401 1148 475 1214 200.
499 1162 532 1217 et
557 1144 737 1237 άραρίζειν,
760 1174 829 1217 non
852 1171 935 1217 vano
962 1149 1126 1216 literarum
1153 1170 1243 1215 com·

131 1246 295 1333 plemento
318 1250 376 1316 sed
398 1262 497 1337 prout
521 1252 595 1318 soni
618 1252 684 1338 ipsi
710 1253 934 1318 exaudiuntur.
978 1250 1158 1336 Fragorem
1184 1273 1243 1315 cx·

129 1348 274 1435 primunt
300 1347 447 1440 (δήσασιν,
478 1349 613 1442 ῥάσσειν
639 1362 672 1419 et
697 1347 854 1436 άράσοιιν
881 1365 948 1419 tam
975 1353 1063 1418 tenui
1092 1364 1244 1441 separata

128 1449 297 1517 intervallo
323 1462 360 1517 ut
384 1453 618 1539 glossematum
643 1455 817 1542 scriptores
842 1478 943 1522 unum
967 1454 1058 1520 alteri
1083 1454 1243 1543 interpre-

128 1553 221 1619 tandi
245 1575 346 1620 causa
372 1554 570 1621 adhibeant:
598 1554 922 1644 Προςαρασσάμινον
943 1554 1244 1646 προςρησσόμενον,

130 1655 330 1744 Ρακνηρίοις
354 1653 423 1725 άπὸ
446 1663 506 1727 τοῦ
532 1653 669 1746 ἇράσσω
693 1660 774 1724 Hes.
801 1659 839 1727 τὸ
866 1653 1081 1749 impuriorem
1102 1655 1134 1726 oi
1158 1655 1241 1743 μεθ’

119 1754 273 1843 ’Όμηρον
290 1755 533 1846 καιαρρἡσσιιν
553 1758 611 1828 καί
632 1756 853 1852 καιαράσσιιν
872 1759 975 1848 φασίν
984 1760 1078 1825 Eust.
1089 1758 1181 1839 1358,
1190 1760 1242 1826 32.

129 1858 220 1942 quod
242 1858 364 1924 Pollux
390 1861 468 1926 dicit
493 1859 582 1944 πρὸς
607 1861 644 1927 τά
673 1857 800 1950 ἔδαφος
827 1860 927 1950 ῥῆξαι
952 1859 1016 1926 ΙΧ.
1041 1860 1112 1926 105.
1136 1873 1169 1926 et
1196 1862 1244 1927 sic

129 1982 230 2048 saepe
255 1983 275 2026 a
297 1960 509 2049 scriptoribus
531 1963 687 2049 antiquis,
714 1963 903 2051 saepissime
928 1972 1036 2029 autern
1061 1985 1081 2027 a
1103 1962 1242 2028 librariis

128 2071 369 2127 commutantur
382 2064 447 2146 ⁴²).

213 2166 239 2248 ξ.
251 2162 282 2227 6.
314 2162 429 2250 Alpha
447 2163 622 2251 copulativi
641 2163 706 2227 vim
721 2161 844 2250 primus
862 2161 986 2229 notavit
999 2162 1095 2230 Plato
1114 2165 1244 2233 nomine

129 2263 227 2330 tacito
251 2262 338 2331 Crat.
355 2265 430 2330 405.
453 2263 493 2330 Ο.
516 2264 554 2332 τὸ
571 2252 605 2332 ’ἆ
620 2263 775 2353 σημαίνει
796 2264 833 2330 τὸ
855 2259 943 2346 ὁμοῦ
966 2263 1076 2350 α’ίςπιρ
1101 2265 1139 2334 τι)
1163 2262 1243 2335 tirri-

129 2367 256 2444 λουθος
279 2365 335 2434 καὶ
359 2359 499 2446 άκοιιις.
541 2368 671 2435 Horum
691 2387 768 2431 vero
791 2364 1013 2453 exemplorum
1033 2367 1244 2455 impugnetur

126 2477 311 2554 utrumque.
354 2466 501 2534 Primum
526 2468 561 2535 in
585 2469 669 2535 Lex.
699 2468 740 2534 de
766 2467 853 2554 Spir.
873 2467 947 2534 213.
974 2469 1012 2534 τὸ
1035 2454 1068 2535 ’ἆ
1090 2470 1242 2555 σημαίνει

127 2569 166 2636 τὸ
190 2564 303 2637 ὀπίσω
325 2564 371 2648 ὡς
391 2568 429 2638 τὸ
451 2566 641 2649 ἀκόλουθος
662 2564 969 2647 ὀπισθοκέλιοθος,
990 2568 1091 2654 idque
1110 2569 1145 2635 in
1162 2571 1241 2637 EM.
1339 2622 1348 2639 ι

126 2693 161 2758 p.
189 2669 265 2748 168,
287 2669 339 2735 44.
367 2693 400 2758 p.
425 2671 501 2747 171,
523 2672 575 2737 43.
606 2671 716 2740 Schol.
739 2670 810 2738 BL.
837 2670 880 2735 ad
905 2669 945 2735 Il.
968 2671 1046 2738 vn.
1069 2672 1143 2738 413.
1170 2693 1243 2739 cum

127 2764 296 2853 αὐέρυσαν
315 2770 383 2836 sive
403 2764 444 2838 cri
467 2769 588 2855 ἔρυσαν
604 2773 768 2838 confertur
782 2772 873 2858 quod
888 2771 935 2836 illi
957 2766 1067 2840 ὀπίσω
1089 2771 1244 2843 siiturus

126 2870 389 2958 interpretantur,
411 2871 475 2940 hoc
493 2866 535 2942 αὖ
557 2884 664 2940 eutem
686 2895 726 2940 ex
748 2866 802 2960 άψ
823 2872 942 2940 iactum
964 2895 1036 2941 esse
1058 2873 1166 2941 demto
1189 2874 1241 2962 psi

127 2972 307 3059 additoque
331 2997 353 3060 y
378 2974 474 3063 psilo.
524 2974 592 3042 Sed
618 2974 700 3040 haec
726 2985 776 3041 est
802 2975 989 3062 importuna
1011 2987 1109 3062 'atque
1135 2976 1241 3040 audax

127 3075 274 3163 opinatio
303 3098 364 3142 nec
393 3076 495 3163 digna
522 3075 574 3142 oui
601 3085 819 3163 postponatur
845 3075 986 3141 nominis
1018 3076 1241 3162 interpretatio

127 3176 306 3265 pbtonica3
330 3172 493 3262 αάεράειν,
513 3187 551 3242 ut
571 3197 658 3241 nunc
679 3175 838 3253 scribitur,
860 3175 942 3241 nihil
965 3174 1053 3240 eliud
1074 3186 1124 3241 est
1144 3198 1242 3262 quam

127 3274 279 3363 άνεράιιν
299 3278 368 3344 sive
391 3272 577 3367 άναῤῥάειν,
603 3276 694 3364 quod
715 3277 795 3346 ΕΜ.
817 3277 872 3356 92,
894 3276 947 3343 56.
969 3287 1058 3343 recte
1080 3276 1240 3365 interpre-

127 3390 215 3445 tatur
236 3378 294 3448 tut
313 3378 355 3448 aci
376 3373 444 3447 άνιο
465 3379 599 3464 τρέπειν
621 3379 705 3447 siout
719 3378 902 3468 Sophocles
919 3379 1002 3446 dixit
1016 3379 1071 3465 Aj.
1083 3376 1156 3446 298.
1173 3375 1241 3448 άνω

178 3625 227 3693 tt)
245 3621 276 3680 Ὁ
292 3628 390 3698 βορέας
408 3623 456 3687 acic
477 3626 543 3688 ναῦς
567 3631 625 3688 ταῖς
641 3620 763 3693 Σηπιάσι
782 3621 935 3700 προςράξας
954 3623 1035 3681 Paua.
1051 3622 1128 3682 VIII.
1151 3627 1194 3693 27,
1216 3627 1241 3681 t.

127 3707 296 3783 Δημοχάρης
312 3709 360 3774 uic
376 3713 444 3773 ναῦς
459 3712 486 3774 ἐς
498 3714 598 3784 nopes
612 3706 764 3785 σννῆρραξε
782 3711 903 3785 Appian.
918 3710 976 3767 civ.
989 3710 1025 3766 V}
1038 3711 1080 3767 83.
1094 3721 1147 3767 etc.
1162 3730 1189 3767 v.
1203 3713 1239 3767 ad
1304 3763 1307 3769 ,

127 3796 173 3868 Aj.
192 3815 222 3868 p.
244 3798 300 3852 101.
348 3799 392 3854 De
408 3795 556 3870 multiplici
581 3796 716 3853 librorum
738 3796 913 3854 dissensione
938 3796 1070 3854 dixerunt
1087 3796 1185 3853 corais
1203 3798 1240 3852 ad

126 3882 242 3939 Heliod.
260 3901 290 3955 p.
308 3884 349 3936 ³5.
382 3882 498 3937 Jacobs.
520 3885 557 3937 ad
573 3882 787 3956 tehutpert.
807 3886 844 3938 ad
857 3882 987 3938 Philostr.
1003 3886 1062 3938 460.
1081 3886 1117 3938 ad
1128 3882 1238 3938 Aeliau.

127 3969 186 4022 118.
203 3969 252 4023 tin.
275 3967 364 4042 Popp.
377 3970 415 4023 ad
426 3967 515 4024 Thuo.
528 3967 591 4023 VH.
606 3971 630 4022 6.
645 3969 682 4024 cf.
696 3971 761 4025 adn.
775 3972 812 4025 ad
824 3971 930 4026 Buttm.
944 3971 1003 4023 1811.
1031 3968 1160 4038 Cognata
1176 3975 1241 4022 sunt

126 4051 278 4121 Ραβάιιαν
297 4051 407 4110 ιάιιιιιν
424 4057 470 4109 καὶ
488 4050 586 4126 ψόρον
606 4061 701 4111 ποιεῖν
717 4059 764 4111 καὶ
782 4055 915 4130 ἀράσσειν
928 4061 982 4117 ιοῖς
992 4058 1059 4110 nort
1069 4057 1115 4108 καὶ
1129 4049 1242 4126 piorem

127 4146 156 4194 et
169 4135 367 4213 Ἀρραβάσαειν
383 4138 528 4213 ὀρχεῖσθαι
546 4141 612 4196 Hes.
625 4136 720 4198 Ράιιει
737 4139 905 4214 ἐπιφώνημα
920 4136 1076 4214 χαιρόντων
1092 4143 1139 4194 καὶ
1152 4135 1241 4214 incp-
1321 4160 1327 4184 r

122 4228 275 4298 καομένων
295 4223 376 4281 Phot.
418 4226 462 4282 De
488 4226 733 4299 intsp'octicnibns
757 4230 813 4284 huc
837 4224 938 4283 referri
960 4233 1079 4301 possunt
1101 4233 1196 4285 παπαῖ
1211 4236 1241 4284 st

127 4308 270 4369 άπαππαί.
