2736 4778
200 373 260 439 132
578 371 856 439 DISSERTATIO
879 372 935 440 VI.

197 532 329 623 αἱρεῦαα
361 535 543 619 Hesiod.*)‚
577 539 689 618 semel,
722 539 784 603 nisi
814 537 921 618 fallor,
954 555 1042 603 more
1077 537 1222 621 vulgari
1243 539 1278 603 in
1295 537 1331 608 ἐἰ

197 643 455 726 πονιοποροῦσο
478 639 536 705 Od.
558 640 605 704 XI
631 640 678 722 ii,
700 661 758 723 pro
780 660 842 723 quo
863 641 1022 707 Leonidas
1044 640 1188 708 Anthol.
1206 639 1259 707 lx
1278 639 1328 706 101

194 749 461 829 quorumquam
473 743 505 807 in
518 742 648 808 Maximi
660 763 753 811 versu
764 744 827 810 357
841 742 1037 810 Gerhardius
1049 748 1327 830 αἰθροπαλοῦοο,
1360 766 1362 835 3

194 846 251 911 sed
261 866 289 910 v.
301 843 364 911 483
377 840 637 934 αἰθροπολοῦσα
660 848 768 930 edidit,
790 847 930 931 Koechly
940 853 1076 930 utroque
1090 847 1167 914 loeo
1188 853 1324 923 -οὕοα,
1360 862 1362 869 “

194 955 306 1016 neuter
333 949 505 1033 quidquam
538 950 701 1018 adnotans.
761 951 886 1034 Tragici
912 951 975 1016 duo
997 950 1037 1016 ab
1059 951 1170 1033 epicis
1196 949 1324 1017 mutuat
1360 952 1362 1017 ἔ

194 1059 269 1118 sunt
290 1049 435 1136 ὖμνεῦσα
467 1060 499 1120 et
521 1051 723 1135 εἰσοιχνεῦσι,
758 1056 888 1121 tertium
921 1054 1045 1121 addidit
1065 1053 1258 1136 Euripides
1276 1078 1324 1138 μο-
1360 1058 1362 1077 “

194 1160 304 1223 θεῖσα
327 1156 395 1239 Iph.
419 1158 447 1221 Α
470 1155 541 1239 789,
576 1163 758 1240 suspectum
778 1159 858 1224 illud
879 1162 1009 1241 propter
1030 1158 1253 1226 insolentiam
1271 1156 1324 1225 ur

194 1278 264 1326 mae
288 1261 408 1327 activae
430 1267 464 1327 et
485 1263 559 1344 quia
580 1263 666 1329 nullo
688 1263 819 1328 Homeri
841 1262 983 1344 exemplo
1010 1259 1215 1344 detenditur,
1250 1278 1323 1344 quaa
1360 1278 1362 1297 ²

194 1380 308 1429 causae
342 1363 505 1432 diffidendi
525 1366 676 1432 Elmsleio
709 1364 808 1431 tuisse
840 1366 987 1430 videntur
1021 1363 1063 1429 ad
1084 1364 1179 1431 Med
1205 1385 1237 1431 v.
1258 1364 1323 1432 tat

196 1504 232 1516 -
257 1467 423 1534 Insolitum
456 1487 555 1552 genus
588 1471 687 1536 erasis
708 1469 865 1535 Matthiae
893 1469 921 1554 ξ.
944 1467 986 1532 78
1011 1468 1068 1533 ult
1102 1487 1145 1534 ex
1171 1469 1323 1536 Anaedot

192 1572 291 1638 Bekk.
307 1572 388 1638 1188
411 1571 503 1638 affert
514 1577 664 1655 tauquam
680 1570 927 1639 aChoercbcsco
941 1571 1127 1654 probatum:
1149 1576 1321 1652 Σωκλοῖις,

193 1677 377 1763 Προκλοῦς.
433 1675 477 1740 At
499 1695 575 1742 vero
595 1676 647 1741 hio
668 1676 701 1740 in
724 1674 798 1740 Can.
825 1674 894 1740 180.
917 1674 959 1740 24
982 1675 1067 1740 clare
1090 1675 1194 1742 docet
1217 1672 1323 1744 ἶστέον

194 1775 245 1845 itu
269 1775 288 1867 ἡ
309 1776 529 1864 Ἡρακλοῦς
551 1778 659 1865 γενικὴ
684 1773 742 1860 οὐχ
765 1775 953 1866 εὑρίσκεται
976 1776 1010 1844 ἐν
1030 1775 1167 1865 χρήσει,
1193 1798 1324 1847 consen·

192 1882 276 1948 tiens
309 1882 484 1948 Theodosio
518 1880 589 1948 980.
614 1882 662 1961 12,
696 1879 733 1947 ci.
767 1881 883 1948 Herod.
919 1882 958 1948 de
987 1880 1065 1947 Gen.
1099 1901 1218 1967 parag.
1251 1882 1322 1949 231.

193 1984 303 2068 Neque
328 1987 519 2051 contrarium
541 1986 694 2068 probatur
716 1986 863 2068 genitivis
886 1986 1000 2054 Ionicis
1021 1984 1194 2051 Doricisve
1218 1981 1320 2073 Ἡρα·

192 2091 300 2168 κλεῦς,
325 2093 524 2168 Σωσικλεῦς,
556 2109 586 2181 ¹v.
609 2088 689 2152 Keil.
719 2089 820 2155 Anall.
844 2090 895 2155 78.
921 2128 956 2137 —
981 2088 1236 2170 Partioipiorum
1258 2089 1322 2157 Ho-

192 2194 379 2258 mericorum
399 2187 625 2276 μαχεούμενος
647 2195 680 2255 et
700 2188 919 2274 μαχειόμενος
941 2193 1076 2258 alterum
1099 2193 1321 2273 grammatica

192 2296 385 2362 occasionem
406 2296 554 2378 praebuit
575 2292 771 2375 effingeudae
794 2296 961 2376 diaeresis,
995 2315 1022 2360 v.
1045 2295 1186 2362 Elemm.
1210 2294 1321 2375 1428.

193 2401 250 2466 sed
273 2396 834 2483 utrumqueapuga'cpavprofectum
850 2417 921 2465 cum
931 2398 1100 2464 metathesi
1123 2399 1319 2481 quantitatis

193 2503 236 2587 [p.
260 2502 346 2586 536J,
370 2507 402 2566 et
413 2501 474 2564 huc
495 2500 597 2564 tendit
608 2500 704 2564 etiam
727 2501 908 2569 vicissitudo
921 2503 1320 2592 adiectivorumxucpam'r

192 2613 225 2671 ct
257 2608 448 2691 κεραμεοῦν,
484 2623 565 2685 quae
598 2603 756 2669 Plauudes
790 2625 920 2687 gramm.
947 2627 977 2690 p.
1002 2606 1042 2671 36
1064 2607 1096 2670 in
1119 2605 1320 2674 Bachmaun.

192 2709 308 2773 Auecd.
332 2707 366 2770 T.
389 2707 421 2770 ll
444 2706 603 2787 coniungit
634 2710 726 2773 δοκεῖ
754 2709 790 2775 di
813 2710 866 2777 καὶ
889 2711 923 2776 τὸ
949 2711 1180 2796 κεραμεοῦν
1207 2708 1245 2779 ἐκ
1269 2717 1323 2778 τοῦ

192 2807 405 2894 κερᾶμειον
439 2805 627 2893 γιγνόμενον
661 2810 713 2876 καὶ
743 2812 801 2898 τὴν
823 2817 882 2900 τῆς
904 2809 1162 2900 παραληγοὺοης
1189 2815 1323 2884 ἔκτασιν

191 2910 248 2981 ἐπὶ
271 2913 329 3002 τὴν
351 2909 515 2998 λήγουσαν
537 2913 726 2995 precantia,
750 2915 807 3000 τὴν
831 2916 867 2983 δὲ
890 2920 947 3002 τῆς
966 2912 1128 3004 ληγούσης
1153 2920 1324 3007 συστολὴν

192 3016 248 3084 ε’σὶ
272 3018 329 3104 τὴν
353 3014 609 3103 παραλήγουσαν
633 3011 801 3103 ἆναφέρον
825 3016 1065 3103 [Το111.1519].

279 3120 390 3185 Crasiu
411 3122 575 3185 literarum
597 3123 611 3191 ἐ
632 3125 665 3184 et
685 3125 710 3206 ᾧ
730 3121 882 3187 incertam
905 3122 1010 3188 reddit
1032 3123 1246 3203 pleonasmus
1269 3145 1322 3192 vo·

191 3224 267 3290 calis
289 3225 412 3305 prioris.
456 3224 617 3289 Poeticum
640 3217 788 3311 ἇνῷγμαι
804 3245 865 3290 nou
878 3244 916 3291 ex
929 3222 1091 3314 ἀνέηγμαι
1105 3232 1321 3310 contractum,

192 3328 248 3392 sed
271 3327 309 3391 ab
343 3323 420 3413 oi'yu
455 3326 646 3390 declinatum
679 3331 728 3391 est
756 3334 924 3409 augmento
947 3330 1088 3412 simplici.
1148 3328 1322 3400 Gravioris

190 3431 340 3495 momenti
373 3434 422 3494 cst
455 3429 624 3515 μεμνέῳτο
658 3430 695 3494 11.
717 3430 828 3497 XXIII
856 3431 915 3498 361
952 3438 1250 3516 proparoxyt0n0n‚
1286 3442 1321 3502 ut

190 3533 390 3599 Herodianus
424 3532 524 3612 iubet,
558 3538 591 3596 et
623 3534 735 3616 cums,
766 3536 888 3617 dequo
921 3536 974 3601 ille
996 3537 1042 3600 ita
1062 3536 1208 3617 loquitur
1230 3558 1272 3604 ac
1294 3541 1320 3605 si
1360 3550 1362 3601 Ι

190 3637 387 3701 anounullis
411 3635 561 3700 omissum
583 3641 683 3701 esset:
707 3633 872 3725 γράφεται
889 3639 926 3706 δὲ
948 3638 1004 3705 καὶ
1027 3638 1084 3706 οὑν
1107 3643 1154 3727 τῷ
1178 3642 1204 3709 ῖ·
1227 3639 1319 3708 οὕτω
1360 3608 1362 3665 i

190 3738 246 3804 καὶ
269 3735 286 3803 ὁ
306 3734 550 3826 Ἀσκαλωνίτης
573 3738 608 3806 ἐκ
631 3743 691 3805 τοῦ
711 3741 935 3823 μεμνέοιιο
959 3737 1040 3808 αὐτὸ
1064 3733 1148 3808 εἶναι
1173 3739 1318 3830 ἢγοόμε·
1360 3712 1362 3800 i

345 3880 389 3885 -..
398 3879 446 3886 ..ι--

138 4015 139 4018 ¹
259 3946 287 4011 ἢ
308 3948 343 3998 Ia
369 3945 457 4012 infima
478 3964 541 4014 paq.
559 3948 690 4016 campa:
719 3948 865 4012 „uaesana
890 3947 1109 4005 oax1x13t5“
1136 3957 1164 4000 ut
1184 3954 1318 4020 ,feriam

189 4032 351 4085 addendum“
371 4035 468 4100 opinor.
504 4033 658 4086 addendum
676 4044 760 4087 autem
777 4045 833 4088 erat
850 4037 921 4088 illum
938 4037 1099 4102 scriptarum,
1122 4032 1246 4105 Ὀδυσῆα
1267 4060 1317 4094 πο·

189 4120 289 4182 dadau,
316 4121 413 4171 dudam
439 4121 539 4171 αοιιίοια
565 4121 745 4174 Aristarcheaa
768 4120 867 4175 'Odoui
894 4125 1046 4175 ποθέουσα.
1081 4123 1220 4175 Homerica
1248 4127 1318 4178 araim

188 4208 304 4271 exempla
320 4208 402 4260 ιιιιείο
425 4226 460 4259 ου
477 4208 582 4276 rignum
599 4209 777 4262 existimaverit
795 4225 944 4264 enumerare
962 4210 1055 4272 οαιιοὲο,
1073 4225 1138 4276 quae
1155 4225 1209 4261 ιιοα
1226 4213 1318 4279 reperi

183 4291 267 4358 plura
282 4311 359 4360 quam
375 4295 485 4346 duorum
509 4295 641 4346 οινόοηιιη
660 4298 763 4366 οἰχνεῖν
784 4315 841 4350 eum
866 4314 982 4364 οοοηνοει.
1010 4305 1032 4349 et
1050 4302 1158 4365 νεικεῖν,
1181 4299 1317 4354 Hesiodea

187 4385 287 4444 ιαμιενα,
304 4381 435 4446 Αμολλοαιῖ
450 4382 559 4447 nullum,
583 4383 671 4447 Quainti
687 4400 776 4437 unum.
