2736 4778
73 284 175 423 '33³⁰
388 340 707 412 DISSERTATIO
737 341 784 408 II.
827 341 867 407 P.
891 338 919 407 1.

186 531 341 599 Transitu
366 530 400 594 in
426 552 520 595 casus
547 541 599 596 eta
628 530 732 596 obteri
760 526 970 596 Grammatioi
998 549 1064 592 uno
1093 527 1216 593 contir-

100 645 190 700 mant
214 631 363 719 exemplo
393 625 477 720 ἀρήν
503 628 542 698 τὸ
570 627 744 714 πρόβατον
772 630 917 697 κλίνεται
946 623 1081 717 ἂρίγνος,
1112 628 1152 711 ἐξ
1175 618 1217 698 οἷν

100 736 138 803 τὸ
163 732 262 820 ἀρνός
287 733 374 813 κατὰ
400 729 570 820 σνγκσπήν
595 733 675 798 ΕΜ.
699 732 775 808 140,
798 731 850 796 54.
879 742 911 796 et
931 725 1035 817 ’Ἆρνη
1059 728 1129 795 dud
1153 735 1218 817 τῆς

100 837 363 925 συγκεκομμένης
382 839 510 921 γενικῆς
530 829 732 916 ὠνόμασται,
750 828 873 920 Ἀρήνη
896 828 964 899 ἀπὸ
986 835 1044 896 τοῦ
1063 830 1218 911 ἐντελοῦς

99 943 158 1006 τοῦ
180 931 301 1026 ἀρῆνος
324 936 395 1016 146,
413 938 444 1002 2.
466 936 619 1020 idemque
641 935 804 1022 significat
819 933 1031 999 Herodianus
1051 933 1146 998 Mon.
1158 933 1215 999 34.

101 1034 240 1120 οὐδεμία
284 1038 394 1126 γενικὴ
432 1034 480 1116 είς
510 1025 570 1117 νος
598 1036 743 1125 λήγουσα
777 1037 844 1121 πρὸ
878 1039 937 1103 τοῦ
966 1023 1079 1115 {tyn
1107 1035 1144 1099 τὸ
1173 1023 1214 1118 ᾗ,

101 1135 186 1208 ἀλλὰ
213 1137 315 1221 μόνον
341 1138 379 1205 τίν
404 1135 518 1222 ἀρνός·
544 1134 653 1204 αίτιον
677 1137 715 1204 δὲ
736 1134 775 1203 τίν
802 1134 927 1216 πίθος.
971 1137 1122 1204 Nominis
1147 1136 1216 1202 late

101 1241 302 1307 disseminati
326 1241 391 1306 duo
415 1241 565 1306 videntur
587 1240 688 1305 fuisse
715 1239 892 1328 principia,
921 1262 1022 1304 unum
1047 1239 1216 1306 ineffabile

101 1337 144 1427 r'r'p
165 1365 196 1407 v.
213 1343 333 1408 Parsll.
356 1366 389 1430 p.
409 1343 459 1408 74.
479 1343 613 1407 alterum
636 1340 704 1430 (νην,
726 1365 809 1428 quae
830 1342 939 1407 literas
961 1341 1100 1407 interae
1122 1362 1215 1407 oom-

99 1444 321 1521 municarunt3
351 1467 428 1509 nam
455 1445 501 1509 illi
532 1444 669 1509 accessit
697 1447 735 1510 νῦ
762 1445 797 1508 in
827 1444 992 1511 declinatu
1023 1438 1122 1530 ἆρνιίς
1151 1454 1214 1510 etc.

100 1546 164 1613 hoc
184 1545 219 1612 in
237 1546 435 1612 derivatione
455 1545 607 1612 assumsit
628 1544 726 1632 alpha
742 1542 879 1632 Ἀρήνη,
902 1538 1128 1634 ἆρηνοβοσκός
1145 1547 1215 1611 sive

101 1643 354 1736 ἆῤῥηνοβοοκός.
405 1648 459 1714 De
482 1659 665 1734 temporum
687 1647 864 1713 verbalium
887 1646 1086 1711 detrimentis
1111 1647 1216 1710 multa

100 1759 293 1836 promuntur
319 1750 377 1815 sed
404 1772 519 1837 parum
545 1748 738 1815 deliberata:
768 1746 870 1834 ἔλεψε
896 1743 964 1816 ἀπὸ
991 1754 1052 1814 τοῦ
1075 1744 1215 1848 {torsi}

101 1851 195 1935 παρὰ
225 1850 262 1916 τὰ
294 1853 388 1917 λεπῶ
418 1850 566 1937 ἐλίπησα
596 1851 651 1917 καί
679 1850 766 1916 κατὰ
795 1849 965 1937 συγκοπην
993 1855 1053 1919 τοῦ
1080 1878 1100 1938 η
1131 1852 1212 1917 ΕΜ.

99 1955 178 2031 328,
200 1954 253 2020 30.
277 1949 306 2019 εἶ
330 1951 367 2019 cd
391 1950 502 2020 ποίσω
526 1949 661 2038 (πὺσω)
684 1951 779 2036 παρὰ
805 1956 877 2029 τοῖς
906 1953 1067 2031 παλαιοῖς
1095 1955 1153 2019 καὶ
1179 1952 1215 2018 ἕν

99 2055 262 2146 συνηθείᾳ
284 2055 424 2139 λέγεται,
447 2053 617 2141 συγκοπὴν
639 2051 795 2120 πέπονθε
815 2057 875 2118 τοῦ
888 2040 935 2141 η·
958 2047 998 2118 οίι
1020 2052 1081 2136 γὰρ
1104 2050 1213 2138 βαρί-

99 2181 194 2222 τονον
222 2154 287 2236 ἔχει
315 2155 372 2221 τὸν
399 2154 561 2222 ἐνεστῶτα
592 2154 743 2243 Theogn.
770 2151 851 2220 Can.
875 2154 952 2232 148,
975 2155 1028 2220 30.
1071 2157 1213 2221 Verum·

100 2267 207 2322 tamen
239 2256 425 2342 hujusmodi
458 2279 613 2343 praesens
643 2253 718 2322 πίω
748 2277 885 2342 poscere
915 2256 1043 2321 videtur
1072 2256 1213 2322 aoristus

100 2357 404 2446 brachyparalectus
427 2359 532 2425 πίνσαι
554 2382 583 2422 v.
599 2358 723 2424 Techn.
742 2357 794 2422 94.
816 2361 922 2423 πῦσαι
945 2380 1021 2424 vero
1044 2360 1089 2429 ad
1108 2359 1212 2426 πίθον

101 2462 255 2549 pertinet,
276 2485 342 2526 non
358 2461 401 2525 ad
421 2458 523 2538 πνέον,
543 2460 633 2544 quod
652 2482 718 2524 non
736 2458 896 2524 invenitur
912 2459 975 2525 nisi
995 2461 1213 2547 compositum

102 2561 229 2640 ἕκπιιιῦ,
261 2563 387 2646 ipius-ri.
441 2560 602 2626 Futurum
636 2557 809 2643 βώσομαι,
843 2562 933 2644 quod
968 2583 1008 2626 ex
1041 2562 1213 2647 βοήσομαι

101 2676 302 2729 contractum
324 2672 430 2727 estut
455 2669 595 2745 βιοίίεῖν,
621 2661 812 2728 Eustathius
836 2663 935 2739 1424,
957 2664 1009 2729 32.
1038 2663 1214 2728 inscienter

101 2788 267 2851 syncopae
293 2762 447 2828 attribuit.
491 2764 579 2829 Huic
603 2763 706 2829 similo
728 2763 906 2850 perfectum
928 2765 1070 2843 νίνιομάι
1093 2764 1212 2830 alicubi

100 2867 133 2931 in
160 2869 287 2933 νίνοται
316 2876 504 2952 corruptum
531 2889 602 2932 esse
631 2864 794 2951 colligitur
819 2888 860 2930 ex
886 2867 965 2931 EM.
988 2866 1065 2944 601,
1091 2867 1144 2932 20.
1174 2868 1210 2931 τὸ

100 2969 234 3036 νίνισται
258 2959 279 3056 ἢ
300 2966 385 3037 κατὰ
410 2967 578 3057 συγκοπὴν
599 2973 658 3033 τοῦ
681 2955 706 3054 η
731 2960 800 3032 ἀπὸ
827 2971 887 3032 τοῦ
914 2963 1061 3051 νενόηται
1093 2966 1113 3055 ἢ
1142 2964 1211 3035 dod

100 3075 158 3137 τοῦ
181 3070 316 3138 νίνισται
343 3069 428 3138 κατὰ
451 3069 628 3157 συστολην,
651 3091 770 3157 nempe
792 3090 851 3154 pro
875 3068 1002 3135 νίνοται
1024 3079 1061 3132 ut
1080 3069 1115 3132 in
1137 3071 1210 3134 cod.

100 3174 198 3240 Voss.
226 3171 382 3258 scriptum
409 3181 467 3236 est.
511 3173 587 3236 Hoc
609 3173 651 3235 ad
673 3168 739 3236 νόω
764 3171 903 3257 pertinet
928 3181 965 3234 ut
989 3172 1143 3253 πέπαμαι
1168 3172 1211 3233 ad

101 3271 176 3338 πόσι
204 3273 244 3337 of.
273 3273 398 3337 Techn.
426 3273 477 3336 20.
520 3269 673 3356 Ἦιὺρητο
702 3273 760 3337 καί
788 3271 872 3338 κατὰ
902 3269 1071 3358 συγκοπην
1101 3265 1210 3358 {imore

99 3373 403 3440 Pseudoherodian.
432 3373 656 3439 Schematism.
683 3374 818 3436 Homer.
852 3371 886 3435 in
916 3373 1026 3437 adnot.
1060 3373 1102 3436 ad
1131 3373 1210 3437 ΕΜ.

102 3474 173 3551 116,
193 3475 244 3539 51.
267 3474 321 3538 vix
342 3473 506 3540 mentione
530 3473 664 3560 dignum
687 3483 763 3536 erat.
806 3471 984 3537 Modorum
1006 3472 1213 3558 obliquorum

101 3597 185 3639 uuus
207 3573 271 3640 huc
292 3576 390 3640 intrat
416 3575 595 3662 optativus:
624 3576 783 3660 ερίηνοιμι
807 3574 945 3661 τρέφοις
966 3574 1085 3662 τρέφοι.
1109 3577 1213 3642 πλεο-

100 3678 215 3760 νασμῷ
248 3679 307 3741 τοῦ
332 3665 365 3760 η
393 3673 532 3754 ἆττικῶς
564 3673 723 3761 τοεηοίη,
756 3676 930 3761 τηε-φαίης,
965 3675 1124 3762 τρεφοίην
1157 3677 1214 3742 καί

101 3779 252 3864 σεγκοπῇ
279 3779 336 3840 τοῦ
353 3764 386 3861 ἦ
405 3777 543 3863 τρέιγοιν
566 3777 647 3842 ΕΜ.
671 3775 749 3852 764,
772 3774 824 3840 53.
855 3774 1106 3842 Choeroboscus
1129 3775 1212 3844 Con.

103 3881 173 3955 773.
198 3889 230 3944 et
258 3875 386 3942 Anecd.
414 3877 481 3942 Ox.
512 3877 552 3942 T.
575 3879 635 3944 IV.
660 3877 733 3941 424.
765 3878 852 3941 unde
883 3876 962 3942 haec
992 3889 1098 3943 sumta
1127 3890 1212 3957 sunt,

101 3981 315 4069 Apollonium
342 3978 440 4044 tradit
465 3978 637 4046 verborum
661 3977 939 4044 circumflexorum
966 3981 1129 4069 optativos
1151 3980 1213 4047 hac

101 4217 188 4271 latins
205 4236 276 4273 voce
294 4217 435 4290 δρίπνιαν.
473 4217 530 4272 Sed
550 4213 640 4285 ipsum
659 4215 778 4289 dreppa
798 4232 833 4272 ex
851 4216 900 4272 illo
919 4225 1015 4272 natum
1032 4217 1145 4272 videtur
1162 4236 1214 4291 per

102 4306 273 4360 ausdromen
293 4313 324 4358 ut
341 4304 483 4378 spelunca
503 4321 519 4360 e
537 4297 691 4375 σπήλυγγα.
1088 4323 1093 4328 ·
