2736 4778
194 358 215 424 s
573 351 852 420 DISSERTATIO
885 353 939 420 vi

196 521 234 587 ιδ
260 516 347 585 λάων
369 515 565 605 βαρύνεται,
598 513 652 584 διε
673 511 709 583 ἐκ
730 506 915 604 ’δυναίιφῆς
935 514 1085 604 τυγχάνει
1112 524 1173 605 τῆς
1196 519 1329 588 λαιίων·

197 626 326 690 τοιαῦτα
357 620 413 686 καὶ
441 620 479 686 ιδ
503 619 636 687 παίδων
657 619 760 702 Epim.
782 617 798 683 I
820 617 893 685 399.
915 619 965 686 28.
1011 620 1075 687 Sed
1096 621 1176 687 haec
1198 642 1329 707 quoque

200 726 341 794 nonnulli
362 722 645 803 circumflexerunt,
666 744 695 789 v.
717 720 835 788 Herod.
857 722 899 788 od
920 723 956 788 ll.
979 723 1059 789 xm
1082 724 1152 790 103.
1175 725 1215 792 In
1238 727 1326 795 derl-

195 831 278 896 vatis
301 825 453 904 παιδίον,
489 825 618 909 παίζω,
652 829 780 910 παῖγμα
808 825 970 891 divisionis
997 828 1165 909 vestigium
1187 830 1324 897 nullum

197 933 309 1014 Itaque
336 936 511 1014 etymorum
539 935 703 996 exactores
737 934 819 1006 παῖς
852 930 1063 998 adnumerant
1095 933 1324 1016 monosyllabis

197 1039 272 1113 δαῖς
296 1029 315 1120 ἦ
340 1029 462 1115 εδωχία
484 1037 518 1098 et
539 1037 645 1115 σταῖς,
669 1032 708 1098 δε
730 1031 845 1113 quibus
867 1031 899 1096 in
921 1031 1037 1099 Parall.
1053 1033 1096 1100 80
1118 1036 1241 1102 dictum
1264 1045 1323 1104 est

146 1200 154 1214 ,
196 1137 279 1204 Hinc
306 1143 413 1202 autem
436 1136 628 1217 perspicitur
654 1153 709 1202 eos
731 1135 870 1214 nominc,
894 1151 987 1217 ⁴opusc
1018 1139 1196 1204 ternarium
1228 1143 1324 1206 exosi

197 1239 290 1317 dunt,
323 1238 486 1322 bisyllcbis
514 1237 675 1304 adiecisse.
726 1236 795 1303 Hoc
816 1238 901 1304 valet
923 1239 962 1305 de
986 1241 1178 1308 nominativo
1200 1243 1321 1311 incom·

196 1346 301 1424 petto,
336 1359 430 1423 quem
452 1342 506 1407 isti
528 1339 651 1423 fingmt
683 1359 723 1408 ex
744 1340 870 1407 casibus
892 1342 1029 1423 obliquis
1053 1345 1253 1412 voculcb'onc
1274 1347 1321 1414 di·

196 1462 303 1510 versa:
338 1442 414 1523 δαίς
445 1445 501 1511 καί
536 1446 597 1536 δᾷς
629 1442 649 1531 ἡ
684 1444 816 1528 λαμπὰς
848 1445 943 1533 παρὰ
976 1445 1015 1512 ιδ
1048 1444 1134 1515 δαίω
1162 1447 1202 1515 ιδ
1232 1449 1320 1517 ναίω

197 1547 268 1613 ΕΜ.
293 1545 364 1613 244.
387 1547 443 1629 30,
478 1551 542 1614 τῶν
573 1546 696 1616 δαΐδων
728 1542 748 1635 ἡ
782 1545 899 1616 εὐθεῖα
921 1549 1112 1617 διαλέλυται
1139 1551 1225 1639 πρὸς
1247 1556 1321 1635 δια-

197 1649 314 1734 σιολῆν
355 1654 412 1717 τοῦ
446 1648 521 1730 δαίς
558 1643 582 1739 ἡ
614 1645 752 1732 εὐωχία,
797 1651 854 1716 καί
885 1647 998 1734 ὅμως
1028 1647 1059 1718 εί
1091 1648 1175 1741 αδίη
1204 1649 1228 1742 ἦ
1264 1651 1320 1723 εδ-

197 1757 275 1820 seta
301 1751 376 1832 δαΐς
403 1747 464 1842 δᾴς
488 1749 623 1840 λεχθείη
644 1751 678 1820 ἐν
694 1757 890 1842 αρσςχραφῇ
912 1757 1011 1838 corii,
1034 1753 1320 1843 διφθοχγίζισθαι

188 1853 364 1942 ’λογίζεται
385 1855 475 1923 Eust.
500 1855 591 1922 1571.
613 1854 665 1922 29.
710 1855 792 1934 Quid
821 1856 993 1923 doctissimi
1020 1859 1138 1941 quique
1163 1859 1339 1942 probcrc‘

197 1960 271 2040 rint,
294 1959 386 2026 docel
407 1959 503 2025 schol.
526 1957 585 2025 Od.
607 1956 709 2024 1428
733 1956 807 2036 δαΐς
830 1954 995 2039 ὀξυτόνως
1022 1957 1216 2046 ἧλαμπδς,
1246 1962 1321 2044 ddi}

197 2063 235 2130 dci
256 2059 445 2148 βαρνιόνως
472 2055 492 2148 ἡ
520 2057 627 2148 μάχη,
662 2066 696 2126 et
716 2061 806 2127 Eust
828 2061 848 2128 l.
871 2080 897 2129 c.
916 2058 1125 2149 Ἡρωδιανὸς
1145 2067 1320 2154 napudoris·

198 2165 238 2231 εδ
262 2162 311 2245 είς
331 2167 366 2242 ῖς
388 2160 526 2244 δξδεονα
550 2163 606 2232 διδι
633 2168 693 2231 τοῦ
715 2162 928 2235 δνλίνεαδαι
957 2162 992 2232 ἓν
1012 2163 1113 2247 μόνον
1140 2169 1175 2236 ἓν
1197 2166 1320 2237 τούτων

197 2265 247 2348 εἰς
267 2272 312 2345 ῐιῖς
334 2268 417 2356 φησὶ
440 2263 552 2354 λήγειν
573 2265 612 2333 τὸ
636 2264 706 2356 δᾴς,
728 2266 812 2333 unde
834 2269 1005 2351 colligitur,
1027 2288 1101 2335 eum
1122 2289 1239 2338 nomeu
1261 2273 1320 2340 boc

198 2390 261 2438 non
284 2371 377 2437 aliter
397 2371 622 2452 pronunciasse
644 2387 739 2451 qumn
759 2366 842 2454 βάς,
866 2368 947 2450 στάς
972 2373 1038 2438 iota
1059 2378 1146 2439 muto
1173 2375 1243 2441 sive
1263 2376 1318 2442 cd·

197 2476 314 2557 scripto
347 2475 413 2540 sive
446 2473 631 2553 subscripto.
677 2471 879 2554 Adscriptum
914 2493 1137 2558 nonnunquam
1169 2478 1320 2545 exhibent

199 2580 268 2645 edd.
292 2578 454 2659 antiquae:
483 2575 541 2642 σὺν
565 2573 656 2642 δαιδί
677 2575 825 2657 Hippocr.
849 2577 889 2641 de
899 2576 971 2642 Not.
994 2579 1067 2642 mul.
1090 2598 1120 2661 p.
1142 2579 1207 2645 538
1229 2581 1267 2647 T.
1289 2582 1320 2648 11

76 2703 81 2708 ·
198 2682 292 2763 lips,
316 2680 373 2766 τὴν
396 2679 496 2749 δαῖδα
519 2676 559 2742 ib.
583 2675 645 2742 555
668 2684 702 2744 et
725 2678 764 2743 de
778 2677 952 2760 Superfoet
975 2699 1004 2761 p.
1019 2681 1081 2747 473
1105 2682 1172 2747 Τ.Ι
1194 2687 1266 2761 etc,
1289 2689 1344 2750 ct·

199 2784 400 2851 Hermannus
426 2781 495 2863 ipse
522 2779 635 2846 Aesch.
664 2780 754 2846 Eum.
782 2782 863 2847 1020
895 2783 1026 2849 retinuit
1057 2779 1223 2864 ἔνδαιδες,
1264 2787 1319 2852 sed

198 2889 290 2969 longe
317 2883 480 2967 praevolet
507 2883 695 2965 subscriptio
729 2891 762 2949 et
794 2889 941 2951 occentus
975 2886 1018 2964 is,
1051 2904 1145 2967 quern
1177 2890 1320 2971 postulat

198 2991 308 3072 regula
331 2987 426 3055 schol.
449 2984 525 3051 Hes
549 2984 633 3051 Scut
656 2986 718 3052 275
753 2981 823 3053 δπδ
857 2992 917 3054 τοῦ
951 2985 1035 3055 δαίω
1067 2986 1105 3054 ιδ
1134 2986 1220 3054 καίω
1245 2988 1320 3069 δαΐς

153 3172 154 3176 ¹
199 3094 252 3158 καί
282 3090 342 3181 δᾴς
370 3085 582 3174 δξυνόμενον,
615 3087 668 3155 δἐι
689 3090 740 3154 ,τὰ
772 3085 953 3175 δξανόμενα
988 3089 1036 3186 ἐν
1054 3096 1094 3179 τῇ
1129 3094 1318 3178 acromion

201 3193 304 3262 πάλιν
327 3190 484 3273 ὀξύνεται.
527 3192 772 3275 Perispomenon
795 3195 855 3283 δᾴς
877 3194 950 3278 (nisi
964 3192 1139 3275 scripturae
1154 3197 1319 3278 errorestl

199 3301 239 3364 ab
261 3301 300 3364 iis
322 3295 497 3380 proiectum
518 3296 656 3375 videtur,
690 3296 744 3377 qui
771 3295 830 3362 hoc
862 3315 900 3363 ex
922 3302 1113 3379 paroxytono
1141 3294 1216 3376 δάϊς
1246 3319 1318 3366 con·

199 3407 335 3468 tractum
358 3403 471 3481 putant
493 3404 529 3464 ut
551 3401 632 3476 παῖς
653 3416 692 3463 ex
715 3394 806 3477 πάϊς.

285 3520 325 3584 ll.
371 3517 538 3602 Synceresi
561 3525 720 3584 exemtum
746 3524 797 3584 est
824 3518 965 3602 diptoton
994 3515 1069 3599 δδϊς
1090 3520 1242 3602 urbisque
1265 3540 1318 3587 no

200 3643 272 3688 men
295 3618 372 3699 Σάϊς
397 3627 429 3686 et
446 3623 713 3703 mccroporalecto
728 3620 823 3702 Θαῒς,
845 3619 948 3702 Λαΐς,
970 3621 1068 3702 Ναῒς.
1101 3623 1320 3705 incompertus

200 3731 250 3791 est
260 3724 470 3790 nominativus
483 3717 569 3803 ’'Al'g,
591 3726 676 3806 quod
699 3721 813 3812 ἀειδής
834 3724 955 3788 obvim
971 3716 1221 3807 interpretantur
1232 3745 1319 3793 cum·

200 3847 261 3910 que
283 3827 394 3894 eodem
416 3826 512 3893 verbo
534 3845 596 3907 quo
618 3831 705 3914 νῆις,
731 3823 859 3907 ἀϊδνδς,
883 3821 997 3912 diripe,
1020 3821 1145 3914 δϊδρις,
1170 3823 1319 3915 ἀΐδηλος,

201 3927 352 4004 ἀείδελος
379 3929 585 4010 compositum
611 3935 726 4012 putant
738 3930 780 4011 ²),
813 3930 886 3996 hino
919 3936 1025 3997 cutem
1058 3929 1213 3996 deflexum
1248 3950 1319 3998 esse

201 4095 453 4105 u———a—n—--„.

269 4190 297 4252 2)
316 4190 425 4240 Vossius
444 4189 478 4241 ud
496 4190 530 4243 H.
548 4189 582 4241 Η.
607 4185 779 4262 incendii
797 4189 952 4256 scripturam
970 4191 1069 4244 codicis
1089 4184 1157 4257 ἅδχς
1173 4189 1318 4244 defendens

201 4290 296 4326 nomon
315 4274 411 4325 Orcla
429 4276 510 4328 verbo
523 4275 647 4355 *obsoleto
665 4268 733 4339 δδω,
751 4268 832 4342 χιίδω
851 4274 932 4340 (unde
950 4270 1111 4346 εὖρυχαδής)
1135 4276 1242 4329 ductum
1260 4291 1320 4329 csse

202 4360 292 4413 statult
308 4361 463 4428 proprieque
480 4360 629 4428 clgnillocrc
648 4355 695 4415 τὸν
712 4359 873 4431 πολυχανδῆ
895 4364 952 4416 sire
977 4361 1160 4428 πολυδέιιιην,
1187 4361 1319 4429 quomodo
