2736 4778
109 368 172 435 oa
195 362 414 435 stercora
435 363 581 431 ornus
603 360 823 432 vocans.
857 360 896 432 c.
911 365 973 433 vr.
996 367 1021 453 ι.
1036 366 1065 432 1.
1094 366 1168 443 σνι

54 547 163 642 Ἰβύκῳ
185 553 243 620 καὶ
263 545 467 638 Στησιχόρῳ.
509 541 578 615 Οὐκ
599 544 670 613 ἐστι
695 549 731 616 dd
754 544 772 636 ἡ
796 549 888 638 φωνὴ
912 548 995 618 κατὰ
1018 551 1169 640 στέρησιν

57 659 116 722 rori
137 657 281 738 τερπνοῦ
305 647 350 731 ὡς
371 645 389 716 d
414 642 549 727 ἄκανος.
593 653 657 715 Δεῖ
682 639 739 714 οὖν
764 643 942 730 ἀποδεῖξαι
966 651 1003 715 τὸ
1030 645 1168 738 ὀφειλό-

54 742 208 838 μενονῖ
240 746 333 820 ’Ἐστι
362 752 426 837 γὰρ
454 742 531 817 κατ’
558 749 722 817 ἕντέλειαν
744 743 931 834 ἆιέρυπνος
956 744 975 815 ὁ
999 753 1101 835 χιιιρὶς
1127 749 1171 817 ὢν

56 857 174 935 ἱὶπνσα,
199 853 318 942 quibus
340 854 439 918 fldem
460 874 550 918 suam
571 851 698 916 addixit
720 850 989 919 Schneidewinus
1013 850 1056 916 ad
1077 850 1169 937 Ibye.

56 958 122 1023 IX.
151 957 223 1023 123.
273 955 341 1022 Sed
373 965 406 1022 et
437 954 560 1042 ellipsis
591 953 673 1020 haee
700 953 845 1018 insolens
879 963 912 1019 et
941 953 1171 1041 partioulanrm

58 1058 312 1144 separativamm
337 1051 430 1144 drop,
457 1049 548 1135 ὂὶνισ,
575 1056 676 1141 χωρίς
701 1078 775 1121 cum
796 1055 869 1120 eliis
889 1055 1058 1121 vocabulis
1080 1076 1169 1122 eom·

57 1160 182 1249 positio
211 1158 357 1225 inaudita
385 1169 443 1225 est
488 1157 710 1241 Quamobrem
737 1157 903 1224 insomnes
930 1181 951 1223 a
976 1158 1083 1246 poetis
1106 1157 1170 1222 illis

57 1256 226 1348 ἆτέρπσος
246 1262 313 1329 sive
335 1255 520 1343 σἰσέρπνσυς
546 1260 651 1325 dictos
678 1259 816 1326 arbitror
840 1284 909 1328 non
934 1262 1083 1328 universe
1109 1260 1170 1326 sed

57 1374 219 1448 quatenus
237 1359 329 1448 ὕπνῳ
351 1356 389 1427 οὐ
412 1360 594 1445 τέρπονται
612 1372 645 1428 et
662 1362 839 1450 praecipue
856 1385 913 1430 eos
930 1363 985 1449 qui
1003 1363 1046 1429 ab
1065 1362 1170 1428 aurien

57 1464 217 1541 destituti,
241 1474 277 1527 ut
294 1463 433 1528 Plautus
454 1462 500 1526 ait
520 1461 644 1549 Amph.
661 1463 689 1528 l.
709 1465 737 1538 1,
757 1465 828 1529 134.
850 1467 911 1531 soti
930 1468 1024 1532 inviti
1043 1466 1168 1530 rubent.

54 1562 198 1632 Δώδεκα
220 1567 253 1629 in
273 1565 352 1630 EM
366 1565 441 1642 234,
461 1565 513 1629 27.
538 1564 649 1652 Epim.
665 1564 736 1642 196,
749 1566 802 1630 29.
824 1588 865 1630 ex
885 1561 1028 1632 δυόδεκα
1050 1565 1170 1631 laetum

56 1668 173 1732 dieitur
201 1690 262 1756 per
288 1668 412 1744 orasin3
442 1667 502 1732 sed
531 1667 566 1731 in
590 1689 653 1731 usu
677 1676 727 1733 est
755 1664 920 1743 deeidam,
950 1666 1042 1752 quod
1069 1686 1170 1754 quum

56 1792 115 1856 pro
137 1769 307 1858 paratheto
332 1771 425 1837 fieret
446 1765 638 1855 syntheton,
663 1769 795 1858 ypsilon
817 1768 969 1857 perdidit

518 2057 631 2125 GAP.
654 2058 714 2127 VI.

256 2200 305 2274 Do
333 2200 511 2273 vocalibus
539 2203 654 2301 longis
681 2213 717 2274 et
740 2198 971 2297 diphthongis.

101 2389 127 2469 ξ.
142 2385 170 2449 1.
189 2386 359 2452 Vooalium
369 2387 540 2472 longarum
552 2385 688 2473 primam
699 2385 732 2449 in
744 2382 870 2470 syllaba
880 2385 1052 2472 principali
1062 2385 1168 2452 omitti

56 2489 91 2551 in
108 2487 187 2552 EM.
201 2487 274 2566 518,
289 2488 341 2554 20.
360 2488 534 2552 affirmetur
554 2487 704 2573 exemplo
726 2485 884 2551 invalido:
906 2480 974 2554 ἀπὸ
996 2491 1056 2552 τοῦ
1076 2483 1170 2575 alpis

55 2587 180 2674 γίνεται
200 2589 330 2677 δικλρίς
349 2589 404 2655 καὶ
424 2586 506 2654 κατὰ
524 2589 694 2678 συγκοπὴν
713 2593 772 2655 τοῦ
791 2575 816 2676 ἦ
835 2586 894 2655 καὶ
913 2588 1059 2677 συστολῇ
1077 2576 1169 2655 τοῦ-ι

56 2687 181 2767 δικλίς·
204 2686 324 2773 ὅμοιόν
346 2688 416 2756 ἐστι
438 2689 493 2756 καὶ
513 2687 551 2754 τὸ
574 2689 697 2773 ἕγκλίς,
721 2690 812 2775 quod
833 2713 852 2754 a
872 2687 1028 2756 Dracone
1048 2688 1167 2769 5618.

56 2790 266 2876 praeteritum
293 2791 328 2854 in
350 2789 438 2857 God.
460 2790 534 2868 321,
556 2791 608 2856 21.
636 2791 756 2858 reotius
784 2790 909 2876 νιγιιλίς
935 2792 1092 2882 seriptum
1119 2803 1169 2860 ost

56 2915 98 2956 ex
125 2892 254 2956 illorum
281 2891 414 2977 quidem
442 2893 598 2979 opinione
626 2893 682 2978 qui
714 2893 777 2959 hoo
809 2894 844 2958 in
874 2894 1007 2960 nomine
1034 2894 1168 2960 verbum

58 2992 157 3058 κλείω
179 2993 339 3058 inclusum
362 3015 435 3059 essa
459 3005 640 3059 statuerunt
665 3005 702 3059 ut
726 2995 805 3059 ΕΜ.
829 2994 901 3069 513,
926 2995 955 3058 7.
998 2994 1067 3059 Alii
1089 3018 1167 3082 pro·

56 3094 197 3160 babiliua
227 3118 247 3160 a
274 3095 413 3161 oillendo
447 3106 479 3159 et
510 3094 689 3160 oscillando
720 3094 852 3158 ductum
883 3104 1000 3181 putant
1027 3095 1104 3180 quia
1132 3092 1167 3163 α1

55 3197 335 3282 καγκελοθιρίδες
356 3207 517 3286 perpetuo
537 3196 572 3260 in
593 3205 684 3260 motu
706 3207 781 3260 sunt
801 3194 902 3262 Proll.
927 3196 997 3262 141.
1021 3196 1169 3287 κιγκλρίς

56 3319 151 3361 nemo
167 3298 274 3374 novit3
296 3297 403 3376 δικλίς
421 3320 439 3362 e
460 3295 584 3375 δικλείς
600 3307 712 3361 natum
730 3307 780 3362 est
796 3308 944 3385 correpta
960 3298 1167 3386 diphthongo

55 3399 168 3462 ultima
190 3409 228 3463 ut
248 3393 383 3485 ἀνιηρίς
403 3399 522 3465 Parall.
543 3400 616 3465 231.
659 3399 806 3466 Tertium
831 3411 880 3466 est
900 3400 1033 3466 verbum
1055 3402 1092 3468 τὸ
1114 3394 1168 3486 ipo

56 3495 127 3565 ἀπὸ
154 3505 213 3566 τοῦ
242 3495 317 3589 ἴημα
345 3500 432 3567 κατὰ
453 3499 621 3588 σσγκσπὴν
646 3506 705 3568 τοῦ
729 3491 754 3591 ἧ
779 3501 945 3569 Choerob.
974 3501 1071 3569 Orth.
1093 3505 1166 3571 211.

55 3601 147 3686 quod
175 3601 320 3668 refellere
351 3602 443 3689 piget
470 3623 501 3667 v.
527 3600 651 3667 Techn.
678 3603 749 3669 191.
783 3597 940 3683 Ὀξύκσσς
967 3615 1000 3669 et
1029 3598 1166 3688 ὄξοκοΐσ

48 3706 120 3789 jam
140 3702 286 3790 relegata
308 3713 391 3768 sunt

139 3806 221 3872 Plus
244 3828 339 3873 aurae
365 3806 621 3896 impendendum
643 3817 693 3872 est
716 3805 846 3892 syllabis
874 3807 966 3896 stirpi
995 3808 1166 3875 subnexis:

54 3907 92 3975 ἕν.
110 3913 172 3974 τοῦ
189 3905 306 3975 Παιών
324 3907 446 3995 γίνεται
464 3908 611 3975 Hortor
628 3901 674 3988 ὡς
688 3908 843 3990 Μαχάων
861 3909 916 3976 καὶ
934 3911 1020 3976 κατὰ
1039 3911 1169 3996 τροπὴν

53 3998 171 4076 τοῦ-ἆ
202 3997 304 4099 οἷς-η’
329 4006 471 4097 Παιήων
504 4012 561 4078 καὶ
594 4003 695 4089 αὖθις
726 4010 813 4078 κατὰ
846 4010 1014 4095 σσγκοπὴν
1046 4007 1169 4076 Παιιόν

54 4111 167 4179 Schol.
190 4111 292 4177 Arist
315 4111 402 4177 Plut
422 4111 495 4179 636.
516 4111 707 4179 Eustathius
729 4134 805 4178 vero
830 4134 862 4197 p.
879 4110 951 4185 138,
973 4109 1003 4173 8.
1026 4131 1093 4174 non
1115 4121 1169 4177 ota

55 4215 212 4281 omissum
239 4224 332 4300 putat
359 4214 419 4282 sed
447 4215 545 4301 alpha
574 4237 615 4280 ex
643 4224 696 4279 ota
722 4224 844 4279 ortum:
875 4209 912 4276 ἐκ
939 4210 997 4274 τοῦ
1025 4207 1169 4302 Παιήων

53 4317 141 4387 κατὰ
163 4315 327 4405 συστολὴν
347 4314 494 4384 Παιάιον
519 4309 591 4384 εἶτα
618 4309 729 4383 Παιάν
753 4308 797 4393 ὡς
817 4306 994 4397 Ἀλκμάων
1011 4303 1166 4401 Ἀλκμάν.
