2736 4778
171 344 251 432 aaa
339 358 342 363 ’
445 349 853 420 ursanaranrou
895 347 938 412 Ρ.
959 346 1007 414 11.

174 539 315 605 liabent:
337 532 356 626 'l
380 530 467 604 κατά
488 535 712 622 συγκέκοπται
730 532 794 600 aui
814 532 895 620 ὅλην
915 529 1083 618 custodire
1105 523 1300 614 ἀποβάλλει

177 639 220 707 de·
237 645 286 727 τῷ
312 634 453 706 κάκτανε
479 636 590 724 Epim.
618 636 647 702 I.
680 635 755 703 818.
788 634 905 699 Zonar.
934 631 1028 697 1178.
1086 632 1163 697 Hoe
1190 652 1299 717 genus

176 751 347 829 poetam
369 737 485 804 ditioni
507 737 690 823 subjectum
710 744 771 802 est.
814 735 901 800 Nam
921 733 1013 820 quod
1035 731 1221 820 promiscue
1243 732 1298 797 di·

176 843 262 909 uitur
287 835 452 925 νάοτρος,
482 839 517 905 id
546 861 592 904 ex·
617 833 809 956 κατάπτερος
841 837 963 904 laetum
992 857 1066 901 esse
1095 834 1171 919 jure
1194 845 1300 920 negat

179 940 457 1024 Sehmueruss).
499 929 759 1007 Homericum’‘
734 962 853 1004 αντιτα
876 937 987 1006 Schol
1014 936 1083 1004 Od
1104 935 1222 1003 XVII.
1241 935 1298 1001 51.

178 1054 214 1110 et
231 1042 271 1109 ll.
292 1040 428 1109 XXIV.
453 1041 527 1107 773.
548 1064 617 1106 non
639 1049 729 1106 recte
750 1048 962 1159 acceperunt:
991 1030 1111 1104 άντιτα
1137 1029 1211 1104 ἀντὶ
1234 1041 1299 1103 τοῦ

96 1148 100 1154 ’
177 1138 331 1211 άντιτιτα
358 1134 568 1230 ἀτιμώρητα
595 1140 669 1210 liras
697 1139 736 1209 di
766 1137 918 1229 συγκοπὴ
954 1144 1016 1226 τῆς
1046 1163 1080 1204 τι
1114 1138 1297 1228 σοὶ-λαβῆς.

177 1244 266 1311 Nam
286 1264 330 1309 ex
350 1234 490 1310 άιάτιτα
512 1251 712 1309 contractum
734 1253 801 1321 est,
830 1240 909 1307 licet
930 1239 994 1306 hoo
1014 1260 1177 1325 nusquam
1196 1260 1299 1327 repe·

176 1344 331 1428 riaturl).
373 1343 491 1428 laque
512 1366 579 1410 uua
604 1355 655 1410 est
680 1341 883 1431 praepositio
906 1335 997 1430 άμφί
1025 1341 1102 1406 huie
1128 1339 1297 1407 affectioni

178 1454 369 1543 opporttma
394 1444 488 1510 sed
479 1468 513 1510 ur
539 1467 607 1511 uno
636 1447 706 1512 solo
732 1445 892 1513 vocabulo
926 1441 1017 1528 quod
1046 1440 1157 1510 Schol.
1178 1442 1296 1531 Apoll.

176 1538 239 1615 IV.
263 1546 356 1612 1187.
380 1545 577 1632 designavit.
600 1544 801 1624 Παυσανίας
821 1543 907 1634 φησὶ
927 1543 984 1611 τὸν
1005 1537 1243 1632 άμριφορέα
1224 1543 1297 1611 und

181 1641 374 1734 Ἀθηναίων
399 1641 558 1734 ἀμφορέα
576 1648 778 1726 καλεῖσθαι,
812 1646 914 1732 idque
937 1644 1071 1732 publica
1090 1645 1297 1711 consuetudo

177 1747 304 1833 recepit
321 1768 388 1812 una
409 1768 484 1813 eum
505 1739 706 1813 allinibus'
686 1743 913 1835 αμφορίσκος,
944 1740 1212 1834 άμφορεαφόρος
1233 1756 1297 1812 eto.-

179 1859 319 1934 excepto
339 1869 407 1913 uno
430 1842 663 1937 άμφιφορίτης
685 1840 790 1934 άμάν,
822 1869 950 1934 exque
978 1846 1187 1934 cognoscitur
1211 1867 1297 1913 con-

179 1946 343 2014 cinnitatis
364 1971 496 2015 sensum
523 1949 602 2015 alias
623 1950 698 2037 plus
719 1950 860 2016 valuisse
881 1949 960 2015 alias
989 1949 1096 2015 minus
1122 1971 1153 2013 v.
1175 1947 1297 2015 Parull.

180 2050 229 2116 44
247 2071 296 2135 sq.
329 2050 467 2136 parique
487 2050 704 2117 inconstantia
729 2053 898 2118 amlidsus
920 2050 1104 2116 dieitur⁴et
1131 2052 1299 2136 anfractus

180 2151 285 2234 ew)
323 2149 610 2238 Praepositionum
627 2150 894 2240 inseparabilium
915 2173 982 2216 una
1002 2149 1161 2237 syllabam
1181 2152 1300 2218 amittit

180 2250 216 2317 iu
240 2245 440 2338 ἡμέδιμνος,
472 2253 564 2339 quod
590 2253 755 2338 Didymus
786 2250 827 2317 ab
856 2253 977 2318 Atticis
1011 2253 1075 2319 diei
1102 2253 1240 2318 allirmat
1262 2276 1296 2320 v.

180 2351 300 2418 Parall.
321 2351 376 2417 44.
409 2353 469 2419 scd
497 2377 564 2420 non
589 2354 708 2440 legitur
732 2353 795 2420 nisi
823 2352 857 2419 in
886 2353 988 2419 Inscr.
1019 2353 1299 2422 Tauromenitana

180 2453 224 2519 N.
245 2453 319 2519 226.
347 2451 422 2520 Col.
443 2454 491 2520 ΙΙ.
520 2454 576 2521 lin.
599 2455 652 2520 34.
693 2456 748 2520 Ex
776 2452 937 2520 adverbiis
966 2454 1031 2520 huc
1053 2457 1299 2546 appropinquat

181 2548 373 2640 άπισθέναρ
403 2551 454 2620 bis
481 2557 572 2642 apud
598 2556 768 2622 Pollucem
803 2556 959 2642 scriptum
989 2569 1125 2623 accentu
1155 2560 1219 2625 alio
1247 2571 1297 2625 at-

182 2679 248 2741 que
270 2649 509 2738 ὀπισθόδομος
531 2668 564 2721 et
585 2656 650 2722 alia
669 2680 745 2724 vere
768 2657 951 2743 composita
963 2659 1006 2742 ⁹).

266 2756 322 2820 Dc
332 2755 519 2822 nominibus
530 2758 653 2844 primae
665 2759 888 2826 declinationis
900 2780 1006 2824 senno
1014 2759 1208 2846 nonlongus
1220 2763 1298 2838 erit3

181 2855 240 2923 τὸν
263 2849 394 2943 ἀγκῶνα
418 2852 451 2922 oi
463 2851 642 2947 Ἀθηναῖοι
665 2860 726 2944 μὲν
747 2853 943 2946 (illaqueer,
967 2854 1000 2925 oi
1015 2866 1158 2946 Δωριεῖς
1180 2858 1218 2927 δὲ
1239 2856 1298 2927 κύ-

182 2963 277 3041 βιτον
299 2952 497 3040 ὀνομάζουσι
519 2960 634 3027 Galen.
658 2962 700 3027 de
724 2962 808 3026 Mot.
830 2962 939 3026 Muse.
957 2961 1002 3027 Il.
1025 2963 1055 3040 3,
1078 2962 1152 3028 430.
1176 2961 1217 3027 Τ.
1234 2961 1297 3030 IV.

182 3058 259 3124 Rul.
282 3058 323 3122 de
344 3058 434 3123 Part.
457 3084 490 3147 p.
510 3063 561 3128 22.
581 3062 638 3128 ubi
661 3058 849 3147 ὀλέκρανον,
872 3072 909 3127 ut
930 3064 1019 3148 apud
1029 3061 1299 3150 Aristophanem,

184 3159 349 3236 scribitur,
380 3182 542 3244 nusquam
564 3186 641 3230 vero
664 3156 888 3247 ὥλενόκρανον
910 3163 977 3228 sive
1007 3159 1223 3249 ὄλενάκρανον
1244 3187 1299 3231 re-

183 3273 312 3351 partum
333 3271 392 3326 cst
436 3262 612 3351 Synoopae
634 3264 840 3350 effugiendae
860 3263 947 3329 viam
973 3264 1117 3329 ostendit
1136 3266 1300 3351 Hesychii

181 3383 516 3400 W

253 3450 284 3517 fr)
297 3444 446 3517 Κάιροιιον
457 3443 586 3511 κάταντες
596 3449 666 3504 lIes.
680 3451 759 3519 quod
770 3456 847 3502 recte
868 3450 1013 3503 confertur
1031 3468 1094 3505 cum
1112 3447 1300 3523 Καιάτροτιον

184 3531 323 3598 κάταντες,
339 3531 465 3586 doricum
477 3540 521 3586 ost
533 3534 579 3587 vel
592 3532 730 3589 aeolicum
746 3541 777 3587 ut
789 3539 930 3600 κοβαίνειν
942 3543 995 3589 etc.

254 3598 464 3670 71Ἀνσχεθίειν
483 3601 642 3657 Eustethius
660 3605 733 3656 1538.
755 3601 827 3656 malo
843 3600 1045 3674 interpretatur
1063 3600 1253 3674 ἀνασχεθέειν
1271 3613 1299 3660 et

184 3686 281 3744 fichol.
301 3685 383 3738 Pind.
398 3686 446 3740 Ol.
458 3684 509 3740 Ill.
522 3691 564 3741 54.
579 3686 723 3744 άνιιθεΐσιι
734 3689 811 3742 haud
823 3688 921 3742 melius
934 3687 1001 3742 ἀνθ’
1016 3688 1113 3757 ἑαυτῆς
1124 3696 1217 3744 θεῖσα.

253 3772 284 3839 8)
298 3771 434 3825 Confusio
447 3771 590 3827 nominum
602 3769 743 3844 παραστάς
761 3782 789 3829 et
802 3768 908 3834 ποστάς
919 3773 1093 3829 Schneider-o
1113 3773 1143 3828 in
1155 3774 1247 3847 Epim.
1262 3777 1300 3830 ad

182 3857 259 3913 Xen.
273 3857 359 3911 Mem.
372 3875 401 3926 p.
414 3856 474 3910 280.
488 3858 677 3929 suspicionem
688 3858 820 3932 praebuit
837 3861 892 3915 hoc
912 3877 949 3914 ex
967 3860 1016 3914 illo
1037 3867 1213 3916 contractum
1226 3879 1299 3916 esse.

182 3943 240 4019 1)ιο
253 3945 283 3999 ἐν
298 3940 432 4019 apostate.
451 3942 545 3998 Schol.
557 3944 653 4016 Apoll.
671 3947 694 4000 1.
717 3948 791 4002 1101.
809 3946 871 4000 cod
889 3939 1063 4019 upouuuuio‘r
1085 3948 1215 4018 praebet.
1242 3948 1300 4002 Sed

183 4026 352 4102 significatio
365 4027 506 4101 discrepat
518 4037 546 4085 et
559 4028 638 4101 origo
652 4030 762 4087 diversa
776 4041 827 4085 est.

254 4112 515 4184 s)1nTneogn0sti
532 4116 595 4172 loeo
609 4135 690 4186 quem
705 4113 870 4189 adscripsi
862 4132 890 4169 rn
909 4113 1010 4169 Parall.
1030 4135 1058 4188 p.
1078 4117 1138 4170 205.
1158 4134 1211 4189 pro
1231 4136 1262 4169 νυ
1250 4113 1299 4185 dap

183 4199 280 4257 nascio
293 4217 330 4256 an
342 4200 522 4256 scribendum
541 4200 577 4257 sit
589 4199 665 4276 Ζόαρ
679 4222 694 4259 e
708 4203 813 4259 Suidao
832 4203 930 4273 glossa
946 4201 1098 4257 subditicio
1117 4199 1193 4274 Zo'up
1209 4199 1299 4268 τόπος,

184 4302 233 4356 qur
226 4285 313 4342 alibi
326 4283 421 4360 Ζόαρα
436 4295 561 4343 vocatur.
