2736 4778
141 371 206 439 DE
228 369 449 439 SYNCOPB
468 367 615 434 umus
634 364 856 435 vocnnlsr
884 367 989 435 .c.11.
1005 370 1073 456 62.
1102 372 1186 447 239

144 559 173 640 ς.
195 557 227 621 2.
271 556 307 619 A
324 551 499 618 verborum
519 560 553 616 et
572 548 757 617 verbalium·
770 572 926 638 syncope,
944 530 1041 637 quam
1059 563 1179 620 trecte-

61 656 179 734 vimus‚
202 656 304 720 distat
325 653 489 740 correptio
511 650 743 719 vocubulorum
760 674 899 737 quorum
913 651 999 717 duae
1014 674 1180 721 consonae

63 768 194 823 exemto
211 754 321 822 vocali
342 754 480 841 syllepsi.
495 755 738 841 conjunguntur
758 763 916 839 sequente
936 751 1062 838 syllaba
1080 755 1181 841 longa

13 928 19 933 ,
64 858 198 942 quidem
224 877 287 922 nec
313 855 489 922 temenitis
502 865 586 922 nata
611 866 649 920 ut
672 856 704 920 vi
730 875 897 941 syncopae
926 853 1090 940 producta
1116 856 1181 922 dici
1303 900 1306 905 -

66 958 182 1043 possit
221 959 352 1025 Horum
369 957 537 1023 satruulta
553 967 767 1043 corrogarunt
785 955 995 1020 affectionum
1009 966 1180 1023 venatores

67 1059 130 1123 sed
151 1060 307 1144 pleraque
331 1069 388 1123 eut
409 1068 522 1144 aperte
549 1056 631 1122 lalss
657 1067 714 1121 aut
740 1056 983 1143 suspicionibus
1011 1057 1180 1144 implicite.

62 1159 106 1222 In
130 1159 171 1225 Il.
194 1159 331 1225 XXIII.
347 1159 421 1224 244.
442 1154 494 1236 οἷς
513 1157 536 1223 δ’
557 1183 613 1225 τιν
634 1150 705 1226 δ’ὶδι
727 1154 902 1240 κεύθωμαι
923 1159 1072 1224 nonnulli
1098 1161 1178 1225 sori·

61 1269 200 1345 pserunt
230 1255 424 1343 κλεύθινμαι
454 1258 542 1325 κατὰ
571 1258 743 1348 σνγκοπῆν
770 1251 844 1324 dni
874 1262 935 1327 τοῦ
963 1256 1179 1345 uelud-lomus

61 1359 296 1425 cf.Hol1nenn.
315 1358 456 1441 Quaeri.
473 1361 574 1425 Hom.
590 1361 619 1425 1.
635 1360 707 1425 162.
741 1356 927 1424 Absurdius
949 1360 1046 1426 etiam
1066 1362 1177 1450 Epim.

61 1460 209 1546 11..407.
243 1455 315 1527 ἀπὸ
344 1464 406 1529 τοῦ
436 1458 566 1527 aaut»
597 1461 728 1538 πταλω,
761 1461 852 1544 quod
883 1461 927 1524 ad
957 1461 1051 1529 παίω
1081 1465 1179 1529 retuli

62 1561 189 1628 Teehn
205 1562 256 1627 10.
299 1562 372 1628 Nec
393 1561 496 1648 digna
516 1571 650 1626 auctore
667 1560 829 1625 sententia
851 1558 888 1625 ἐκ
906 1565 966 1627 τοῦ
985 1563 1095 1640 πέλας
1114 1588 1178 1631 πε-

63 1658 182 1740 λδσιος
211 1661 271 1729 καὶ
302 1659 483 1739 πλαίσιος·
512 1660 621 1738 οὕτως
647 1655 855 1747 Ἡρωδιανὸς
884 1659 921 1726 δν
950 1665 993 1751 τῇ
1025 1659 1186 1733 moritui

63 1763 268 1849 Theognost.
293 1761 377 1829 Con.
400 1762 519 1847 12116)
550 1762 592 1826 de
619 1784 686 1846 quo
713 1762 792 1827 milri
820 1785 889 1828 non
917 1774 1046 1829 constat
1068 1777 1178 1834 utrum

62 1863 324 1956 cpmmentioium
342 1858 505 1941 πελάσιος
525 1863 573 1927 sio
590 1865 852 1950 pronunciaverit
869 1875 907 1929 ut
924 1862 1114 1949 Τιδρδσιος
1135 1878 1178 1935 un

62 1978 99 2030 ut
123 1961 305 2042 διπλάσιος
328 1986 358 2029 v.
379 1963 482 2029 Proll.
504 1965 578 2029 432.
621 1965 740 2029 Fidem
767 1966 897 2030 excedit
919 1967 1060 2031 nominis
1088 1992 1177 2054 προ·

61 2070 238 2153 μνηστῖνος
252 2066 427 2152 originatio
444 2059 588 2131 ἀπὸτοῦ
606 2065 766 2149 προμένω
778 2066 858 2129 ΕΜ.
867 2065 940 2143 689,
950 2064 1004 2130 39.
1027 2063 1179 2154 Χλούνης

62 2166 286 2253 Goettlingius
314 2168 358 2231 ad
386 2166 478 2234 Sout
503 2164 575 2229 166.
606 2186 646 2228 ex
678 2162 833 2251 χελούνης
863 2167 985 2231 factum
1015 2178 1109 2253 putat
1138 2190 1179 2236 ac

63 2267 198 2354 proprie
222 2269 362 2350 χιιλῶνα
387 2270 546 2333 labeonem
571 2266 769 2351 significare,
797 2268 888 2351 quod
914 2267 1095 2355 opinaturis
1123 2294 1176 2338 re·

61 2369 188 2454 linquo.
237 2367 306 2435 Sed
339 2391 380 2432 ex
411 2390 450 2433 eo
484 2367 575 2452 quod
604 2367 792 2452 Hesychius
825 2367 958 2432 verbum
989 2368 1179 2452 χελυνάζιιν

63 2471 293 2556 interpretatur
311 2465 494 2551 χλευάζειν,
511 2470 729 2553 conjecturam
750 2469 827 2532 duxi
846 2466 946 2553 χλεύη
967 2465 1041 2534 curn
1061 2467 1178 2558 χελύνη

62 2572 99 2635 id
120 2582 170 2637 est
186 2573 299 2654 χεῖλος
320 2569 548 2656 cognationem
569 2567 699 2646 habere,
720 2570 805 2634 sicut
825 2590 845 2632 e
866 2590 1048 2653 synonymo
1068 2565 1178 2653 μύλλα

61 2671 104 2738 τὰ
125 2669 229 2758 χείληι
241 2671 419 2735 derivatum
441 2681 493 2735 est
511 2669 645 2734 verbum
665 2669 856 2750 proliciente
877 2680 910 2735 et
930 2669 1179 2752 διαμυλλαλνειτ

60 2768 290 2855 τὸιχλενάζειν.
315 2770 498 2852 Ιλαιάζιιν,
511 2771 601 2855 quod
612 2769 854 2858 Glossographi
869 2784 1038 2858 exponunt
1051 2770 1090 2840 τὸ
1105 2779 1179 2853 τοῖς

62 2866 212 2956 δ’μμασιν
226 2866 411 2954 ἐπιμύοντα
425 2869 569 2957 μυκτηρί
571 2871 637 2952 ζειν
652 2872 709 2937 καὶ
723 2866 996 2957 κακοηδιύεσέλαι
1010 2883 1045 2937 et
1056 2872 1179 2939 Pollux

61 2996 138 3039 cum
160 2967 343 3059 γελοιάζειν
366 2971 534 3058 componit
558 2982 714 3056 tanquam
734 2991 838 3054 aeque
859 2968 1019 3054 ignobile,
1040 2973 1180 3041 fortasse

60 3097 139 3140 cum
164 3071 229 3138 hoo
256 3071 339 3137 nihil
365 3072 550 3138 commercii
574 3071 676 3136 habet
700 3070 760 3134 sed
786 3093 806 3133 a
831 3066 945 3155 γλοιός
967 3067 985 3137 ὁ
1006 3070 1181 3161 κακοήθης

62 3175 243 3240 derivatum
270 3183 329 3238 est.
372 3169 477 3256 Παρὰ
504 3171 543 3239 τὸ
571 3165 705 3259 γεραιός
728 3173 829 3254 γραῖα
858 3168 893 3235 ἐν
918 3175 1071 3261 συγκοπῇ
1096 3174 1178 3239 ΕΜ.

62 3277 141 3353 239,
163 3276 216 3340 20.
242 3274 324 3339 nihil
351 3274 531 3339 admonens
553 3272 596 3336 de
619 3269 824 3356 correptione
846 3269 978 3335 ultimae
1001 3293 1098 3357 quem
1120 3274 1177 3339 El·
1296 3329 1298 3333 ,

61 3377 205 3443 lendtius
225 3376 261 3440 in
275 3377 360 3441 Lex.
377 3372 484 3461 Soph.
506 3364 673 3461 comparui
693 3395 766 3438 oum
786 3372 953 3458 adjectivis
974 3396 1179 3463 proparoxy.

63 3479 150 3543 tonis
171 3472 356 3562 Ἑκτόρεια,
386 3470 585 3564 Διομήδεια.
636 3475 759 3540 Nostra
783 3473 896 3561 opinio
922 3474 984 3538 fuit
1010 3483 1112 3561 γραῖα
1138 3500 1179 3545 ex

62 3580 165 3666 γραία
192 3579 314 3644 foetum
341 3597 414 3642 esse
442 3586 578 3642 accentu
606 3577 723 3643 eodem
752 3596 817 3661 quo
845 3585 953 3640 cetera
981 3575 1182 3647 substantivo

62 3677 227 3764 bisyllaba
253 3683 335 3765 γαῖα
359 3687 392 3743 et
415 3682 516 3762 μαῖα,
539 3678 603 3743 hoo
626 3676 725 3764 ypalo
748 3687 857 3742 autem
881 3678 1026 3765 pendere
1054 3703 1094 3746 ex
1120 3684 1179 3748 ad-

55 3782 182 3866 jectivo
205 3785 336 3866 γραῖος,
360 3799 505 3865 proquo
526 3774 662 3867 γεραιός
681 3788 716 3842 et
736 3775 873 3866 γηραιός
891 3792 1060 3869 receptum
1075 3794 1125 3849 est
1136 3785 1179 3867 ⁸).

137 3968 164 4034 5)
177 3965 243 4020 EM.
258 3966 318 4031 dli,
331 3967 373 4019 45.
392 3968 507 4020 πλαίσια
522 3956 584 4017 οἷον
600 3959 704 4017 nidum
719 3960 795 4033 παρὰ
812 3962 843 4019 τὸ
856 3961 1040 4022 πλάττεσθαι·
1053 3968 1135 4034 δηλοῖ
1149 3965 1182 4020 δὲ

66 4056 115 4108 καλ
129 4049 259 4113 σύνταξιν
272 4051 446 4124 στρατιωτῶν
456 4046 495 4109 ὥς
506 4050 580 4118 λέγει
589 4044 774 4118 ‘flodecario
787 4053 833 4103 καλ
846 4057 952 4120 γίνεται
966 4049 1042 4121 παρὰ
1054 4049 1084 4104 τὸ
1098 4053 1184 4112 πέλας

66 4132 198 4196 πιλᾶσιος
213 4139 340 4208 acyrone]
354 4137 402 4187 καλ
416 4136 585 4204 πλεονασμᾷ
599 4136 648 4189 τοῦ
662 4137 798 4195 ululatus.
822 4134 903 4190 neec
921 4133 1014 4190 omnia
1024 4133 1182 4192 Herodiani

64 4241 129 4279 esse
147 4239 231 4276 nemo
249 4217 444 4291 spoponderit.

137 4308 168 4377 6)
182 4304 370 4361 Μιιαιιλίιιοαι
384 4311 482 4378 γραῖαι
494 4321 551 4359 non
564 4303 714 4376 reperitur,
731 4319 825 4374 nequa
838 4302 903 4359 hinc
915 4305 1021 4360 foetum
1034 4312 1077 4361 ert
1088 4301 1185 4382 γριὶως
