2736 4778
158 337 222 405 DE
247 333 514 404 PROSTHESI
536 330 597 399 ΕΤ
620 330 881 399 APHAERESI.
906 329 943 397 C.
958 331 1000 398 11.
1026 333 1050 416 ξ.
1063 331 1094 397 3.
1143 333 1192 408 59

83 522 229 608 δίμενος,
253 521 443 607 δαισόμενος
463 519 498 584 in
520 517 662 584 Cermm.
704 518 805 582 Hom.
832 528 865 583 et
884 520 966 584 Hes.
988 540 1021 604 p.
1043 516 1117 584 319.
1140 517 1192 582 ed

84 624 205 692 Goettl
228 624 281 690 cui
301 619 481 687 Bernesius
512 613 724 702 ἀνειρόμενος
747 617 927 695 substituit3
956 618 1192 704 subjunctivum

83 723 214 809 ἐνεείιιω
229 721 419 808 Hesychius
436 717 579 808 praebet,
597 717 790 785 infinitivum
810 718 962 803 ίέδμεναι
976 719 1194 807 Empedocles

82 825 156 892 377.
181 825 295 894 ἐέλσαι
324 834 355 890 ει
383 821 605 911 imperativum
637 819 806 889 ἐελδέσθω
831 821 998 886 Homerus
1024 821 1113 908 ipse,
1143 821 1195 887 cui

82 925 276 992 zenodotus
297 925 393 991 etiem
414 923 507 993 ε”ειπι
528 921 641 988 tribuit
658 922 752 987 Eust.
777 921 870 998 1410,
891 921 943 988 53.
988 922 1023 987 Ιε
1041 920 1106 987 hoc
1122 921 1195 987 loco

82 1026 241 1111 Dionysii
265 1035 297 1091 et
316 1024 511 1091 Heraclidae
541 1022 718 1090 sententias
748 1023 884 1111 exponit
911 1022 971 1091 sed
992 1024 1039 1088 ita
1061 1021 1196 1089 confuse

86 1142 124 1191 ut
151 1128 331 1193 nesciemus
359 1125 433 1212 quis
461 1125 542 1211 quid
569 1126 704 1191 dixerit.
734 1120 875 1208 οὐδεμία
904 1121 954 1205 τίς
981 1151 1027 1192 ιον
977 1108 1196 1212 λήγουσα

82 1250 205 1316 μιταχη
195 1225 447 1296 ἐπεκτείνεται
467 1226 524 1295 διὰ
544 1231 663 1294 roris·
647 1221 784 1314 -ἇγνοεῖ
804 1227 850 1305 δέ,
874 1249 994 1316 φησιν,
1010 1223 1192 1304 ἐκεῖνος
1156 1251 1193 1294 ια

84 1326 224 1413 ἐέργων,
250 1325 435 1405 iilum,
420 1326 514 1396 εἐιειε
540 1322 612 1395 snt
635 1333 697 1394 τοῦ
725 1325 816 1406 είοέ,
847 1329 938 1414 quod
966 1326 1007 1393 ab
1036 1327 1194 1395 hocloco

83 1427 224 1494 nlienum
245 1441 295 1496 est
314 1429 377 1494 nisi
398 1428 462 1506 illc,
487 1429 541 1498 cui
564 1427 769 1515 obloquitur,
796 1429 885 1495 huno
909 1451 1041 1515 quoque
1061 1429 1196 1496 modum

83 1530 197 1616 regule
219 1527 482 1617 comprehendre
505 1530 752 1625 participiorum
773 1531 908 1596 nltemm
927 1552 1023 1597 nemo
1044 1531 1197 1618 ignorare

83 1632 201 1718 potuit,
224 1633 359 1698 alterum
382 1629 511 1700 ίέλιιων
531 1654 599 1698 ιιοιι
619 1631 790 1698 invenitur.
831 1632 905 1698 Nec
926 1632 1031 1718 magis
1045 1628 1196 1720 Ἐεχμίνη

84 1733 280 1821 συνεχομένη
310 1735 393 1799 Ηεε.
426 1754 509 1818 quse
540 1733 568 1799 si
597 1744 750 1800 accurate
777 1745 827 1801 est
845 1733 1085 1821 interpretatio,
1116 1733 1197 1801 illud

83 1856 153 1898 non
181 1833 316 1920 perlecti
344 1846 395 1902 est
420 1835 629 1923 perticipium
656 1837 715 1903 sed
744 1836 925 1923 proesentis
954 1857 1100 1923 syncope
1122 1857 1195 1902 eor·

84 1934 173 2022 rupti
196 1944 233 2000 ut
261 1930 437 2024 ίίρχμενος,
465 1936 596 2023 dequo
625 1937 703 2003 nlibi
729 1937 865 2023 egimus.
915 1937 1002 2001 Aliis
1028 1934 1196 2002 vocalibus

87 2035 215 2123 epsilon
240 2059 409 2122 nunquam
437 2039 654 2124 praeponitur-
680 2047 809 2123 praeter
837 2036 872 2099 id
894 2035 986 2119 quod
1006 2033 1047 2098 sb
1069 2034 1197 2100 soristis

86 2133 186 2216 ἔαξε,
223 2135 323 2225 λόγον
354 2138 538 2203 transduxit
568 2137 611 2203 nd
640 2137 757 2202 modos
795 2148 994 2203 transversos
1026 2135 1197 2217 κατεάξας,

86 2233 259 2322 ἐξεαγεῖσα
274 2249 308 2303 ει
323 2238 366 2304 εδ
376 2239 486 2328 ipsum
496 2260 651 2326 praesens
664 2235 879 2331 nuceriensem
894 2238 1019 2323 (omiss.
1031 2238 1066 2306 in
1079 2237 1196 2325 Thes.)

84 2337 222 2404 Aristot.
247 2338 361 2406 Mech.
390 2340 487 2408 XIV.
518 2341 589 2408 852.
614 2340 646 2408 b.
669 2341 720 2407 22.
765 2340 887 2409 Verum
907 2345 950 2409 rte
972 2341 1091 2407 multos
1112 2341 1198 2408 circe

85 2440 224 2506 eundem
239 2463 308 2506 rem
325 2441 464 2509 ambitus
481 2443 606 2524 λιιαίειιι,
623 2444 666 2510 ed
682 2444 814 2509 alterum
829 2453 955 2530 partem
969 2442 1197 2528 transgrediar,

86 2563 152 2626 que
172 2541 378 2611 continentur
397 2545 530 2612 nomine
552 2545 752 2613 extrinsecus
775 2553 879 2610 ιιιιαιε.

169 2644 203 2708 Α
224 2643 340 2722 verbo,
367 2646 401 2710 iu
432 2669 498 2732 quo
522 2647 713 2724 desivimus,
743 2646 903 2734 originem
924 2645 1046 2714 hebent
1065 2646 1198 2714 nomine

86 2742 233 2810 obscuris
261 2745 446 2814 auctoribus
477 2748 609 2836 vulgata
637 2747 744 2834 ἔαγμα
774 2748 867 2818 Suid.
895 2749 1063 2834 ναιέαγμα
1086 2750 1196 2817 Gloss.

86 2844 237 2912 Graecol.
261 2842 552 2937 ιίιναιέανεοςῑδ).
580 2846 772 2919 Ἀσεωσιιίν
790 2844 976 2937 ἆιιιαθηιόν
996 2851 1078 2917 Ηεε.
1100 2849 1198 2932 ἐξεινί-

86 2951 189 3032 space
218 2945 335 3032 Synes.
364 2949 405 3015 de
430 2951 528 3017 Febr.
557 2975 591 3039 p.
617 2952 670 3017 42.
691 2950 804 3018 Ἕδνον
827 2974 867 3017 ex
890 2951 1010 3040 ἥδανοι
1032 2954 1199 3020 concisum

85 3067 159 3112 esse
186 3048 279 3114 tectis
311 3048 417 3116 verbis
445 3050 607 3138 significet
626 3051 826 3137 Apollonius
849 3054 942 3137 Synt.
966 3053 1017 3120 IV
1019 3101 1027 3117 .
1052 3055 1101 3131 12,
1124 3055 1197 3120 334.

87 3149 190 3232 (342.)
212 3149 297 3216 olere
320 3151 482 3237 eloquitur
499 3155 579 3219 EM.
601 3153 674 3231 316,
698 3153 751 3218 39.
773 3174 880 3237 neque
901 3152 1090 3219 incredibile
1107 3153 1199 3219 vide·

87 3262 139 3315 tur
168 3251 257 3317 done
284 3254 442 3340 nuptialis
469 3256 546 3322 olim
574 3254 679 3344 ἥδαια
708 3254 796 3321 dicte
816 3277 889 3321 esse
911 3253 1004 3340 qussi
1027 3249 1200 3343 ἡδύσματα

86 3353 155 3419 sive
186 3355 386 3441 μειλίγματα
418 3357 502 3424 sicut
531 3357 704 3424 amentium
733 3357 924 3424 munussule
958 3379 978 3422 ε
1003 3356 1199 3424 Mimnermo

86 3455 142 3520 Fr.
172 3454 201 3520 1.
236 3468 393 3522 vocentur
427 3459 559 3541 μείλιχα
588 3460 690 3541 δῶρα.
738 3448 867 3538 Ἥδιον,
894 3459 984 3545 quod
1011 3459 1065 3525 ille
1094 3459 1198 3546 fingit,

88 3553 153 3621 dici
174 3579 243 3622 non
266 3557 374 3644 potuit
395 3554 472 3644 quia
493 3559 605 3627 literne
623 3548 687 3648 ᾖδε
710 3560 917 3627 insociabiles
940 3571 1031 3638 suut,
1061 3561 1121 3628 sed
1142 3572 1200 3628 eut

87 3655 166 3725 ι’δνα
189 3658 363 3727 dicendum
380 3660 441 3740 fuit
459 3674 610 3749 correpte
629 3664 733 3730 vocali
751 3675 788 3730 ut
802 3663 938 3748 ’Ἐσμιαι
949 3660 1105 3748 νόστιμον
1115 3664 1198 3730 Ηεε.

86 3758 173 3825 idest
202 3756 281 3846 ἡδί,
312 3772 367 3828 sut
396 3761 492 3831 λέδεα
525 3764 693 3832 dissolute.
741 3767 877 3833 Veteres
903 3775 1015 3832 contre
1036 3765 1200 3833 communi

87 3861 248 3927 sententie
267 3862 444 3930 decernunt
471 3865 536 3933 hoc
556 3870 760 3952 adjectionem
783 3886 1011 3951 ειιμαιααιαοι
1031 3870 1143 3936 lutere
1163 3879 1199 3935 ιιι

158 4037 203 4106 18)
212 4031 336 4110 Ὀαφαίξ
348 4034 363 4093 ὂ
377 4038 563 4108 κεκλασμένας
574 4033 623 4108 τὴν
633 4033 727 4110 ὀσφύν
743 4034 812 4093 Lex.
831 4037 867 4092 de
880 4034 954 4108 Spir.
967 4037 1027 4089 tat.
1041 4032 1135 4109 dorprir
1147 4054 1200 4091 ιιιι-

88 4119 176 4194 παγείς
191 4121 221 4179 in
237 4122 389 4195 proverbio
406 4123 484 4179 Eunt.
502 4123 561 4190 sor,
582 4126 624 4179 ιδ.
642 4126 718 4180 unde
736 4123 852 4179 latinum
866 4121 1092 4178 rotundetur
1128 4120 1199 4177 Per·

89 4199 191 4266 secti
175 4229 232 4282 ηγα
249 4211 357 4266 nullum
374 4209 521 4281 vestigium
540 4218 669 4282 superest
687 4217 800 4284 prester
815 4204 900 4280 Hyrie
919 4204 1059 4279 ναιεανόει
1076 4208 1145 4266 lies.
1166 4215 1201 4264 nt

88 4294 236 4354 Albertius
247 4295 364 4369 corrigit
374 4313 427 4370 pro
439 4314 517 4366 νιγσν
1187 4331 1190 4335 -
