2736 4778
139 400 142 405 .
207 341 271 407 us
293 339 514 434 suucorn
535 339 682 408 curus
703 339 925 411 vocsms.
950 341 989 409 c.
1003 344 1064 412 w.
1080 344 1144 430 ιι.
1169 348 1244 423 297

130 537 164 591 ct
184 519 376 613 καπνοδόκρ
404 523 586 610 componit.
633 522 713 587 Alia
739 545 806 588 non
828 524 961 590 concisa
983 525 1042 590 sed
1063 549 1083 591 a
1104 528 1242 595 concisis

129 627 276 692 derivata
302 636 397 691 sunt:
425 618 639 708 θεοδόμρτον
666 621 724 689 καὶ
755 622 840 689 κατὰ
866 623 1036 712 συγκοπὴν
1056 622 1244 715 θιόδμητον

128 727 219 793 Gud.
243 726 317 803 258,
339 727 392 791 24.
436 724 569 789 Etenim
587 720 651 788 hoc
672 732 705 788 et
722 723 840 789 similia
861 719 1056 814 νιόδμητος,
1078 723 1243 817 λυρόδμη-

128 851 190 903 τος
221 836 404 911 sequuntur
438 822 621 910 exemplum
650 823 787 908 perlecti
816 823 1002 911 δέδμημαι,
1031 827 1124 911 quod
1149 851 1245 894 nemo

130 947 174 989 ex
195 923 387 1011 διδόμημαι
408 925 528 990 factum
553 924 655 1018 dicet3
675 923 758 988 illud
778 946 854 990 vero
876 924 1170 994 Grammaticorum
1184 929 1248 995 ritu

130 1025 245 1090 ficuum
272 1026 391 1091 estad
418 1025 563 1113 speciem
588 1024 810 1111 parasyntheti
840 1019 1070 1114 οἰκοδόμητος.
1120 1029 1248 1096 Eadem

132 1126 318 1190 differentia
333 1137 381 1191 est
395 1126 563 1191 nominum
577 1118 780 1211 Ἀβλητῆρις
793 1119 960 1208 μάρτυρες
979 1136 1012 1201 et
1026 1123 1248 1216 Ἀβολήσορις

127 1222 298 1309 μάρτυρες
324 1226 406 1291 Hes.
455 1225 542 1291 Nam
569 1235 607 1290 ut
634 1223 733 1289 latine
760 1235 860 1291 testes
890 1225 1041 1291 dicuntur
1067 1230 1183 1295 arbitri
1203 1228 1245 1295 ab

127 1324 308 1389 adbitendo
331 1335 363 1390 et
383 1329 565 1408 superstites
585 1348 606 1389 a
627 1325 827 1410 praesentia,
853 1326 901 1391 sic
927 1327 983 1391 illa
1002 1323 1136 1394 nomina
1158 1329 1244 1395 deri-

127 1435 203 1490 vata
230 1437 306 1490 sunt
332 1449 352 1491 a
377 1425 478 1491 verbo
499 1424 735 1511 congrediendi
760 1420 897 1507 ἇβολιῖν
924 1427 960 1490 id
988 1439 1038 1492 est
1058 1426 1245 1512 σομβόλλε·

127 1527 275 1610 obest).
318 1525 464 1612 Parique
493 1525 718 1592 vicissitudine
744 1525 862 1590 dicitur
888 1523 1082 1613 ἀμβολάδην
1108 1538 1141 1593 et
1165 1521 1245 1598 ἀνα·

127 1623 267 1713 βλήδην,
299 1624 505 1715 σνμβόλρσις
533 1637 567 1691 et
595 1623 792 1713 σόμβλησις,
826 1622 1055 1711 λιθοδόμητος
1085 1640 1118 1692 et
1147 1626 1246 1700 λιθό-

129 1728 257 1815 δμηιος
278 1737 450 1813 ceteraque
474 1716 505 1792 i.
527 1727 570 1792 ad
587 1725 667 1791 Phr.
682 1725 756 1792 588.
779 1746 864 1811 quae
887 1747 907 1789 a
929 1748 1075 1813 syncope
1096 1751 1165 1794 non
1184 1731 1246 1796 mi·

129 1850 192 1892 nus
214 1827 313 1913 longe
335 1839 459 1893 remota
474 1838 550 1893 sunt
570 1850 668 1912 quam
689 1821 847 1913 όκμητος,
870 1825 1135 1916 γλωσσόσμητος,
1158 1831 1246 1918 πρό·

129 1953 250 2016 τμρσις
278 1940 312 1995 et
341 1929 417 2007 aba,
443 1922 600 2010 Ἔπιβλαί
620 1922 765 2015 περόναι
785 1929 867 1992 Hes.
898 1950 999 2011 quum
1022 1939 1101 2012 post
1121 1929 1248 2018 ἐπιβοᾷ

130 2029 276 2116 positum
304 2030 347 2094 sit
373 2029 509 2094 dubium
539 2038 589 2092 est
619 2049 662 2091 un
684 2049 751 2112 pro
774 2024 934 2110 ἐπιβολαί
954 2026 1172 2112 subrepserit;
1193 2051 1247 2095 ee·
1320 2114 1322 2119 Ι

130 2141 236 2195 terum
252 2141 402 2194 neutrum
419 2129 539 2215 legitur
558 2126 617 2191 sed
633 2127 773 2212 βλῆιρον
788 2124 885 2189 simili
899 2125 1066 2192 intellectu
1085 2139 1117 2192 et
1132 2129 1249 2195 eodem

124 2226 367 2316 Ἐπιποληΐδες
388 2227 543 2316 περόναι.
586 2226 675 2291 Ηὶιιο
699 2225 815 2290 incidit
837 2226 983 2309 ejusdem
1003 2228 1116 2313 glossa
1139 2235 1247 2314 Περι·

131 2331 291 2416 πέπληκα
314 2324 588 2414 περιπεπόληκα,
621 2349 704 2412 quae
731 2326 758 2392 si
779 2326 861 2391 nihil
882 2327 952 2391 vitii
972 2329 1148 2407 contraxit,
1171 2352 1246 2414 per·

131 2451 230 2515 quam
257 2427 401 2494 notabile
428 2427 564 2513 praebet
590 2449 757 2512 syncopae
778 2450 900 2514 genus3
929 2452 1003 2494 nam
1025 2428 1195 2515 δέδμημαι
1216 2439 1249 2495 et

132 2528 336 2616 διδόμημαι,
363 2526 528 2614 βέβλημαι
550 2540 583 2593 et
603 2527 790 2615 βεβόλημαι
811 2552 926 2595 causas
949 2529 1093 2593 diversas
1117 2528 1248 2596 habent.

121 2625 288 2703 ’Ἑπιπλα
302 2628 466 2694 dubitatur
480 2638 588 2694 utrum
603 2650 664 2713 pro
682 2627 833 2695 ἐπίπλοα
849 2630 972 2694 dictum
989 2629 1033 2694 sit
1049 2629 1249 2715 proprieque

131 2730 174 2797 τὰ
210 2731 413 2799 ἐπιπλέοντα
444 2729 607 2814 significet
630 2740 668 2792 ut
692 2721 867 2815 ἄκρόπλοα
895 2729 938 2796 τὰ
966 2729 1171 2818 ἕξιπιπολῆς
1188 2731 1248 2816 ἐμ·
1323 2750 1327 2757 ·

132 2831 279 2899 πλέοντα
305 2829 453 2896 Erotian.
485 2853 526 2895 an
556 2851 617 2917 pro
647 2827 799 2896 ἔπε’πολα
829 2829 865 2894 id
892 2840 941 2894 cst
968 2828 1158 2898 δπιπόλαια
1180 2833 1250 2899 sive

133 2925 394 3010 ἐπιπολάζοντα.
454 2931 531 2995 Ηοο
571 2929 772 3016 probabilius
803 2929 933 2994 videtur
964 2930 1025 2994 etsi
1056 2931 1251 3014 adjectivum

133 3027 302 3107 ἒπίπολος
322 3030 373 3112 (ut
390 3025 597 3114 πρόςπολος)
622 3029 728 3093 solum
742 3027 776 3089 in
797 3049 861 3091 usu
883 3038 949 3103 est,
972 3050 1041 3092 non
1060 3027 1099 3094 τὸ
1122 3029 1249 3098 ἐπίπο-

133 3133 192 3198 λον
221 3131 281 3196 sed
310 3125 464 3196 ἔπιπλον.
518 3128 560 3192 ln
590 3127 719 3191 Aelian.
752 3127 798 3189 H.
824 3128 912 3191 Anu.
939 3127 1037 3195 XIV.
1068 3127 1119 3193 16.
1148 3124 1253 3215 λόφοι

133 3226 335 3316 ὑπέρακροι,
364 3221 421 3306 οὓς
442 3221 591 3304 tuantur
612 3226 698 3307 (cod.
723 3223 886 3311 ἐπίπλας)
910 3224 943 3296 οἱ
963 3226 1153 3312 νομευτικοὶ
1175 3222 1251 3296 bro·

134 3325 294 3413 μόζοοσι,
335 3328 424 3392 idem
458 3326 636 3411 significari
670 3327 798 3393 videtur
830 3329 921 3413 quod
952 3329 1082 3395 nomine
1116 3330 1250 3415 proprio

130 3424 318 3495 Ἐπιπολαί
342 3428 538 3506 declaratur,
567 3428 618 3494 sic
643 3429 728 3494 enim
750 3428 940 3495 dicebantur
958 3452 1058 3515 rupes
1080 3430 1252 3515 Syracusis

135 3529 340 3594 imminentes
362 3527 394 3596 oi
416 3521 514 3615 ἄκροι
535 3528 674 3616 κρημνοὶ
694 3535 761 3596 τῶν
779 3524 968 3597 Ἐπιπολῶν
989 3529 1095 3596 Thuc.
1119 3531 1179 3599 vl.
1199 3531 1251 3599 97.

136 3629 222 3697 Cum
250 3629 366 3694 eodem
390 3627 490 3694 verbo
519 3627 613 3696 πόλιν
643 3629 861 3716 compositum
888 3639 938 3694 est
957 3627 1107 3699 Δίπολοι
1129 3630 1253 3700 διπλαῖ

136 3835 296 3904 διορίζουσα
313 3833 362 3887 τοῦ
379 3829 463 3886 δόκου
479 3825 562 3903 ελρξις
579 3821 640 3885 οἷον
656 3823 801 3901 μεσοδόμη
819 3851 858 3893 τις
872 3848 955 3901 οσσα,
974 3833 1023 3891 ubi
1039 3840 1104 3905 post
1120 3826 1203 3905 εἶρξις
1221 3831 1251 3886 iu

138 3918 202 3972 cod.
217 3914 331 3967 additur
346 3913 480 3987 μόνωσις,
497 3918 552 3970 hoc
568 3922 619 3981 est,
636 3922 716 3987 puto,
730 3911 845 3978 δόκωσις
858 3914 874 3984 ἡ
888 3918 1045 3991 διορίζουσα
1059 3916 1123 3979 τοὺς
1135 3915 1250 3984 δόμους,

138 4018 195 4055 nno
219 4000 307 4054 verbo
336 3998 367 4055 τὸ
388 3995 553 4073 μεσότοιχον
581 4000 640 4056 sire
665 4001 757 4072 paries
787 4000 987 4073 intergerinus,
1018 4020 1074 4072 quc
1106 3999 1253 4057 conclavia

137 4085 326 4157 disparantur.

138 4208 141 4213 .
207 4171 238 4239 l)
255 4170 310 4225 Hic
326 4170 439 4225 testium
455 4171 560 4227 mantio
578 4171 607 4226 in
623 4173 784 4228 memoriam
800 4178 914 4227 revocat
927 4170 1022 4225 Schol.
1037 4169 1178 4226 [LXXII.
1191 4173 1251 4230 254.
1319 4159 1323 4168 ¹

137 4254 202 4318 τούς
216 4253 359 4330 μάρτυρας
372 4255 487 4311 Ἀπικολ
504 4250 587 4326 diove
602 4262 678 4330 φασί
693 4275 747 4313 scr.
766 4258 879 4318 λδυίους.
