2736 4778
174 339 223 413 οο
537 328 854 398 nrssaaramo
888 300 916 396 1.

173 515 302 604 ἑώρων,
332 509 513 603 {propriove
541 515 689 582 Macrob.
717 517 760 583 de
782 514 881 584 Verb.
906 514 977 581 710.
1002 512 1104 598 idque
1126 513 1286 580 sancitum

174 632 224 687 est
253 618 360 685 edicto
390 614 548 682 catholico
570 618 742 704 Apollonii
763 618 802 686 τὸ
822 605 1047 697 ἶιιλιονάζον
1066 614 1101 683 ἐν
1130 614 1287 684 δισυλλά-

172 727 248 807 βοις
270 715 463 805 ἀναβιβάζει
484 717 541 785 τὸν
563 717 668 799 τόνον,
691 719 751 786 sed
772 718 909 797 addidit,
930 728 1028 804 puto,
1051 717 1234 784 cautionem
1255 714 1286 785 εἰ

173 822 219 911 μὴ
242 817 259 890 ὃ
280 817 452 909 χαρακτὴρ
480 816 620 899 κωλύοι,
648 820 863 887 necessariam
883 818 980 907 {illam
1010 830 1145 906 propter
1172 840 1287 885 vocem

173 923 370 991 homericam
393 943 413 986 a
440 921 667 988 Grammaticis
693 923 891 1010 disputatum
921 922 956 987 in
984 920 1062 989 Sch.
1082 920 1155 987 BL.
1177 919 1221 985 ad
1245 919 1285 985 Il.

172 1025 270 1094 XIV.
296 1023 371 1090 465.
398 1023 477 1089 ΕΜ.
509 1022 586 1102 735,
616 1024 646 1089 8.
673 1024 770 1111 παρὰ
797 1025 835 1094 τὸ
867 1021 930 1107 ἔχω
952 1020 1078 1111 γίνεται
1108 1012 1207 1105 trude
1230 1021 1287 1088 ιιαὶ

174 1124 339 1197 tantona
364 1124 463 1210 (adde
484 1122 617 1211 εἰχμός)
640 1119 687 1204 ὡς
709 1121 843 1210 ἐέλδωρ,
866 1118 939 1195 εἶτα
959 1127 1072 1212 τροπῇ
1093 1120 1215 1205 ἕοχμός
1230 1123 1287 1189 ναὶ

173 1223 367 1312 συνεοχιιός,
407 1226 498 1312 quod
529 1248 596 1291 non
627 1226 690 1292 alio
723 1236 859 1293 accentu
891 1224 997 1292 notari
1028 1234 1158 1310 poterat
1189 1244 1286 1309 quam

173 1325 333 1413 ιιλοχμός,
353 1326 481 1411 μνχμός
501 1339 561 1394 eto.
587 1351 617 1393 v.
638 1327 758 1393 Parall.
779 1327 852 1394 395.
885 1328 940 1394 De
956 1324 1189 1411 monosyllabis
1205 1346 1285 1392 con·

172 1428 306 1496 tranium
327 1429 515 1516 praecipere
536 1428 692 1495 videtur
682 1453 717 1495 m
737 1430 838 1495 Pron.
863 1429 935 1495 107.
957 1428 996 1496 τὸ
1019 1424 1104 1497 ἑὲ
1075 1453 1105 1496 ει
1127 1422 1202 1495 κατ’
1228 1422 1287 1514 ἆρ-

171 1531 232 1622 pir
252 1525 403 1612 ὄξύνοιτο
432 1527 627 1617 παράλογον
648 1529 771 1654 {Usa
736 1556 794 1598 τον
820 1524 931 1599 τόνον·
959 1526 1027 1598 εἴτε
1040 1529 1119 1650 ’γὰρ
1148 1527 1187 1596 τὸ
1212 1524 1285 1595 dari-

65 1640 70 1645 '
173 1657 270 1753 vapos
291 1657 308 1700 a
292 1620 581 1710 ἒπλεόνασενᾘ
564 1657 598 1699 εν
620 1625 712 1719 αὐτῷ
730 1658 749 1699 ο
737 1626 898 1712 οξυς
858 1657 955 1711 τινος
972 1628 1145 1719 γενήσεται
1161 1626 1287 1711 ὁμοίως

173 1736 221 1820 τῷ
244 1725 267 1821 ἤ
289 1757 345 1799 και
336 1727 420 1820 ἠέ
442 1727 509 1799 εἶτε
529 1730 567 1798 τὸ
592 1724 707 1818 ὄρχον,
733 1729 768 1799 εί
788 1757 824 1816 γε
846 1758 879 1799 οι
868 1729 1107 1816 ίιιλεονιιομοὶ
1126 1731 1207 1811 τούς
1229 1727 1287 1798 τό-

173 1858 250 1913 νους
279 1837 420 1921 τηροῦσι
452 1829 503 1900 ἑοῖ
531 1828 588 1901 iou
573 1832 667 1918 ¹⁹).
699 1832 742 1897 Id
761 1833 898 1899 fortasse
919 1833 1049 1899 intuens
1071 1831 1183 1901 Schol.
1202 1833 1285 1897 Hes.

174 1934 238 2000 Th.
262 1933 562 2000 145..numeralium
585 1933 725 2020 primum
747 1957 767 1998 a
786 1935 976 2022 pleonasmo
998 1934 1142 2020 sejungit
1162 1933 1201 2002 τὸ
1221 1933 1288 2013 ἕεις

173 2034 244 2105 ἐστὶ
276 2033 439 2123 διαίρεσις
472 2034 749 2122 περισπιομὲνης·
779 2036 839 2101 sed
871 2035 1019 2123 plerique
1050 2035 1086 2100 id
1120 2035 1286 2121 rejiciunt3

173 2137 311 2224 primum
324 2137 523 2223 Apollonius
536 2137 610 2203 loco
628 2135 684 2203 illo
702 2137 790 2203 unde
809 2137 974 2225 profectus
990 2159 1073 2216 sum,
1093 2147 1161 2203 tum
1173 2134 1286 2204 Schol.

175 2236 243 2305 Od.
264 2236 348 2304 XII.
369 2237 444 2302 417.
471 2236 510 2304 τὸ
536 2242 651 2307 θέειον
675 2236 887 2325 πλεονασμός
915 2237 1004 2307 ἐστιν
1028 2233 1074 2317 ὡς
1096 2229 1145 2317 εἷς
1165 2236 1233 2317 ἕεις
1254 2247 1288 2302 et

172 2339 384 2406 Herodianus
412 2337 485 2424 ipse
512 2337 547 2403 in
573 2335 737 2407 Choerob.
762 2339 843 2407 Can.
866 2340 946 2417 246,
976 2340 1028 2405 24.
1048 2339 1128 2407 EM
1160 2338 1285 2416 16,18.

173 2441 212 2509 τὸ
235 2435 434 2530 ἇόελφίόεος
456 2434 516 2507 οὐκ
545 2434 579 2508 d
572 2439 616 2509 τὸ
644 2446 705 2508 τοῦ
729 2437 941 2530 ἀδελφιδοῦς,
963 2441 1126 2511 οῧδέτοτε
1148 2439 1211 2528 γὰρ
1233 2465 1287 2509 ευ-
1312 2456 1324 2477 ’

173 2546 255 2610 θεῖα
283 2537 471 2608 διαλύεται·
499 2539 537 2608 τὸ
567 2539 630 2628 γὰρ
654 2540 720 2621 ἱέις
747 2541 832 2610 κατὰ
858 2539 1122 2627 πλεονασμόν”
1100 2567 1166 2624 εχει
1193 2540 1231 2609 τὸ
1260 2568 1285 2611 ε.

174 2641 325 2728 Quod
300 2665 327 2707 ει
349 2641 529 2727 generatim
552 2654 649 2727 atque
670 2643 819 2709 universe
841 2643 952 2722 edixit,
973 2666 1039 2709 non
1057 2644 1162 2710 solum
1178 2643 1285 2709 nomi·

174 2843 358 2922 contractis,
381 2843 550 2909 sedidem
574 2845 671 2912 etiam
695 2847 735 2912 de
757 2841 871 2926 ὀϊστός
894 2860 926 2915 et
947 2843 1039 2931 ὄϊζύς
1058 2848 1209 2914 statuisse
1227 2870 1285 2914 ex·

173 2946 368 3015 istimandus
395 2957 461 3024 est,
493 2946 554 3011 etsi
575 2945 657 3014 haec
679 2971 698 3012 a
718 2948 888 3035 primitivis
907 2948 967 3017 οἴω
991 2949 1093 3033 (unde
1114 2944 1285 3035 droroaoc)

173 3060 207 3118 et
229 3045 267 3120 οἷ’
284 3046 363 3132 olle
385 3046 516 3135 longius
538 3061 663 3115 remota
685 3062 761 3116 sunt
782 3074 881 3136 quam
901 3050 1061 3136 bisyllaba
1085 3072 1169 3137 quae
1183 3050 1286 3116 Attici

173 3162 383 3240 receperunt;
409 3173 508 3237 quare
539 3152 637 3237 aulgo
673 3153 810 3218 diaeresi
835 3151 1049 3238 subjiciuntur
1075 3175 1105 3218 v.
1126 3150 1285 3238 Apollon.

172 3254 259 3322 Adv.
282 3254 355 3330 538,
379 3252 429 3318 10.
451 3252 531 3319 ΕΜ.
553 3253 626 3332 620,
649 3254 678 3318 8.
722 3257 845 3322 Verum
867 3266 924 3320 aut
943 3253 1037 3319 valde
1061 3276 1133 3319 erro
1154 3263 1212 3318 aut
1231 3252 1287 3318 ille

175 3378 306 3443 quoque
339 3355 487 3440 regulam
517 3355 698 3421 accuratius
729 3356 969 3422 determinavit
980 3356 1174 3443 exceptione
1206 3352 1285 3421 cha·

173 3457 323 3535 rectene,
354 3479 467 3554 quem
480 3456 603 3524 indicat
628 3458 791 3525 Arcadius
824 3483 857 3545 p.
880 3459 931 3525 02.
960 3456 1003 3526 τὰ
1023 3454 1072 3537 εἰς
1092 3483 1131 3536 υς
1152 3454 1285 3544 θηλυκὰ

175 3557 416 3627 ἐκτείνοντα
381 3584 420 3625 το
444 3585 463 3626 υ
486 3551 699 3639 ὅξύνεταιμι
700 3557 823 3646 trote,
766 3554 975 3658 ἐδητύς,
997 3554 1089 3642 ὄὶζιῖς
1110 3568 1171 3625 ete.
1194 3555 1286 3624 etde

173 3658 274 3725 altero
296 3681 471 3747 generep.
495 3659 546 3740 83,
568 3662 619 3727 20.
642 3661 684 3731 τὰ
708 3659 757 3742 εἷς
778 3685 857 3740 στος
882 3658 1110 3752 προςηγορικὰ
1133 3653 1287 3740 ὀξύνεται

244 3868 288 3939 10)
301 3867 349 3924 Sic
360 3865 555 3922 Mclrllrornius
574 3866 695 3922 Gramm.
710 3864 744 3920 Τ.
763 3865 784 3919 Ι.
797 3866 856 3919 232.
876 3861 985 3935 scripsit
1001 3880 1054 3935 pro
1071 3859 1150 3929 ἓιι,”
1135 3880 1194 3926 εον,
1207 3858 1234 3916 ἵε
1247 3860 1285 3916 cf·

176 3952 337 4012 Skrzeczka
355 3953 515 4007 Observatt.
536 3951 563 4006 in
584 3951 678 4023 Apoll.
695 3972 722 4024 p.
739 3954 779 4006 to.
793 3970 821 4005 n.
835 3953 875 4003 54.
897 3947 1019 4005 Genitivi
1032 3949 1080 4003 ἑοῦ
1090 3953 1222 4001 auctores
1235 3963 1287 4002 no·

173 4039 260 4095 minat
271 4039 418 4095 Muetzell.
431 4041 467 4094 de
482 4038 594 4109 Theog.
607 4040 665 4094 205.
687 4035 947 4108 ‘Eofpleonasmum
964 4035 1078 4090 atticum
1094 4034 1201 4090 habere
1218 4030 1288 4088 dicit

175 4125 271 4181 Schol.
285 4126 405 4181 Od.1V.
419 4127 461 4180 38.
489 4123 630 4195 Ambigua
647 4123 773 4195 loquitur
790 4122 957 4195 Apollonius
975 4122 1003 4176 in
1023 4122 1095 4177 Lex.
1112 4138 1141 4192 p.
1158 4120 1202 4175 02.
1214 4115 1246 4175 τὸ
1258 4118 1290 4175 i!

174 4210 233 4267 καί
250 4214 404 4282 inimoco,
418 4211 526 4268 sedhic
541 4228 655 4283 quoque
675 4209 817 4282 epectasis
835 4209 942 4281 primae
961 4207 1086 4278 syllabae
1102 4205 1229 4263 indicare
1244 4202 1286 4261 ri·

175 4299 269 4364 detur,
286 4316 342 4356 non
357 4316 418 4355 eam
429 4316 501 4371 quae
519 4296 633 4371 proprie
645 4297 684 4354 ito
699 4295 801 4354 dicitur
811 4297 866 4353 hoc
878 4303 921 4353 est
930 4291 1232 4368 proochsnstisnnn.
1335 4354 1346 4367 ,
