2736 4778
134 308 211 388 aas
498 296 816 399 nrssanrhrro
840 311 883 383 v.

132 497 332 566 Wimmerus
353 490 544 575 Διόςανθος
565 496 748 581 substituit,
769 493 1014 583 Διοςβόλονος,
1044 500 1137 584 quod
1158 499 1253 567 idem

133 598 287 688 praetulit
309 597 482 682 disjuncto.
524 599 668 666 Etcum
690 598 761 665 aliis
792 598 943 686 genitivis
972 600 1120 685 ejusdem
1142 601 1251 669 decli·

132 700 290 779 nationis,
315 700 454 788 primum
484 698 549 766 duo
579 699 710 789 poetica
737 693 898 789 ἆλοςόόυη
928 711 961 766 et
989 696 1198 794 ὑδατοςόδνη
1221 727 1251 772 v.

131 802 232 872 Proll.
250 802 315 869 234
332 823 381 887 sq.
407 800 565 889 pluraque
586 801 684 889 vrdgo
705 811 839 889 recepta
861 794 941 880 ἁλὸς
962 793 1069 881 ἄνθος
1085 803 1252 872 Damocr.

132 928 186 992 ap.
215 903 333 971 Galen.
368 901 461 969 Med.
494 926 528 990 p.
562 902 647 970 Gen.
676 902 774 971 VIII.
807 900 857 969 16.
884 926 918 990 p.
949 902 1041 968 1051.
1077 903 1119 970 Τ.
1140 905 1251 974 XIII.

129 1005 227 1085 Alex.
251 1003 351 1072 Trall.
373 1002 402 1070 Ι.
422 1003 454 1081 3,
476 1002 507 1071 8.
529 999 610 1084 ἁλὸς
628 996 709 1092 ὄχνη
730 1003 868 1073 Aristot
893 1005 938 1069 H.
961 1006 1028 1071 An.
1043 1004 1108 1071 nt
1127 1005 1162 1072 4.
1187 1031 1253 1096 pro

132 1129 198 1194 quo
224 1105 321 1174 codd.
347 1103 474 1191 aliquot
499 1099 662 1193 ἆλοςόχνρ
690 1104 849 1194 praebent
879 1116 916 1172 ut
945 1105 1061 1174 Dioso.
1090 1107 1179 1175 Mat.
1206 1111 1250 1179 V.

132 1209 204 1278 127.
236 1206 344 1292 πυρός
377 1197 456 1296 tm
488 1205 693 1273 chamelaeae
725 1229 931 1296 synonymon
959 1207 1020 1275 IV.
1053 1208 1126 1275 172.
1159 1209 1253 1292 μυὸς

131 1301 202 1377 ὦτα
220 1306 337 1374 Galen.
362 1305 486 1372 t0.1.
511 1307 543 1386 4,
569 1307 644 1376 387.
674 1317 707 1374 at
735 1308 854 1394 all.¹⁸)
883 1307 979 1386 κυνὸς
1008 1299 1100 1396 όρχις
1125 1310 1275 1384 Diosc.x

130 1411 195 1479 111.
225 1409 296 1477 141.
323 1408 383 1476 sed
413 1413 614 1494 cynosorchis
637 1409 725 1478 Plin.
758 1420 791 1477 et
816 1408 1006 1498 saepissime
1032 1404 1249 1496 κυυόςβατος,

130 1506 325 1599 όοςκόομος.
369 1512 446 1578 Ηοο
468 1520 501 1578 et
526 1506 746 1596 όιοςβόλονος
767 1510 880 1576 Latini
906 1510 941 1576 ln
962 1508 1115 1596 syntheta
1135 1523 1251 1581 muts-1

129 1624 206 1680 runt
219 1615 423 1700 Juspuiamos
445 1624 478 1680 et
489 1615 638 1699 Juplaos,
661 1613 753 1699 eujus
775 1611 904 1699 generis
925 1621 1001 1677 sunt
1020 1634 1142 1698 graeca
1160 1607 1247 1683 ἅλο-

131 1712 302 1802 οκόροδον,
326 1710 533 1802 κυυόρρυόου,
557 1710 783 1801 όροοβόλονος
804 1725 837 1780 et
859 1736 900 1780 ex
920 1735 1039 1800 graeco
1053 1713 1248 1782 translatum

129 1819 280 1901 hyoseris.
324 1814 560 1883 Grammaticos
589 1813 777 1899 parathesis
804 1815 997 1903 praetulisse
1033 1826 1174 1902 apparet
1204 1838 1247 1884 ex

130 1916 244 2006 Apoll.
279 1916 372 2002 Syna
400 1915 465 1982 III.
488 1916 547 1994 32,
574 1915 648 1982 288.
675 1916 779 2002 (292.)
833 1916 872 1984 τὸ
900 1914 958 1984 νέα
986 1909 1090 2001 πόλις
1115 1916 1175 1984 καὶ
1203 1916 1248 1986 τὰ

129 2015 235 2104 ὅμοια
257 2013 317 2087 δύο
342 2010 492 2105 ὀνόματα
515 2022 714 2085 καθεστῶτα
742 2016 778 2088 ἐν
799 2012 902 2096 ἰδίοις
928 2010 1039 2095 τόνοις
1061 2014 1114 2093 δὶς
1135 2015 1246 2086 κλίνο-

130 2145 203 2199 ros,
230 2111 414 2206 cipriani
440 2115 597 2206 Κόρακος
623 2109 774 2207 atroci}
803 2112 861 2195 ὑὸς
880 2112 1014 2202 κύαμος.
1059 2115 1117 2184 Sio
1146 2118 1248 2202 etiarn

130 2220 194 2286 alia
225 2220 336 2306 topica
366 2218 458 2298 Βοός
487 2215 594 2305 πόρος
622 2215 749 2285 Gallim.
782 2218 882 2285 Dian.
912 2217 986 2284 254.
1020 2215 1129 2305 Orph.
1159 2220 1248 2308 Arg.>

131 2320 224 2388 1069.
249 2319 397 2407 Oppian.
419 2321 496 2385 Hal.
517 2321 546 2388 Ι.
568 2319 642 2388 671.
669 2331 703 2387 et
722 2320 757 2387 in
777 2319 881 2386 Inser.
905 2318 1063 2387 Chersoo.
1084 2319 1129 2401 N.
1147 2321 1245 2389 2123.

130 2421 207 2491 Vol.
234 2420 281 2488 11.
308 2419 410 2508 Corp.
430 2421 535 2486 lnsor.
563 2419 655 2499 Βοόςι
675 2414 759 2510 αὐλή
791 2431 919 2487 annum
945 2420 1104 2487 Boeotiae
1133 2421 1245 2494 soah.

129 2523 176 2590 X.
197 2521 271 2589 445.
295 2522 348 2590 eui
372 2523 469 2588 Bauli
490 2520 526 2584 id
554 2532 605 2586 est
625 2516 770 2604 βυαόλια
793 2520 993 2609 Campaniae
1019 2533 1246 2608 comparatum

129 2623 238 2710 Δρυὸς
273 2623 433 2711 κεφαλαί,
474 2621 565 2705 quod
606 2619 826 2688 Philostratus
867 2622 1054 2709 parenthesi
1098 2623 1245 2691 diremit:

129 2725 249 2810 Δρυὸς,
272 2715 299 2790 ὦ
323 2726 397 2800 παῖ,
421 2721 568 2808 κεφαλαί
590 2722 716 2808 Imagg.
737 2724 782 2788 Il.
808 2724 858 2801 19,
881 2724 954 2790 843.
1000 2725 1163 2803 Πέλοπος
1184 2731 1244 2815 νῆ-

130 2849 189 2903 οος
209 2823 311 2890 Anth.
324 2823 403 2891 VII.
415 2821 487 2887 275.
511 2822 553 2887 ad
575 2822 722 2888 ultimum
745 2823 844 2905 Μυός
866 2821 968 2911 ὅρμος
994 2834 1026 2889 et
1048 2823 1158 2904 Κυνός
1182 2831 1244 2916 οῆ-

129 2950 187 3009 μο,
211 2923 499 3011 quodMeinekius
521 2922 581 2989 sub
604 2946 669 2989 uno
692 2936 826 2992 accentu
848 2926 978 3012 scripsit
999 2926 1046 2991 sio
1067 2935 1104 2989 ut
1122 2931 1245 2994 Γυναι-

128 3021 298 3104 κόςυολις.
354 3026 483 3092 Eodem
517 3047 637 3113 genere
669 3026 851 3113 parathesis
886 3027 1094 3092 eontinentur
1125 3027 1244 3093 ordine

128 3126 256 3194 inverso
284 3121 377 3211 Οὐρὰ
393 3124 475 3210 βοός
494 3128 634 3193 Ptolem.
647 3128 688 3196 V.
713 3127 763 3192 13.
788 3138 820 3193 et
843 3120 925 3214 οὐρὰ
935 3123 1019 3212 μυός
1028 3127 1144 3194 Dioso.
1156 3129 1242 3195 Mat.

128 3229 174 3294 ll.
198 3251 226 3295 c.
250 3229 321 3295 144.
343 3228 424 3292 illud
446 3227 510 3293 loci
532 3250 667 3307 nomen,
692 3227 756 3293 hoo
778 3228 924 3317 plantae,
946 3238 1119 3316 utrumque
1141 3229 1243 3318 alpha

128 3330 248 3419 longo;
276 3329 427 3417 syntheta
454 3352 530 3395 vero
553 3341 628 3395 sunt
654 3353 740 3416 quae
763 3330 798 3394 in
819 3328 916 3394 breve
939 3340 1068 3395 exeunt.
1109 3331 1245 3398 Etenim

129 3433 214 3499 siout
235 3432 402 3499 nominum
422 3427 533 3512 ἰχθύς,
565 3419 719 3518 cippis-u
735 3431 844 3519 psilon
872 3453 931 3518 per
960 3453 995 3496 se
1023 3432 1160 3517 longum
1182 3443 1243 3512 est,

129 3535 302 3620 corripitur
320 3556 397 3599 vero
421 3531 668 3620 compositione,
692 3532 738 3598 ita
754 3533 850 3599 etiam
867 3532 1123 3631 pron-nudantur
1132 3527 1243 3611 Βοός-

129 3657 211 3717 οορο
233 3644 265 3698 et
292 3629 482 3718 Isvudgoooo
508 3633 593 3699 sicut
621 3634 729 3700 omnia
758 3656 841 3719 quae
869 3634 903 3698 in
925 3658 1008 3720 ουρα
1030 3632 1244 3699 terminantur

127 3757 157 3799 v.
186 3733 305 3799 Parall.
335 3732 470 3819 378.¹⁴)
531 3735 627 3818 Quae
659 3758 735 3801 vero
768 3734 829 3799 hac
853 3735 1056 3802 necessitate
1089 3733 1244 3800 adstricta

198 3904 243 3971 1³)
258 3903 499 3967 Quemadmodum
520 3918 556 3956 ex
572 3900 638 3963 ἁλὸς
648 3898 735 3963 ἄνθος
753 3901 881 3956 nonnulli
901 3903 1031 3958 fecerunt
1043 3897 1202 3962 ἁλόςανθον
1213 3919 1239 3956 v.

128 3993 164 4045 ad
177 3991 244 4044 Phr.
265 3991 324 4043 304.
340 3988 380 4041 ita
396 3987 467 4059 μυὸς
486 3978 542 4042 alra
559 3987 627 4041 abiit
645 3986 673 4041 in
690 3984 815 4059 μυοςώιη
835 3993 864 4041 et
880 3986 1031 4060 μοόςωιον,
1051 4004 1123 4059 quae
1143 3995 1244 4043 natura

90 4084 93 4085 ’
128 4085 193 4130 sunt
212 4074 351 4148 adjectiva
369 4083 399 4129 ut
419 4070 606 4144 ἁυόρόςαιμον
628 4071 847 4126 androsaemon
865 4092 901 4129 ex
919 4073 1029 4145 integro
1057 4081 1085 4127 et
1107 4083 1242 4146 corrupto

129 4158 311 4232 compositum
325 4168 355 4214 ut
367 4164 508 4228 μυοςωιίς,
522 4159 600 4229 quod
612 4173 758 4229 perperam
771 4156 914 4213 divellitur
927 4159 1026 4215 Galen.
1043 4160 1078 4213 T.
1091 4159 1158 4213 XII.
1176 4162 1220 4214 8⁰.

199 4246 243 4313 tt)
258 4245 373 4300 Graecis
392 4244 447 4299 illis
460 4243 551 4298 simile
566 4250 607 4297 est
622 4259 724 4296 nomen
736 4242 840 4297 montis
853 4243 984 4317 Liguriae
1006 4245 1244 4311 dalamantiam

128 4345 191 4392 astu
204 4329 234 4390 ir
247 4348 360 4411 quoque
374 4334 409 4388 sn
422 4329 534 4402 integro
547 4334 576 4384 et
589 4336 720 4408 corrupto
734 4335 851 4391 constat.
