2736 4778
155 347 219 419 nn
239 304 513 418 emanansr
533 347 594 416 m
619 336 892 416 scamnum.
915 345 955 416 o.
966 344 995 415 1.
1017 348 1043 434 ς.
1056 346 1085 415 1.
1100 348 1190 425 ιιι

82 539 199 604 scimus
231 561 305 603 eum
336 530 424 622 παρ’
452 527 532 613 ὁδός
560 528 645 620 (πάρ
672 558 727 600 τοι
753 528 835 612 ὁδός
860 531 901 597 Il.
923 531 987 598 IX.
1007 533 1075 618 43.)
1101 544 1135 602 et
1156 532 1190 603 ἓν

80 639 151 708 ἐστι
179 626 411 705 adnumerasse
437 635 651 724 appositiciis.
700 633 742 699 Id
766 655 843 700 vero
867 633 948 699 nihil
972 633 1189 721 adpraesens

80 742 259 828 negotium.
307 740 379 805 Nos
408 738 493 804 enim
517 760 585 803 non
613 735 832 822 quorumlibet
856 733 1088 803 vocabulorum
1111 740 1190 823 jun·

80 855 191 908 cturae
215 843 279 908 hoc
301 863 419 907 nomen
440 839 609 906 tribuimus
631 839 691 904 sed
713 838 812 904 modo
832 838 881 917 ei,
912 861 978 924 qua
1006 838 1071 904 duo
1093 827 1191 906 voo'a-

79 945 158 1009 bula
177 968 247 1010 rem
267 965 366 1009 unam
387 941 602 1028 significantia
617 950 705 1007 certo
724 951 757 1005 et
772 940 966 1006 immutabili
982 942 1096 1008 ordine
1113 963 1193 1009 eon·

72 1047 248 1112 ‘sociantur
265 1047 317 1112 vel
338 1044 397 1112 sub
418 1067 485 1110 uuo
507 1053 642 1125 accentu
658 1037 896 1129 Ἕλλήςπονιος
914 1043 965 1108 vel
983 1041 1044 1109 sub
1063 1043 1192 1110 duobus

72 1142 190 1236 Ἕλλης
205 1143 336 1226 πόντος.
368 1149 466 1213 Ηιυσ
481 1144 667 1235 parathesin
683 1142 895 1230 impropriam
912 1144 1073 1222 dicemue3
1095 1144 1192 1225 illam,

82 1270 168 1332 quae
189 1258 324 1314 accentu
346 1248 564 1334 distinguitur,
586 1245 761 1334 propriam.
795 1246 905 1330 Hujus
922 1247 957 1310 in
976 1247 1193 1315 declinatione

80 1351 186 1437 prima
221 1348 405 1441 exemplum
433 1349 567 1415 unicum
602 1358 652 1413 est
680 1347 889 1433 Hellesponti
919 1371 1049 1416 nomen.
1103 1351 1192 1416 Nam

82 1451 173 1536 quod
200 1451 311 1521 Schol.
343 1450 442 1517 Pind.
471 1451 566 1518 Nem.
594 1449 659 1515 lX.
689 1448 720 1514 9.
752 1449 927 1517 memoriae
958 1452 1105 1540 prodidit
1129 1475 1190 1540 pro

76 1550 180 1631 Ῥείας
193 1549 300 1638 πόρος
315 1552 491 1620 nonnullos
503 1548 745 1637 Ἀρειόςπορος
762 1551 932 1639 scripsisse
946 1549 1007 1641 ὑφ’
1031 1553 1074 1632 ἓν,
1092 1576 1192 1640 quum

78 1676 139 1740 per
158 1676 194 1721 ae
214 1655 405 1721 incredibile
430 1653 490 1733 sit,
520 1663 589 1719 tum
610 1651 708 1718 etiam
728 1652 884 1720 refellitur
906 1677 946 1721 eo
968 1655 1060 1741 quod
1080 1656 1191 1743 paullo

79 1767 154 1822 ante
184 1756 252 1822 dixi
281 1780 321 1824 ea
349 1757 448 1823 modo
479 1756 527 1822 sie
555 1754 654 1822 scribi
673 1754 833 1822 voeabula
854 1779 993 1843 quorum
1013 1780 1093 1823 usus
1115 1780 1190 1846 per·

78 1859 230 1943 frequens
257 1858 405 1945 ordoque
427 1860 473 1924 ita
493 1858 577 1923 fixus
600 1868 649 1923 est
667 1868 705 1922 ut
724 1857 795 1923 sine
816 1858 947 1944 poetica
974 1859 1104 1925 licentia
1130 1883 1189 1926 ne·

80 1982 144 2044 que
173 1959 312 2026 discindi
339 1982 447 2047 neque
474 1959 590 2026 inverti
617 1957 755 2046 possint
796 1958 983 2025 Masoulina
1011 1957 1108 2046 hujus
1132 1962 1190 2028 de·

80 2059 262 2128 clinationis
299 2072 355 2128 aut
392 2061 536 2149 legitime
573 2069 835 2147 componuntur:
875 2056 1082 2140 Πυθόπολις
1119 2058 1192 2129 ἀπὸ

78 2163 200 2226 Ποθοῦ
223 2161 485 2244 περισπωμένου
506 2156 552 2239 ὠς
565 2156 766 2244 Ἑρμόπολις
787 2159 903 2247 Steph.
921 2170 978 2226 aut
999 2161 1189 2239 consocian·
1296 2230 1299 2235 ,

78 2271 131 2325 tur
151 2261 207 2327 illo
227 2262 352 2330 laxiore
373 2286 493 2350 genere
514 2262 710 2350 parathesis,
739 2260 829 2347 quod
856 2261 1071 2351 improprium
1093 2285 1191 2332 voca·

78 2384 166 2440 mus,
179 2358 299 2447 Ἑρμοῦ
314 2361 425 2444 πόλις.
453 2364 671 2431 Intolerabilis
689 2386 766 2431 vero
786 2373 836 2428 eet
851 2361 915 2429 ista
933 2365 1073 2431 duorum
1092 2367 1189 2433 codd

77 2461 177 2528 Pind.
198 2463 239 2529 P.
257 2464 319 2533 IV.
338 2467 412 2533 446.
435 2467 595 2555 scriptura
615 2461 774 2555 Μήδειαν
793 2462 854 2532 τάν
874 2466 1126 2556 Πελιαοφόνον,
1149 2469 1191 2535 de

79 2587 145 2650 qua
167 2563 278 2632 Schol.
301 2563 320 2635 ὁ
344 2572 469 2655 Χαῖρις
496 2564 535 2636 oi
562 2562 719 2653 βούλεται
741 2567 911 2644 συνθέτως
938 2561 1190 2655 ἀναγινώσκειν·

80 2664 117 2734 ἐκ
139 2666 200 2752 γὰρ
227 2662 286 2734 δύο
315 2663 386 2735 ἐστὶ
410 2667 554 2737 τελείων.
600 2667 733 2736 Γίνεται
759 2665 796 2734 δὲ
822 2662 842 2755 ἦ
869 2665 1192 2755 τοιαότρσόνθεσις

79 2762 125 2846 ὡς
145 2767 423 2853 μεταβάλλεσθαι
443 2767 502 2836 τόν
522 2765 626 2838 τόνον.
661 2763 766 2836 Ἤτοι
783 2759 850 2849 οἷον,
873 2769 974 2859 φησὶν
995 2764 1189 2856 ‹idida-poc,

77 2868 312 2954 προςενεκτέον
342 2869 491 2957 (προεν.)
523 2865 761 2957 Πελιαοφόνον
792 2862 957 2949 ὀξυτόνως
987 2863 1008 2958 ἠ’
1040 2873 1190 2958 παροξυ-

77 2966 184 3047 τόνως
204 2969 235 3055 ⁴)
273 2965 348 3058 ἥτις
384 2968 425 3059 ἢν
460 2974 519 3039 τοῦ
554 2967 684 3037 Πελίου
720 2965 833 3055 φόνος.
904 2969 1191 3051 Quemadmodum

77 3070 202 3156 Apollo
228 3068 447 3148 Τιτυοκτόνος
475 3070 592 3159 dicitur
617 3068 725 3156 Orph.
746 3069 792 3134 Η.
813 3069 985 3139 XXXIV.
1014 3083 1048 3137 et
1071 3073 1192 3139 Pollux

73 3164 308 3261 Ἀμυκοφόνος
337 3170 485 3259 Oppian.
516 3170 600 3257 Cyn.
624 3170 653 3235 Ι.
681 3169 755 3270 3152.
785 3169 833 3237 sic
861 3171 974 3238 Peliae
1003 3170 1191 3239 interfector

77 3273 188 3338 vocari
221 3283 349 3361 poterat
377 3269 590 3361 Πελιοφόνος
617 3271 669 3338 vel
698 3270 842 3341 omioro
873 3274 909 3340 in
938 3273 1036 3363 alpha
1066 3285 1189 3341 mutato

77 3373 313 3462 Πελιαφόνος·
339 3376 397 3442 sed
425 3374 586 3462 genitivus
617 3374 760 3440 aeolicus
788 3374 984 3463 doricusque
1012 3376 1126 3442 itidem
1154 3389 1191 3443 ut

77 3473 205 3541 ionicus
228 3477 475 3565 compositionis
497 3476 671 3564 impatiens
694 3474 840 3544 habetur.

148 3707 178 3776 t)
196 3702 276 3764 Haec
287 3715 360 3765 stare
374 3723 431 3765 non
444 3714 576 3782 possant3
595 3705 744 3782 syndetoo
758 3712 807 3765 aut
819 3714 1016 3782 paroxytonon
1029 3728 1090 3768 esse
1104 3709 1191 3769 debet

78 3801 109 3849 ut
121 3789 261 3866 adjectiva
276 3792 463 3871 ἀνδροφόνος,
476 3793 712 3868 προφηιοκτόνος,
729 3802 778 3851 aut
794 3805 1043 3870 properoxytonon
1057 3805 1191 3870 tauquam

77 3898 115 3936 ex
128 3879 239 3936 dnobus
255 3873 436 3937 substantivis
448 3880 632 3952 compositum
646 3887 677 3936 nt
689 3875 864 3954 ἱππόδρομος
874 3882 904 3937 id
916 3891 960 3938 est
977 3883 1188 3954 hippodromus.

76 3967 163 4039 Apud
183 3967 353 4039 Hesychium
372 3964 530 4042 Μύςφονον
549 3973 633 4038 παγίς
655 3975 704 4022 sut
723 3965 869 4040 μυςφόνον
892 3968 1070 4024 scribendum
1094 3975 1136 4022 est
1159 3976 1190 4022 ut

75 4053 228 4109 herbarum
250 4052 363 4111 uomina
383 4051 558 4128 epicoenon,
581 4049 730 4128 μυοφόνον
753 4061 782 4109 et
801 4050 970 4126 μυοετόνον,
995 4068 1068 4122 quae
1091 4060 1190 4116 natura

77 4148 143 4194 sunt
163 4149 265 4196 neutra
284 4138 500 4213 adjectivorum,
523 4146 572 4195 aut
587 4132 731 4214 μόςφονος
753 4135 843 4194 idest
862 4136 934 4211 μυὸς
951 4134 1039 4210 φόνος
1060 4145 1091 4192 ut
1109 4132 1188 4210 clyti-

76 4227 178 4298 λεθρος
200 4223 287 4281 herba
307 4243 380 4298 quae
402 4225 484 4281 etiem
505 4220 672 4300 αλγὸλεθρον
694 4222 796 4283 dicitur
820 4221 959 4296 adjectiva
983 4229 1012 4279 et
1031 4220 1189 4300 Κανθαροό-

76 4315 180 4389 λεθρον
197 4312 335 4370 Thraciae
352 4313 441 4370 loeus.

920 4394 985 4467 35*
