2736 4778
167 347 232 414 DE
254 342 473 414 SYNOOPE
495 341 642 409 UNIUS
664 338 885 408 vocffls.
911 339 951 407 C.
962 340 1023 410 IV.
1036 344 1062 427 ξ.
1072 342 1102 407 1.
1130 346 1205 420 295

89 552 210 596 nomen
238 550 384 617 genuum
405 527 476 591 sine
501 524 558 589 illa
579 523 787 610 expromitur.
828 522 980 588 Alterum
1000 535 1051 589 est
1070 526 1205 610 adjecti-

89 654 180 696 vumz
204 629 241 698 lx
261 632 322 695 τοῦ
344 623 452 704 πολύς
473 624 508 691 ἐν
527 627 680 711 σογκοπῇ
702 625 806 702 πλέος
825 622 881 689 καὶ
903 620 1053 701 πλεῖοςὸ
1075 623 1206 712 πλήρης

90 731 148 799 καὶ
170 728 209 796 τὸ
230 725 442 814 συγκριτικὸν
461 725 585 792 πλείων
604 724 683 790 ΕΜ.
706 722 785 801 675,
812 724 841 789 l.
871 725 964 816 cujus
993 746 1097 809 genus
1124 748 1205 790 neu-

91 840 177 896 trum
197 830 390 917 plerumque
410 826 555 892 vocalem
575 824 757 911 simplicem
774 823 888 907 habet,
919 846 1024 910 eaque
1046 826 1210 911 praevalet

94 931 129 996 in
146 928 385 1018 compositione
404 939 436 994 et
455 925 653 994 derivatione
669 927 883 1010 πλεονέκτης,
904 923 1089 1007 πλεονάζω,
1105 928 1209 993 πλεο·

95 1029 190 1109 νάκις
215 1040 276 1096 etc.
319 1029 447 1096 Nomen
473 1024 630 1110 στρατός,
659 1027 750 1111 qnod
776 1027 900 1093 aeolice
927 1025 1045 1091 dicitur
1071 1023 1211 1111 στράτος

95 1130 221 1195 Techn.
250 1129 323 1194 284.
351 1152 372 1193 a
402 1127 640 1215 significatione
668 1127 758 1193 verbi
783 1120 931 1215 στριῦσαι
958 1128 1004 1191 ita
1027 1127 1127 1212 longe
1150 1127 1209 1191 de-

92 1230 195 1295 flectit
221 1239 258 1294 nt
283 1229 479 1294 intermissio
511 1229 739 1315 productionis
766 1229 821 1293 vix
842 1229 1124 1295 animadvertatur.
1169 1228 1208 1296 Si

92 1330 187 1414 δρῦς,
211 1331 301 1415 qnod
321 1330 532 1395 macedonica
556 1331 674 1395 dicitur
695 1327 869 1417 δάρυλλος,
893 1327 1013 1416 sirloc
1035 1330 1207 1417 processit,

91 1430 161 1494 lieri
195 1453 263 1496 non
297 1431 406 1517 potuit
434 1431 514 1515 quin
541 1431 674 1517 ypsilon
699 1431 934 1517 produceretur
966 1441 1002 1495 ut
1029 1433 1063 1496 in
1092 1433 1209 1498 ceteris

91 1530 326 1617 monosyllabis
345 1522 400 1610 ὗς,
423 1537 488 1616 μῦς
509 1543 570 1597 etc.
613 1532 678 1597 His
701 1533 887 1618 praemissis
909 1543 1038 1599 transeo
1062 1533 1104 1597 ad
1127 1533 1209 1598 illud

92 1655 197 1718 genus
219 1655 385 1721 syncopae
406 1632 498 1718 quod
518 1655 585 1698 non
606 1633 640 1697 in
663 1634 797 1699 diversis
817 1633 963 1720 ejusdem
982 1633 1094 1721 stirpis
1109 1632 1220 1699 vocs·'

91 1732 178 1798 bulis
200 1734 341 1799 cernitur
364 1735 424 1799 sed
447 1734 482 1798 in
502 1734 629 1801 iisdem.
668 1731 874 1824 Ἡρωδιανὸς
902 1733 989 1821 λέγει
1015 1734 1049 1801 ἐν
1080 1740 1122 1824 τῇ
1147 1760 1209 1802 κα-

92 1837 217 1924 roissy
240 1831 293 1901 ὅτι
320 1832 359 1902 τὸ
386 1836 486 1918 κνάζα
512 1835 571 1902 ἐπὶ
600 1840 660 1903 τοῦ
689 1839 793 1925 φυτοῦ
821 1835 906 1904 κατὰ
929 1833 1098 1923 σογκοπήν
1120 1836 1211 1903 ἐστιν

94 1929 165 2000 ἀντὶ
197 1934 315 2016 silvola
342 1936 431 2002 Gud.
453 1937 531 2014 330,
558 1936 610 2002 59.
639 1938 728 2002 unde
754 1947 845 2024 patet
871 1938 962 2001 illum
990 1937 1209 2021 cunilaginem

94 2056 115 2099 a
133 2036 253 2121 planta,
276 2059 360 2121 quac
384 2035 484 2101 hodie
505 2037 539 2100 in
562 2037 704 2102 Graecia
724 2036 923 2124 ψυλλίστρα,
945 2059 965 2098 a
986 2036 1097 2100 Plinio
1119 2037 1210 2121 psyl-

93 2136 161 2202 lion
182 2149 334 2216 vocatur‚
358 2160 427 2203 non
445 2137 608 2201 diversam
631 2148 780 2223 putasse3
802 2137 858 2200 alii
880 2136 922 2199 ad
943 2133 1047 2218 κνύζιο
1068 2137 1212 2202 relemnt

95 2239 136 2304 cl.
167 2240 286 2305 Parall.
317 2239 436 2323 406.²)
491 2238 656 2302 Helxinen
687 2236 822 2302 herbam
855 2259 939 2322 quae
966 2260 986 2302 a
1009 2239 1210 2305 Dioscorida

95 2338 280 2422 κλιβάδιον,
304 2339 346 2404 ab
364 2340 535 2426 Appulcjo
555 2339 691 2424 clybatis
712 2351 855 2419 vocatur,
877 2340 1043 2406 Nicander
1063 2365 1130 2406 non
1154 2366 1209 2407 so-

94 2440 161 2504 lum
191 2439 345 2525 κλάβατιν
377 2442 437 2506 sed
469 2442 567 2506 etiam
598 2439 839 2525 κολλοβάτειαν
872 2443 939 2506 sive
970 2439 1211 2525 κουλοβάτειαν

93 2551 205 2618 vocat3
239 2543 297 2607 sed
331 2543 424 2629 origo
455 2542 605 2608 vocabuli
634 2544 748 2629 ignota
778 2553 836 2607 cst.
886 2543 1015 2608 Eodem
1037 2542 1111 2606 loco
1136 2553 1211 2606 sunt

57 2704 63 2712 .
95 2642 246 2730 propria3
277 2641 438 2730 Τάρταρος
468 2668 562 2710 mons
592 2645 687 2730 Epiri
717 2654 852 2709 vocatur
880 2655 913 2708 et
938 2642 1091 2730 Τμάρος,
1121 2644 1212 2709 unde
1254 2635 1257 2643 ¹

95 2744 289 2828 adjectivum
312 2744 464 2831 Τμάριος
480 2745 605 2813 Callim.
628 2747 657 2810 Τ
654 2749 776 2812 marius
793 2744 966 2812 Claudian.
989 2745 1088 2832 alpha
1109 2745 1209 2822 brevi,

95 2846 155 2910 sed
183 2844 344 2932 producto
373 2845 549 2932 Τομαριάς
576 2847 683 2932 Orph.
704 2850 787 2933 Arg.
810 2847 883 2911 269.
907 2859 940 2912 et
960 2848 995 2911 in
1019 2847 1087 2913 Od.
1110 2848 1208 2913 XVI.

93 2946 168 3011 403.
188 2968 249 3031 pro
262 2943 301 3032 ἢν
316 2943 378 3028 μέν
397 2941 426 3008 κ’
449 2941 611 3032 αἰνήσωσι
627 2948 713 3023 Διὸς
730 2942 891 3030 μεγάλοιο
910 2946 1071 3030 θέμιστες
1089 2947 1210 3013 Strabo

94 3047 173 3112 Vll.
198 3045 270 3111 328.
292 3056 399 3110 narrat
421 3044 561 3111 Criticos
581 3047 756 3129 quosdam,
786 3047 841 3129 qui
867 3045 1028 3128 θέμιστες
1050 3069 1110 3131 pro
1134 3070 1210 3111 ora-

96 3146 178 3212 culis
205 3146 270 3211 dici
295 3157 468 3233 negarent,
497 3170 558 3233 pro
584 3145 648 3210 hoc
670 3146 841 3232 scripsisse
864 3150 1037 3228 Τομοῦραι
1063 3148 1115 3210 vel
1144 3153 1209 3212 Το·

94 3252 216 3331 μοῦροι
237 3244 504 3336 ἐπιτετμημένος
525 3238 597 3315 οἷον
621 3244 916 3332 Τομαροφάλακες.
944 3245 1077 3312 Insulae
1090 3269 1211 3312 nomen

98 3348 328 3430 Φολέγανδρος
351 3348 440 3434 apud
459 3347 557 3413 Phot.
577 3359 610 3413 et
627 3349 709 3414 Hes.
744 3349 955 3435 Φλὲγανδρος
978 3348 1129 3413 scribitur
1150 3349 1210 3413 scd

96 3458 247 3532 corrupte
284 3456 321 3510 ut
358 3448 523 3535 plerisque
561 3451 697 3516 videtur.
761 3449 866 3515 Ferae
904 3449 1053 3534 Libycae
1089 3474 1211 3517 nomon

94 3548 255 3611 rectiusne
279 3545 459 3633 κροκόττας
483 3572 524 3614 an
544 3549 737 3634 κοροκάττις
752 3551 804 3615 vel
819 3546 1022 3637 κροκούττας
1040 3552 1209 3633 scribatur,

94 3669 191 3712 nemo
228 3669 384 3731 quaerere
415 3651 512 3717 volet.
566 3654 684 3737 Itaque
718 3674 884 3738 syncopae
918 3654 1119 3742 exemplum,
1155 3657 1209 3722 cui

95 3749 184 3813 credi
211 3750 332 3835 possit,
362 3749 397 3814 in
422 3752 623 3840 simplicibus
643 3754 775 3820 nullum.
819 3755 888 3822 Sed
910 3756 1105 3823 advocemus
1130 3780 1208 3842 syn-

95 3850 195 3916 theta.
243 3851 389 3918 Verbum
419 3854 562 3940 priscum
591 3855 782 3938 δνοοαλίζω
811 3855 920 3924 Schol.
945 3861 988 3924 A.
1017 3860 1059 3923 cd
1084 3857 1208 3926 11.1v.

93 3953 168 4017 472.
189 3976 250 4040 pro
272 3954 410 4040 simplici
432 3954 530 4021 habet
550 3958 634 4023 δοιῶ
657 3955 824 4040 ὁονοπίζω
841 3961 1041 4047 πλεονασμῷ
1060 3961 1210 4025 corono-

165 4123 194 4188 2)
210 4121 339 4176 Dioscor.
353 4124 422 4177 Mat.
436 4122 487 4175 IV.
502 4125 542 4176 70.
558 4121 586 4177 τὸ
601 4121 718 4192 ψάλλων
732 4125 759 4178 ol
771 4128 881 4179 Σικελοὶ
896 4124 1009 4186 κονιτλιλς
1023 4143 1074 4180 scr.
1086 4126 1209 4196 κονιιληίς

97 4223 114 4259 a
133 4209 255 4275 κονιιλες,
279 4210 421 4277 quomodo
443 4216 579 4262 vocantur
600 4209 723 4280 pulicum
746 4217 774 4264 ct
794 4209 988 4280 pediculorum
1010 4229 1070 4268 ova.
1106 4209 1209 4278 Κὸνιζα

96 4291 230 4364 scriptum
248 4301 290 4347 cst
308 4293 336 4347 in
352 4294 437 4347 Drac.
456 4311 484 4364 p.
501 4295 542 4358 71,
558 4295 581 4347 1.
