2736 4778
129 322 204 395 295
421 312 740 381 DISSERTATIO
768 313 814 379 Π.
858 313 899 379 Ρ.
922 312 952 379 I.

126 500 208 581 λίζιο
232 497 289 566 καί
316 503 468 585 συγκοπῇ
492 495 698 579 avonemo,
731 499 791 565 sed
816 498 900 564 alius
928 498 964 564 in
985 498 1066 565 ΕΜ.
1087 497 1172 577 281,
1194 499 1248 568 25.

128 596 340 680 δνοπαλίξειν
368 593 438 666 ἀπὸ
465 596 524 665 δίο
556 595 773 686 όμοιοσήμιον
799 604 858 667 τοῦ
885 601 993 669 δονεῖν
1020 599 1079 669 καί
1103 596 1250 669 πάλλειν

128 699 186 766 καὶ
209 697 244 766 ἓν
260 702 423 788 συγκοπῇ.
466 699 632 784 Equidem
654 720 722 765 non
742 701 928 786 negaverim
945 723 987 767 ex
1005 701 1161 767 inusitato
1187 699 1247 769 δό-

126 824 182 878 νος
210 793 230 888 ἡ
258 796 386 885 ταραχή
414 799 532 865 Zonar.
561 799 634 864 559.
665 801 752 866 unde
782 797 883 881 δόναξ
913 812 946 866 et
973 803 1081 869 δονεῖν
1101 800 1249 867 derivata

126 901 292 978 videntur,
328 908 362 963 et
387 899 487 965 verbo
515 898 657 966 πάλλειν
687 901 841 988 componi
871 901 1020 988 potuisse
1048 900 1249 986 adjectivum

126 995 316 1086 δονοπαλής
341 1010 377 1063 ut
403 997 617 1088 κληροπολής
637 1024 667 1066 v.
688 1001 780 1066 Diss.
802 1003 830 1068 Ι.
856 1005 884 1067 οξ
910 1001 1008 1068 VIII.
1030 1005 1055 1086 §.
1080 1001 1131 1067 10.
1177 1000 1248 1070 Sed

127 1102 267 1168 omissae
289 1100 323 1163 in
343 1099 452 1186 priore
476 1099 617 1184 syntheti
639 1113 732 1187 parte
752 1103 874 1168 vocalis
892 1090 1115 1190 oexemplum
1130 1124 1249 1169 vereor

127 1212 163 1266 ut
189 1200 361 1266 monstrari
393 1201 508 1287 possit.
559 1202 593 1266 N
595 1224 646 1265 am
676 1204 766 1287 quod
794 1203 905 1271 Schol.
932 1203 1034 1269 Arist.
1060 1205 1149 1288 Εοο.
1170 1202 1247 1269 536.

128 1301 231 1386 (539.)
262 1301 374 1366 etalii
400 1302 543 1368 referunt
571 1303 722 1368 cramben
753 1303 794 1368 ab
822 1303 943 1368 Atticis
965 1302 1157 1391 κορόμβλην
1180 1303 1248 1369 (1ίοὶ

126 1399 180 1470 ὅτι
208 1401 271 1479 τοὶς
300 1399 403 1490 κόρας
434 1396 609 1484 ιῖμβλόνει,
641 1404 704 1470 hoc
735 1427 856 1470 nomen
886 1427 954 1470 non
983 1403 1145 1490 reperitur
1170 1415 1249 1472 ante

127 1503 342 1570 Columellam
368 1501 454 1568 Cult.
477 1503 574 1567 Hort.
599 1505 670 1569 178.
694 1508 792 1572 oraclis
814 1509 946 1572 inimica
967 1507 1122 1572 corumbls
1143 1515 1177 1570 et
1192 1504 1248 1572 hio

126 1606 160 1669 in
185 1605 282 1671 codd.
311 1625 455 1671 coramve
482 1614 517 1668 et
542 1607 685 1671 corambe
711 1607 867 1692 scriptum
895 1618 946 1672 est
967 1617 1010 1683 ,ut
1036 1600 1190 1692 κοράμβη
1212 1606 1248 1672 in

126 1705 277 1770 omnibus
300 1704 453 1789 Gregorii
476 1701 553 1769 Cor.
583 1705 673 1770 libris
706 1730 739 1792 p.
771 1709 842 1772 137.
873 1707 921 1772 sio
942 1719 979 1771 ut
1000 1706 1063 1772 hoc
1086 1706 1249 1773 duntaxat

125 1805 277 1870 affirmari
298 1805 405 1891 possit
425 1804 598 1870 nonnullos
616 1829 735 1873 nomen
751 1807 863 1885 hocce,
888 1809 956 1873 sive
978 1807 1158 1873 brassicam
1176 1808 1247 1874 sive

126 1906 270 1993 speciem
292 1907 362 1990 ejus
384 1905 583 1992 significans,
610 1908 653 1971 ad
674 1904 757 1996 κόρη
780 1909 929 1975 retulisse
936 1934 945 1985 ;
968 1931 1008 1974 ea
1028 1931 1104 1975 vero
1127 1910 1245 1976 admo·

127 2009 204 2073 dum
226 2030 348 2094 anceps
374 2020 424 2072 est
446 2009 657 2094 conjectatio,
680 2031 742 2075 nec
764 2011 908 2076 firmatur
930 2011 971 2076 ab
993 2010 1164 2096 Hesychia
1186 2010 1247 2097 qui

124 2133 244 2175 nomen
271 2110 353 2175 illud
380 2110 423 2174 ad
447 2110 545 2196 longe
572 2111 669 2176 aliam
699 2111 844 2197 plantam
869 2112 1021 2177 transfert
1051 2109 1177 2200 Κόριον
1206 2110 1245 2179 σδ

125 2208 325 2294 νορίανδρον
347 2205 367 2296 ἢ
389 2211 516 2290 μᾶλλον
546 2211 763 2296 κορίαμβλον,
793 2211 940 2278 brassica
967 2223 1090 2290 autem,
1119 2234 1204 2296 quae
1226 2235 1274 2295 a⁸

126 2309 254 2375 Catone
276 2313 383 2391 erispa
404 2320 552 2386 vocatur,
576 2307 707 2396 κράμβη
731 2313 818 2378 dicta
840 2325 890 2378 est
911 2312 1008 2399 παρὰ
1032 2313 1070 2380 τό
1092 2310 1248 2399 spatarios

126 2412 190 2477 hoc
213 2421 263 2476 est
283 2434 304 2475 a
326 2409 412 2476 loliis
435 2410 561 2496 crispis.
607 2411 841 2498 Theognostus
862 2413 945 2481 Can.
970 2415 1049 2491 132,
1071 2413 1124 2478 20.
1143 2435 1246 2497 quum

125 2536 245 2580 nomen
268 2511 371 2596 προίξ
392 2533 411 2575 e
434 2511 539 2597 προίξ
557 2522 669 2576 natum
695 2514 774 2578 dicit
794 2517 880 2581 κατὰ
902 2512 1083 2601 σογκονσὴν,
1105 2515 1246 2581 fortasse

125 2610 330 2700 σιτνσλοιφήν
356 2612 531 2696 significat,
556 2612 608 2677 cui
627 2613 787 2703 φροίμιον
808 2616 994 2700 assignatur
1013 2615 1093 2680 ΕΜ.
1116 2615 1190 2693 801,
1212 2617 1244 2680 3.
1278 2684 1281 2692 ,

125 2737 187 2781 nec
210 2712 308 2777 dubie
330 2708 525 2799 πρηγορειόν
544 2735 561 2776 c
583 2711 800 2802 προηγορειόν
821 2723 857 2779 ut
879 2715 998 2782 Suidss
1021 2715 1142 2792 scribit,
1164 2737 1244 2780 con·

126 2827 264 2882 tractum
292 2825 342 2878 cst
368 2813 481 2897 utique
508 2814 698 2881 insolentius
705 2839 714 2892 3
749 2838 824 2879 nam
856 2805 907 2901 or]
932 2817 966 2881 in
994 2805 1246 2883 &contrahitur

125 2922 235 3001 νιδμοι,
264 2919 386 3001 βῶσαι,
413 2938 480 2981 non
512 2916 545 2981 in
568 2902 592 3006 ἦ
618 2928 748 3005 praeter
775 2917 934 2982 aeolicum
964 2911 1151 3003 όγνὴκαμες
1183 2938 1244 3003 pro

125 3016 331 3109 ἠγνοόκιιμεν
345 3019 427 3084 Hes.
448 3029 480 3084 et
496 3020 656 3106 adjectiva
675 3043 760 3106 quae
778 3029 936 3084 vocantur
955 3010 1126 3103 όλονσαδῆ,
1150 3016 1245 3082 valde

126 3145 203 3188 vero
224 3131 413 3207 suspectum
436 3118 618 3207 Πρηρόσια
641 3120 748 3189 θυσία
764 3122 846 3186 Hes.
867 3120 1046 3205 Syncopen
1069 3117 1246 3182 excludunt

126 3222 326 3309 Apollonius
351 3231 383 3286 et
405 3221 460 3285 alii
483 3222 761 3309 praepositionem
783 3218 852 3310 πρό
875 3220 994 3286 curtari
1015 3229 1186 3304 negantes.
1201 3255 1245 3266 —

126 3324 323 3398 Nominum,
347 3343 432 3406 quae
454 3321 489 3384 in
509 3332 675 3407 postrema
696 3322 839 3406 syntheti
864 3333 956 3407 parte
978 3320 1139 3385 collocata
1160 3327 1244 3396 sunt,

126 3424 226 3490 modo
250 3423 353 3510 prima
373 3421 498 3509 syllaba
517 3423 662 3488 vocalem
684 3422 814 3500 amittit,
844 3422 943 3487 modo
973 3443 1058 3506 quae
1088 3420 1245 3505 sequitur.

127 3524 221 3588 Illius
243 3524 372 3609 generis
396 3524 546 3611 exempla
567 3522 748 3609 compluria
768 3533 846 3587 sunt
866 3523 1012 3589 sednon
1028 3519 1245 3586 uniusmodi.

128 3623 216 3690 Nam
238 3635 296 3687 aut
313 3625 483 3691 merismus
504 3635 645 3690 mutatur
666 3635 704 3690 ut
723 3622 844 3712 δίφρος
870 3621 965 3708 παρὰ
985 3622 1021 3689 τό
1049 3619 1109 3690 δόο
1132 3620 1248 3711 φέρειν

127 3721 243 3796 Schol.
276 3725 344 3790 Od.
371 3725 436 3790 111.
457 3727 538 3792 324.
570 3728 660 3813 quod
689 3725 829 3812 amplius
857 3724 1038 3790 declaratur
1063 3723 1248 3808 adjectione

130 3825 269 3914 epitheti
291 3827 463 3912 synonymi
487 3824 604 3914 δίφροι
629 3830 761 3909 διωχεῖς
781 3825 867 3891 Poll.
889 3826 937 3892 X.
953 3827 1007 3891 47.
1031 3836 1088 3891 aut
1109 3847 1175 3890 vox
1195 3825 1247 3889 in·

128 3929 253 4016 tegrior
273 3929 307 3993 in
330 3936 543 4015 conspectum
564 3950 632 3993 non
653 3928 758 3993 venit:
787 3924 959 4016 μεσοδόμη
986 3923 1140 4013 μεσόδμῃ
1168 3947 1248 4012 συγ·

131 4035 223 4118 κοπῇ
235 4032 266 4116 ³)
289 4030 369 4099 ΕΜ.
386 4029 460 4109 581,
476 4029 507 4095 5.
531 4028 663 4116 quicum
682 4028 882 4114 Apollonius
904 4028 939 4094 in
958 4028 1044 4095 Lex.
1067 4022 1248 4112 οίσιοδόνη

200 4247 230 4318 3)
248 4249 348 4306 Galen.
367 4253 461 4309 Gloss.
480 4246 608 4323 μεσόδμῃ
627 4247 644 4320 ἡ
663 4247 729 4304 καθ’
750 4249 800 4306 ἕνα
817 4242 895 4307 οἷκον
915 4252 955 4311 εἰς
972 4244 1022 4304 δίο
1039 4246 1249 4322 μεμερισμένον
