2736 4778
344 333 411 401 nn
437 332 727 403 umrlrnnsr.
765 300 810 402 c.
831 333 860 401 1.
893 337 918 421 r.
940 334 971 400 ο.
1142 339 1216 414 tec

108 542 207 585 unum
237 517 434 606 principium
462 513 550 604 κάρα
580 528 613 584 et
640 523 746 607 κρᾶτα
775 543 805 585 v.
825 517 950 584 Techn.
974 518 1045 584 128.
1071 520 1218 604 sequitur

109 616 203 706 hujus
232 619 469 685 inconstantiae
502 640 632 684 causam
665 641 684 684 a
718 631 833 685 natura
874 619 1046 706 proficisci.
1098 623 1218 690 Allstis

108 721 289 808 Gregorius
312 744 345 807 p.
366 721 441 785 434.
463 720 555 785 addit
573 718 848 809 successtiones
866 721 1047 805 iterumque
1062 721 1096 785 in
1107 722 1217 791 Schol.

107 824 269 907 Hermog.
295 844 329 908 p.
360 821 453 887 1138.
482 819 522 885 T.
553 821 631 889 VII.
655 820 765 887 Rhett.
796 823 854 889 Gr.
884 818 1100 907 παραφθορά
1131 820 1220 891 ἐστιν

109 923 167 991 ἐὰν
186 921 245 1010 τὴν
262 920 391 1008 τάφρον
412 915 541 1007 τράφον
562 917 675 1010 εἴπῃς,
701 923 791 1007 quod
801 924 952 989 Koenius
963 924 1037 989 338.
1055 945 1096 987 ex
1113 923 1220 992 Tabb.

108 1022 254 1099 Heracl„
275 1022 333 1088 Du
355 1020 500 1108 (langius
523 1043 564 1086 ex
584 1023 768 1089 Herodicni
790 1024 933 1111 Epimm.
955 1024 1007 1110 (p.
1021 1023 1108 1107 125.)
1132 1025 1220 1090 aliis·

112 1146 176 1208 que
198 1123 287 1188 idem
307 1122 420 1188 aetatis
442 1121 652 1209 scriptoribus
682 1125 805 1209 profert
834 1136 865 1190 et
892 1123 1039 1190 nonnulli
1061 1123 1158 1189 etiam
1179 1124 1220 1191 ab

111 1223 280 1309 Hesychio
313 1223 468 1310 scriptum
503 1235 619 1310 putant
656 1222 793 1313 Τράφος
824 1223 955 1314 τάφρος
988 1246 1048 1312 pro
1083 1221 1222 1315 Τράφσς

110 1325 234 1410 τάφος,
263 1324 323 1390 sed
351 1348 391 1390 ex
419 1325 491 1390 aliis
513 1324 633 1411 glossis
659 1331 815 1414 Ταρφῆες
833 1323 1031 1410 κτεριῖοταί,
1059 1321 1220 1413 Ταρφήια

111 1422 251 1510 ἐντάφια
267 1425 377 1512 colligi
394 1436 504 1513 potest
519 1449 579 1514 pro
597 1425 775 1490 masculino
791 1422 900 1512 τάφος
913 1425 1088 1492 nonnullos
1099 1425 1222 1492 dixisse

109 1522 239 1613 τάρφος
261 1537 294 1592 et
313 1523 441 1613 τράφος
462 1538 500 1591 ut
518 1522 661 1611 στράχος
687 1550 746 1614 pro
769 1524 899 1608 στάχυς,
941 1524 1020 1589 Alia
1041 1525 1223 1592 accumulat

110 1625 221 1692 Schol.
239 1629 284 1694 A.
307 1627 351 1692 ad
372 1627 412 1692 Il.
429 1627 569 1693 XXIII.
593 1627 664 1693 169.
685 1625 705 1716 ἡ
728 1629 830 1714 διπλῆ
853 1623 940 1710 πρὸς
960 1623 1019 1714 τὴν
1039 1626 1224 1705 μετάθεσιν

110 1723 162 1791 ὅτι
191 1726 299 1812 δρατά
327 1721 421 1794 εἶπεν
453 1722 528 1794 ἀντὶ
558 1732 617 1796 τοῦ
646 1727 768 1814 δαρτά,
806 1750 904 1813 quam
929 1725 1039 1794 Schol.
1066 1727 1106 1792 B.
1138 1727 1224 1793 anti-

111 1827 269 1914 strophen
296 1829 457 1906 nominat,
488 1828 601 1895 tertius
632 1829 749 1914 aliquis
777 1829 870 1893 addit
890 1827 1148 1913 Aristophanem
1176 1829 1225 1894 sic

113 1928 234 1994 dixisse
259 1930 417 2011 δέδραται
443 1930 478 1995 in
499 1929 579 1994 Pac.
603 1928 695 1994 1039.
719 1929 778 1994 sed
800 1928 863 1994 hoc
888 1938 938 1993 est
959 1950 978 1992 a
998 1926 1097 1994 verbo
1121 1925 1223 2013 δράιο,

111 2051 178 2094 non
201 2041 238 2094 ut
264 2029 299 2094 in
324 2028 436 2096 Schol.
468 2029 585 2094 dicitur
615 2024 688 2096 άντὶ
715 2033 778 2094 τοῦ
803 2030 982 2112 δέδαρταιῖ
1005 2028 1063 2095 καὶ
1074 2026 1225 2115 Ὅμηρος

113 2129 220 2216 δρατὰ
243 2127 394 2214 σώματα.
438 2131 515 2196 Hoc
537 2129 684 2194 nonnulli
704 2129 796 2193 aliter
817 2128 1016 2214 scripserunt
1041 2126 1096 2193 διὰ
1125 2133 1186 2193 τοῦ
1199 2113 1226 2196 ἶ

112 2225 214 2315 δρετά
236 2226 305 2294 dud
328 2235 389 2295 τοῦ
411 2231 520 2317 δέρειν
541 2232 596 2314 (ut
617 2227 752 2318 φερτός)
773 2229 833 2294 sed
850 2229 1014 2314 vulgatam
1034 2228 1225 2316 scripturam

113 2329 259 2414 sequitur
286 2330 366 2395 EM.
395 2331 475 2409 287,
505 2332 555 2397 10.
583 2332 701 2397 Zonar.
727 2332 801 2396 572.
828 2324 874 2407 ιδς
901 2329 1035 2415 φθείριο
1057 2329 1224 2418 φθαρτδς,

113 2426 198 2496 οὕτω
232 2428 332 2514 δείριο
366 2427 473 2515 δαρτά
504 2431 560 2499 καὶ
591 2425 675 2498 καθ’
708 2426 892 2516 δσέροεσιν
919 2426 1024 2515 δρατά
1055 2425 1101 2506 ὠς
1125 2424 1224 2518 ὀφιό-

113 2554 265 2614 σνταρτον
290 2524 538 2616 ὀφιόστιρατον,
569 2555 636 2617 quo
661 2531 793 2597 nomine
813 2531 951 2596 fortasse
973 2539 1143 2615 poetarum
1165 2530 1225 2597 ali·

113 2630 187 2715 quis
220 2630 397 2718 appellavit
430 2632 520 2699 illud.
539 2635 629 2719 quod
660 2656 680 2698 a
707 2632 850 2719 Tragico
882 2631 1000 2697 dicitur
1027 2630 1065 2699 τδ
1094 2632 1226 2719 γηγενὲς

113 2725 218 2815 ὄρεος
239 2735 342 2817 δέρος
364 2733 483 2799 Bacch.
508 2734 601 2800 1025.
624 2734 686 2800 hoc
709 2745 759 2800 est
780 2732 961 2801 Cadmeum
984 2732 1037 2798 vel
1064 2734 1225 2820 serpentis

113 2830 263 2898 Colchici
284 2845 476 2912 sementem,
499 2836 603 2919 θέρος
623 2827 740 2903 οὔλοον
757 2828 887 2919 άνδριῦν
898 2836 1057 2922 γηγενέων
1066 2835 1225 2921 Apollou.

112 2933 175 3001 IV.
199 2931 292 2999 1034.
320 2934 523 3001 Perdubium
547 2947 597 3001 est
618 2935 709 3020 quod
728 2933 769 3000 ab
790 2936 870 3001 ΕΜ.
894 2936 972 3010 148,
995 2933 1048 3000 36.
1070 2936 1224 3003 traditur:

14 3034 24 3049 ¹
113 3031 258 3121 άρττίδες
287 3035 329 3104 τὰ
361 3031 564 3122 ὑποδήματα
595 3039 690 3121 παρὰ
721 3031 992 3119 Καλλιμάχῳ-
1024 3037 1126 3118 θῆκε
1157 3035 1227 3104 σὺν

114 3130 357 3219 άρπίδεσσι,
380 3132 474 3218 παρὰ
496 3133 534 3199 τδ
556 3131 674 3223 ράνττιο
696 3131 838 3221 tantors
858 3133 915 3199 καὶ
936 3131 1021 3198 κατὰ
1042 3131 1227 3215 μετάδοσιν

114 3229 257 3318 άρττίδες
278 3229 324 3311 ὡς
344 3236 439 3318 ῥῆνες
460 3224 565 3318 άρνες.
610 3235 695 3299 Nam
719 3233 800 3298 illud
822 3229 965 3320 ῥαπίδις
986 3233 1053 3299 sive
1074 3232 1225 3322 ῥαφίδες,

114 3335 205 3419 quod
241 3333 430 3418 Hesychius
468 3356 601 3420 quoque
637 3334 839 3424 ὑποδήματα
877 3333 1122 3421 interpretatur,
1159 3335 1227 3401 lota

114 3436 212 3501 breve
235 3434 358 3501 habere
380 3446 510 3520 oportet
531 3448 568 3500 ut
588 3435 765 3524 σκαφίδες,
792 3431 974 3518 άρσίδισσι
990 3433 1226 3519 veroinCalli·

114 3537 221 3603 machi
246 3560 342 3603 versu
374 3557 471 3621 quem
500 3559 540 3602 ex
568 3534 694 3601 Hecale
724 3548 864 3600 sumtum
893 3558 965 3601 esse
997 3538 1147 3603 convenit
1175 3541 1225 3625 (v.

114 3637 219 3704 Naek.
241 3639 327 3704 Hec.
348 3661 381 3724 p.
401 3637 466 3720 70.)
490 3637 590 3703 habet
610 3637 762 3722 longum,
784 3658 892 3721 neque
916 3637 980 3704 dici
1000 3639 1077 3705 licet
1096 3641 1226 3727 poetice

115 3741 312 3828 productum
334 3760 406 3803 esse
427 3749 464 3803 ut
484 3739 651 3818 μαινῖδες,
673 3741 829 3824 χειρῖδες,
857 3761 931 3805 nam
953 3740 1017 3809 hoc
1037 3744 1227 3810 conceditur

115 3841 214 3907 modo
232 3838 419 3928 paronymis
436 3839 663 3925 quaelongam
674 3837 795 3905 habent
810 3844 1107 3929 antepenultimum,
1128 3843 1227 3931 alpha

115 3954 224 4007 autem
247 3952 321 4006 ante
345 3926 397 4025 ᾗ
417 3953 565 4029 correpte
590 3940 655 4008 dici
676 3955 788 4007 auctor
810 3954 860 4009 est
870 3944 1006 4032 Trypho
1026 3946 1060 4010 in
1072 3945 1151 4009 EM.
1162 3945 1184 4009 l.
1196 3966 1225 4010 c.

116 4065 217 4129 quare
251 4041 428 4108 videndum
459 4066 501 4108 ne
531 4038 635 4127 ἆρπίς
663 4041 705 4107 ab
737 4043 801 4109 alio
833 4044 965 4110 ductum
994 4045 1035 4108 sit
1063 4043 1225 4131 principio

115 4141 205 4231 δι’ριο,
231 4144 317 4209 unde
340 4144 404 4207 alis
426 4144 716 4210 calceamentorum
736 4143 894 4210 vocabula
916 4140 1040 4233 ἀρβύλη
1063 4154 1095 4209 et
1123 4139 1226 4233 ἀρτά-

116 4271 189 4338 ριον
216 4268 246 4310 v.
275 4243 377 4311 Proll.
408 4243 478 4309 124.
509 4256 541 4312 et
560 4245 693 4312 Amoris
715 4268 834 4311 nomen
858 4245 1017 4310 aeolicum
1044 4239 1166 4336 άρπος,
1197 4247 1226 4316 si
