2736 4778
109 354 174 420 DE
194 352 322 420 ALIIS
346 351 584 421 SYNCOPAE
605 353 881 444 GENERIBUS.
905 355 945 422 C.
956 355 1003 421 II.
1014 358 1040 440 ξ.
1053 355 1082 420 1.
1104 360 1180 433 389

66 536 184 616 ὁσάκις
206 550 240 603 et
260 534 403 621 τριάκις,
422 558 466 601 ne
477 536 615 603 dumam
625 538 824 624 syllabarum
838 540 1001 623 jacturam
1011 540 1179 606 admittere

66 651 211 728 cogatur.
255 637 328 704 Nos
350 637 442 704 hisee
463 638 644 705 rationibus
667 639 797 724 reJ'eotis
825 639 867 705 de
888 661 924 704 re
946 639 1020 725 ipsa
1041 661 1179 707 eonsen-

65 741 174 819 timus,
199 762 239 805 ao
262 761 331 805 non
352 738 459 804 solum
478 738 616 827 δίμηνος
636 750 670 806 et
695 739 856 828 τρίμηνος
878 762 997 805 nomen
1018 742 1181 809 cardinale

66 844 100 908 in
128 840 294 931 principio
324 839 445 907 habere
475 840 613 907 dicimus
640 841 699 907 sed
731 842 829 907 etiam
855 841 1027 920 ulteriora,
1063 841 1181 927 quibus

67 943 122 1008 iile
147 941 303 1008 adverbia
323 941 492 1028 praetexit.
534 942 641 1028 quue
664 943 805 1030 primum
827 943 971 1008 ostendit
986 941 1181 1028 significatio

71 1044 188 1109 horum
218 1043 385 1109 nominum
408 1043 496 1126 (num
517 1038 819 1130 πεντάμηκοςοτὶὸ
837 1042 937 1110 πέντε
954 1048 1063 1132 μῆνας
1080 1040 1181 1127 ἔχων)

70 1154 103 1210 et
124 1144 326 1211 consuetudo
345 1143 444 1209 letina
462 1166 503 1210 ex
524 1145 641 1210 eodem
662 1167 783 1231 genere
798 1145 1013 1211 numeralium
1023 1142 1183 1228 adjectiva

69 1266 270 1332 componens
296 1245 424 1330 graecis
453 1245 571 1311 similia
600 1249 848 1331 quinqueremis,
876 1247 1099 1329 nptansonn,
1128 1247 1181 1310 de-

68 1349 231 1430 emjufia,
261 1367 335 1411 eum
360 1346 518 1413 nonnulla
542 1347 643 1435 partis
665 1346 783 1435 prioris
804 1347 1027 1413 immutatione
1049 1347 1181 1429 quadri-

68 1452 175 1523 remis,
197 1451 363 1523 sensuris,
386 1451 592 1515 centimanus.
629 1447 762 1513 Deinde
784 1445 1006 1535 τετραβόιιος,
1029 1468 1095 1531 quo
1118 1467 1180 1532 po·

68 1548 221 1615 steriores
241 1558 385 1628 unmtur,
407 1560 441 1615 et
464 1544 694 1633 τετράκυκλος,
716 1570 783 1633 quo
794 1550 960 1613 Homerus
981 1546 1080 1633 alpha
1102 1568 1181 1633 pro·

69 1651 192 1716 ducens
202 1651 244 1733 ⁴),
266 1672 363 1716 nemo
378 1650 498 1716 dixerit
518 1648 612 1715 aliter
624 1649 765 1735 figurata
780 1671 853 1715 esse
871 1671 970 1733 quam
983 1646 1183 1713 homericum

66 1747 311 1839 ισσσαράβοιος
331 1751 395 1816 nisi
422 1752 513 1837 quod
540 1751 604 1817 illis
629 1751 695 1816 duo
722 1751 764 1816 ad
785 1773 944 1816 summam
971 1750 1090 1815 desunt
1115 1748 1181 1813 ele-

66 1863 176 1917 menta
197 1839 247 1919 r-or
265 1852 317 1917 vel
341 1875 443 1917 unum
472 1853 578 1919 solum
603 1840 640 1933 α’,
667 1852 695 1917 si
717 1852 870 1938 primitivi
899 1852 972 1918 loeo
1003 1849 1181 1939 praeponi·

67 1977 138 2018 mus
160 1951 286 2037 τέταρα
308 1954 437 2020 sublato
460 1954 688 2041 diplasiasmo,
712 1975 778 2037 quo
804 1964 914 2020 carent
933 1952 1102 2037 τέταρτος,
1126 1949 1182 2016 ιέ-

68 2078 181 2138 τορες,
214 2050 372 2141 πίσυρες,
405 2067 562 2139 quatuor,
595 2066 629 2120 et
662 2054 790 2119 dativus
819 2052 975 2140 τέτρασι,
1008 2051 1183 2138 ipsumque

68 2149 224 2235 τετράκις
245 2155 404 2221 suecessit
425 2177 486 2241 pro
507 2150 712 2242 τοτταράκις.
756 2154 873 2238 Itaque
901 2176 953 2218 res
984 2152 1049 2217 hue
1078 2152 1182 2217 dedu·

69 2255 154 2320 citur
174 2254 209 2318 in
231 2257 469 2344 compositione
490 2254 635 2341 τέτταρα
656 2255 691 2320 in
708 2243 816 2341 ’τέἶρῗα
836 2264 995 2320 mutatum
1022 2275 1095 2319 esse
1117 2276 1183 2338 quo

71 2355 207 2421 similius
227 2357 319 2423 fieret
340 2358 456 2423 esteris
480 2357 628 2441 ejusdem
649 2356 795 2443 generis,
821 2379 907 2442 quae
934 2366 1062 2444 praeter
1082 2378 1183 2420 unum

70 2457 179 2523 omnia
196 2480 216 2523 a
232 2458 395 2545 bisyllabo
412 2459 559 2525 oriuntur
575 2456 610 2523 in
621 2457 720 2544 alpha
732 2458 900 2523 desinente
918 2451 1184 2535 πενιά-ἓξά-

68 2552 406 2647 οἶκτοί-δεκάμηνος.
461 2561 502 2625 In
523 2560 661 2625 eandem
682 2559 876 2625 sententiam
899 2558 1045 2643 disputat
1066 2555 1183 2623 Gram-

68 2658 205 2724 matious
226 2659 262 2733 in
280 2661 360 2726 ΕΜ.
384 2660 463 2739 161,
491 2662 542 2727 17.
566 2660 676 2727 omnia
705 2658 893 2746 hujusmodi
918 2657 1070 2743 syntheta
1092 2659 1182 2746 prin·

69 2761 192 2848 oipium
221 2760 342 2829 habere
372 2784 392 2827 a
420 2761 653 2839 cardinalibus,
689 2761 790 2847 idque
821 2760 976 2848 eognoeoi
1009 2782 1050 2824 ex
1077 2760 1183 2826 atticis

69 2860 286 2946 πεντέμηνος,
309 2857 516 2951 ὀκτάμηκος,
545 2863 663 2949 quibus
684 2862 829 2928 nativum
851 2862 993 2927 colorem
1013 2862 1183 2942 mansisse,

69 2958 278 3051 πεντάμηνος
311 2973 420 3028 autem
452 2973 485 3028 et
508 2958 695 3051 ὄκτάμηνος
726 2961 893 3047 aooepisse
923 2961 1073 3026 alienum.
1128 2963 1184 3029 Sio

70 3083 217 3148 syncope
244 3063 387 3129 solvitur.
433 3064 502 3132 Sed
529 3063 614 3129 redit
643 3085 704 3148 per
730 3061 901 3149 posticum.
952 3061 1030 3125 Non
1059 3062 1100 3127 de
1129 3063 1185 3127 illa

69 3161 203 3247 loquor,
232 3186 330 3248 quam
358 3163 532 3230 somniavit
556 3162 667 3230 Sehol.
697 3162 796 3228 Pind.
822 3161 878 3228 01.
908 3163 949 3228 V.
973 3163 1045 3226 121.
1072 3158 1182 3230 ὅτιτὸ

69 3259 247 3351 τριήμερον
275 3263 335 3331 καὶ
366 3260 581 3351 πενθήμερον
611 3262 668 3329 καὶ
702 3259 913 3350 ἑπταήμορον
938 3256 998 3329 οὐκ
1026 3257 1094 3331 άπὸ
1123 3269 1184 3330 τοῦ

69 3363 147 3449 τρία
176 3367 233 3431 καὶ
260 3364 361 3433 πέντε
395 3364 455 3431 καὶ
480 3360 567 3431 ἑπτά
597 3362 687 3430 ἐστιν
718 3357 793 3431 ἀλλ’
823 3357 891 3432 ἀπὸ
916 3367 974 3431 τοῦ
1004 3363 1103 3449 τριάς
1127 3365 1186 3433 καὶ

71 3462 193 3543 πεντάς
214 3463 274 3531 καὶ
294 3461 399 3543 ἑπτάς
421 3466 522 3554 δῆλον
546 3457 615 3532 άπὸ
637 3469 697 3533 τοῦ
718 3463 942 3551 τετραημέρου
966 3462 1023 3529 καὶ
1045 3461 1184 3553 ἑξαημέ-

71 3590 131 3648 ρου
154 3565 212 3631 καὶ
236 3558 461 3652 ὀκταημέρου,
488 3560 545 3654 ἐφ’
577 3557 629 3644 οἷς
656 3560 675 3654 ἡ
703 3561 852 3651 συνθήκη
885 3562 923 3644 ἐξ
950 3558 1094 3654 ἀνάγκης
1113 3562 1182 3637 cinei

70 3667 130 3731 τοῦ
152 3659 271 3750 τετράς
297 3662 357 3730 καὶ
385 3661 465 3744 ἑξάς
496 3663 556 3731 καὶ
583 3660 685 3744 ὀκτάς
713 3661 891 3732 δείκνυται.
935 3665 1005 3733 Sed
1034 3667 1183 3736 adverbi-

142 3867 170 3931 4)
183 3864 238 3918 Pro
250 3865 305 3919 hoe
318 3861 694 3936 Ραιτοτίιτττεσσαράκυκλος
703 3865 881 3922 scribendum
889 3868 1007 3939 putavit,
1016 3871 1185 3940 quaesorma

72 3948 192 4003 neminie
206 3949 357 4004 numeralis
368 3959 433 4022 post
443 3951 598 4005 Homerum
610 3951 670 4006 sere
682 3951 816 4006 derelicta
828 3960 886 4022 est3
905 3950 1143 4023 τεσσαράντλευρος
1157 3963 1185 4008 et

73 4030 285 4108 τεσσαράγωνος
302 4035 414 4091 sidnxit
434 4035 555 4091 Tretzes
573 4036 667 4091 Posth.
687 4039 746 4091 est.
766 4025 872 4092 ee'toa.
910 4038 1037 4108 Simplex
1056 4056 1186 4109 rsonae«.

72 4116 162 4175 κόστου
173 4127 270 4175 notum
282 4129 326 4176 est
337 4121 448 4194 saepius
461 4129 625 4194 comptum
637 4139 698 4177 esse
712 4121 741 4177 in
760 4117 925 4195 τετρακόσιοι
939 4141 964 4177 v.
979 4122 1135 4178 Tzsohuok.
1148 4128 1184 4180 ad

74 4207 169 4260 strab.
182 4205 259 4261 VIII.
275 4208 332 4261 no.
370 4207 474 4263 Cornea
487 4210 525 4261 ad
537 4208 648 4263 Aelian.
665 4229 694 4280 p.
707 4210 766 4261 323.
786 4201 977 4276 Τετρώκοσιον
990 4209 1116 4265 doricum
1129 4231 1185 4268 non

73 4292 261 4361 praetermisit
272 4292 426 4347 Ahrensius
443 4312 472 4365 p.
485 4294 533 4348 281
548 4312 591 4365 sq.
