2736 4778
199 308 264 373 DE
273 308 542 377 PROSTHESI
551 310 614 374 ET
625 309 886 380 APHAERESI.
904 311 943 378 C.
955 312 1053 381 VIIL
1066 316 1092 399 ξ.
1103 313 1134 379 2.
1160 318 1233 390 157

120 487 264 577 niorto*
281 489 390 568 οὕτως
406 486 617 575 Ἡρωδιανὸς
638 488 673 554 ἐν
694 495 741 577 τῷ
763 491 841 576 περὶ
856 499 989 573 παθῶν,
1007 496 1099 581 quod
1115 496 1230 562 clarius

123 590 242 656 dicitur
263 589 305 654 ab
326 587 506 655 Eustathio
529 589 621 667 1275,
642 589 695 655 54.
736 589 775 656 ἐκ
802 594 861 656 τοῦ
888 590 977 678 oiim
1002 594 1089 660 maci
1117 591 1231 663 διαδι.

120 691 343 773 πλασιασμδν
365 685 503 773 πεφένω
523 687 687 755 καὶκατὰ
709 688 882 776 συμκσπὴν
904 687 1034 775 niorto.
1059 692 1128 758 Sed
1136 695 1232 777 hujus

122 789 308 877 praesentis
340 787 451 852 nullus
483 798 532 853 est
560 788 699 855 idoneus
735 799 851 854 auctor
881 811 911 853 v.
946 788 992 852 ad
1019 791 1141 855 Buttm.
1161 794 1233 858 273.

122 891 257 974 Μέμκω
281 889 309 954 si
332 897 467 975 propter
490 888 713 975 imperativum
734 886 857 972 μέμνεο
887 899 921 952 ot
942 888 1078 953 nomina
1097 887 1235 973 μίμνων,

126 988 387 1074 θρασυμέμκωκ,
411 984 621 1074 Ἀγαμέμνων
637 989 672 1054 in
695 1010 865 1054 numerum
892 989 1041 1074 recipere
1069 988 1118 1054 fas
1145 989 1237 1054 duai-

127 1110 204 1152 mus
224 1089 449 1171 (v.adButtm.
472 1112 498 1154 s.
525 1087 715 1176 Μιμιὴσκω
736 1089 1014 1173 etTeohn.127.)
1038 1101 1126 1154 certo
1148 1090 1237 1153 nulla

128 1200 299 1254 causaest
325 1211 381 1254 om·
406 1188 565 1275 syllabam
586 1191 698 1275 potius
725 1190 904 1276 praefixam
932 1212 1030 1274 quam
1057 1212 1237 1256 consonam

126 1289 217 1354 verbi
237 1290 419 1375 primariam
442 1290 489 1355 sic
510 1300 548 1355 ut
567 1290 603 1355 in
624 1289 710 1357 κέλω
733 1289 838 1356 κέκλω
869 1291 1042 1376 repetitam
1064 1313 1138 1357 esso
1165 1303 1231 1356 sta-

122 1399 261 1453 tuamus.
291 1387 446 1455 Ceterum
466 1390 501 1454 in
522 1390 588 1455 hoo
609 1411 729 1474 genere
751 1388 933 1468 verborum,
946 1413 1031 1475 quae
1052 1392 1181 1479 epsilon
1197 1394 1233 1458 in

121 1488 379 1574 reduplicationo
391 1489 523 1568 habent,
534 1513 636 1555 unum
646 1488 841 1572 δεδίσκσμαι
853 1489 1015 1557 interdum
1024 1492 1119 1557 metri
1136 1513 1234 1556 eausa

120 1591 192 1655 iota
209 1602 347 1675 augetur
368 1587 593 1674 δειδλσκομαι,
615 1591 709 1674 eujus
722 1589 920 1676 principium
933 1603 983 1657 est
1001 1591 1086 1658 δέκω
1106 1591 1235 1657 duobus

120 1688 230 1754 verbis
251 1688 401 1773 δείκνυμι
425 1700 458 1754 et
481 1688 621 1781 δέκομαι
644 1689 844 1774 subjeetum,
876 1713 1014 1775 quorum
1036 1693 1235 1758 consortium

122 1791 284 1856 declaravi
306 1789 433 1856 Techn.
443 1790 496 1855 64.
514 1826 556 1839 -
588 1790 700 1875 Major
720 1802 770 1856 est
791 1792 889 1877 copia
908 1794 1128 1879 praesentium
1150 1816 1233 1879 quoe

123 1913 184 1977 pro
207 1890 312 1976 epsilo
342 1890 411 1954 iota
431 1888 639 1955 substituunt.
682 1891 811 1956 Horum
836 1894 992 1979 pleraque
1019 1896 1232 1981 proficiscun-

122 2001 175 2055 tur
199 2012 219 2053 a
240 1989 410 2076 primitivis
432 2012 514 2076 pure
535 1990 729 2068 terminatis,
751 2014 837 2076 quae
858 2005 915 2056 aut
937 1994 1083 2057 funditus
1103 1993 1233 2057 interei-

122 2091 241 2157 derunt
268 2087 360 2175 δράω
388 2086 645 2174 ἀποδιδράσκω,
676 2087 747 2155 δάω
775 2089 940 2168 διδάσκω,
975 2092 1046 2157 ulo»
1072 2089 1235 2167 πισίσκω,

120 2188 209 2278 μνόω
237 2187 424 2276 γιγνώσκω,
455 2186 544 2276 κρόω
568 2188 754 2274 τιιριδσκω,
787 2200 819 2255 et
845 2212 865 2254 a
889 2190 1047 2257 similibus
1074 2189 1234 2275 πιμπλέω

121 2291 299 2376 πίμπλημι
320 2287 520 2374 πιμπλάκω,
549 2285 716 2374 πιμπράω
737 2288 929 2379 πίμπρημι,
956 2290 1079 2378 τίτραω
1100 2288 1233 2382 σι’τρρμι

121 2414 153 2456 v.
176 2390 219 2454 ad
239 2391 361 2456 Buom.
386 2413 421 2476 p.
447 2391 497 2454 12.
523 2397 556 2454 et
575 2388 650 2453 304.
680 2400 736 2453 aut
756 2402 843 2457 certe
873 2393 1076 2459 acommuni
1098 2415 1160 2456 usu
1181 2416 1232 2456 re-

122 2500 213 2556 moto
241 2500 278 2554 ut
303 2489 423 2576 βίβημι
449 2487 579 2574 βιβάζω
592 2490 644 2573 ¹⁰)
674 2488 834 2574 βιβάσθω
865 2492 1035 2577 βιβάσκω,
1059 2492 1233 2578 κικλήσκω,

122 2585 312 2677 μιμνήσκω,
349 2587 535 2674 λιλαίομαι.
588 2589 657 2657 Sed
688 2612 763 2675 pars
791 2592 888 2656 otiam
915 2591 956 2656 sb
989 2591 1118 2657 usitatis
1143 2589 1233 2675 χράω

122 2687 267 2775 κιχράω,
290 2686 358 2755 δέω
379 2688 482 2757 διδέω
504 2686 701 2777 δίδημιΗ),
722 2687 790 2757 δδω
813 2690 975 2771 διδύσκω,
1007 2690 1098 2759 κλάω
1119 2688 1234 2756 κικλά-

122 2811 204 2866 σκω,
225 2787 345 2873 quibus
367 2789 527 2855 secedunt
548 2790 614 2856 duo
636 2813 657 2854 a
677 2792 854 2878 paragogis
878 2792 977 2859 dueta
997 2789 1179 2878 πιπράσκω
1201 2804 1234 2855 et

122 2885 333 2974 sinociw¹²)‚·
352 2912 428 2954 nam
447 2887 540 2974 πέρω
559 2912 625 2955 non
649 2891 766 2957 dieitur
785 2893 846 2957 sed
867 2891 974 2978 πείρω
992 2893 1092 2976 idque
1106 2892 1233 2956 diverso

119 2989 308 3067 intellectu,
333 3011 396 3055 neo
415 3011 493 3055 vero
521 2989 625 3074 κδρω,
655 2992 746 3076 quod
779 2992 878 3074 etymi
904 2992 978 3054 looo
1007 2991 1176 3073 subjicitur
1202 2992 1236 3053 in

121 3089 235 3176 Epim.
265 3090 293 3154 I.
325 3089 396 3177 167¹.
436 3088 523 3179 κέρω
569 3095 720 3178 συγκοπῇ
753 3092 822 3175 κρῶ
857 3088 1098 3174 διπλασιασμῷ
1133 3091 1235 3169 κικριῦ

196 3274 242 3343 10)
255 3274 319 3330 Hoc
331 3275 448 3329 verbam
459 3273 643 3329 restituebam
656 3271 743 3327 suth.
757 3270 819 3327 VII.
834 3272 892 3325 δδδ.
912 3267 1149 3344 ποιμὴν-κριοῖς
1166 3265 1237 3340 δμη-

122 3363 286 3432 tripolitan
303 3358 423 3431 βληχηιδ
439 3357 558 3429 pepticas
574 3357 657 3413 idest
676 3355 723 3419 τὰς
739 3353 781 3419 ὄϊς
796 3364 853 3419 τοῖς
868 3364 956 3429 κριοῖς
973 3349 1168 3429 προςριβδζων,
1183 3372 1235 3426 pro
1329 3404 1334 3411 .

123 3445 240 3516 vulgato
264 3442 423 3519 βληχὴμενα
446 3442 543 3514 finitor.
591 3437 721 3513 Βληχηιιί
750 3442 922 3499 substantive
945 3441 1048 3497 dieitur
1072 3449 1103 3495 ut
1125 3437 1235 3511 ποιητά,

123 3523 209 3599 νηκιιέ
222 3536 277 3584 eto.

195 3614 241 3682 11)
253 3615 383 3671 Διδιῖνιιι
393 3616 477 3682 δῆσαι
488 3614 558 3668 Hes.
573 3610 724 3666 infinitivus
738 3611 892 3682 praesentis
905 3610 1016 3664 videtur
1033 3609 1123 3666 vocali
1136 3618 1234 3667 auctus

122 3708 157 3754 nt
167 3699 326 3755 homericus
338 3701 475 3767 διδοῦναι,
493 3700 571 3769 quod
586 3695 715 3752 nonnulli
734 3698 851 3751 διδῶκαι
869 3695 1043 3768 scripserunt
1059 3697 1149 3754 vooali
1169 3716 1236 3768 pro·

124 3787 213 3839 dueta
226 3792 257 3841 ut
268 3781 414 3855 τιθήμεναι
424 3785 509 3843 Ηοιιι.
523 3791 553 3838 et
564 3776 734 3850 δεδαήμιναι
745 3781 832 3837 Anah.
844 3782 920 3854 App.
936 3784 991 3837 1³⁴.
1002 3783 1117 3839 Maxim.
1136 3801 1162 3836 v.
1175 3784 1235 3835 452.

123 3868 278 3925 infinitivus
289 3869 480 3942 redupliostas
492 3867 572 3923 vorbi
584 3861 684 3937 δδημι,
704 3866 783 3940 eujus
801 3875 843 3923 est
853 3867 1030 3941 participium
1041 3886 1099 3925 noa
1111 3865 1236 3938 duplica·

122 3962 183 4009 tum
197 3951 344 4022 Διιὴμενιιι
356 3956 483 4026 ἔμπειροι
494 3957 625 4024 γυναῖκες
637 3952 706 4007 Hes.

197 4040 244 4107 12)
257 4039 424 4110 suspectum
433 4038 527 4095 habeo
539 4037 611 4092 Poll.
624 4035 672 4091 VI.
694 4039 751 4092 175.
771 4036 800 4092 ιδ
808 4038 913 4110 χλιδᾴν
931 4037 959 4092 ol
976 4038 1097 4103 κωμικοί
1106 4045 1178 4103 φασι
1190 4032 1237 4083 καὶ

123 4125 272 4194 ιιιχλιδιᾷν,
286 4122 392 4195 quippe
410 4122 543 4178 dissimile
556 4122 671 4187 esteris:
685 4120 733 4176 ille
744 4123 864 4179 sortasse
872 4122 986 4193 χλιδιᾷν
998 4118 1116 4188 scripsit.
1130 4108 1236 4183 Κιγχιῖ-

124 4227 185 4264 νιιν
199 4207 373 4281 duplicatam
384 4226 445 4264 osso
458 4209 643 4297 Bcuttmaonas
658 4209 780 4263 Gramm.
794 4208 831 4263 11.
844 4209 902 4264 218.
919 4202 1031 4257 minime
1041 4199 1201 4273 persuadet.
