2736 4778
194 450 199 466 ι
295 363 352 430 nn
373 361 770 430 raoscnnnnnsuo.
814 364 885 432 aa
908 362 942 430 c.
953 363 979 430 1.
1002 364 1030 451 χ.
1046 361 1073 430 1.
1177 319 1239 432 loa

123 534 229 594 tamon
260 529 302 594 ad
334 528 429 595 aliam
461 527 612 593 orationis
644 533 767 609 partem
798 527 937 610 pertinet
960 526 1049 612 [cap.
1071 527 1121 594 III
1143 528 1170 613 6.
1193 527 1238 614 3],

123 631 269 713 idemque
291 649 362 697 esse
383 631 508 697 videtur
520 629 578 696 0d
589 629 636 695 lx
647 629 710 697 399
733 625 768 696 οἳ
786 628 829 719 ῥά
853 656 909 698 utu
932 623 1237 717 adoptandam.-

123 734 354 802 Adverbiorum
376 730 517 812 οὕτως,
552 735 578 799 si
605 735 782 816 proximum
804 752 930 801 versum
951 749 1088 799 consona
1109 733 1240 814 orditur,

124 839 226 918 sigma
247 837 378 902 omittit:
410 833 497 902 oliuo
520 833 538 921 ΙΙ
564 840 645 904 θῦνε
681 837 717 902 II.
746 837 774 901 V
799 837 872 918 249,
905 836 985 903 XIII
1005 834 1068 901 225
1103 840 1136 902 et
1168 835 1240 916 309,

124 939 183 1006 Od.
205 940 251 1006 IV
272 939 345 1020 543,
367 939 446 1004 VIII
468 936 540 1019 315,
562 939 640 1005 XIX
664 939 734 1019 128,
757 959 816 1006 nec
836 941 972 1006 mutarit
992 935 1133 1018 wolfius,
1156 939 1240 1004 Bek-

124 1042 221 1107 kerus
253 1061 328 1108 vero
360 1042 520 1108 clausulae
552 1039 713 1108 velificans
746 1026 862 1125 ubique
886 1040 1006 1121 οὕτως,
1040 1041 1125 1125 qnod
1145 1042 1239 1124 vulgo

125 1152 199 1211 ante
227 1145 366 1210 vocalem
394 1144 553 1210 invenitur
586 1152 738 1227 sequente
765 1163 989 1227 nonnunquam
1021 1146 1135 1228 stigma
1167 1165 1240 1228 per·

123 1245 207 1312 fecta
227 1247 264 1312 Il.
287 1245 405 1328 7155,
428 1246 487 1314 Od
509 1247 588 1313 VIII
611 1247 673 1314 543
707 1255 740 1315 et
761 1247 870 1313 XVIII
891 1247 964 1328 255,
996 1248 1142 1330 idemque
1164 1248 1240 1314 Hes.

124 1348 203 1432 Opp.
216 1347 289 1431 424,
313 1350 450 1432 Theogn.
468 1349 540 1430 335,
565 1350 685 1417 Gallim.
708 1353 812 1435 hymn.
823 1351 925 1433 Apoll.
938 1350 988 1431 70,
1002 1349 1130 1417 Thmcr.
1145 1350 1239 1432 1122,

122 1452 233 1518 XXIII
252 1451 300 1534 14,
324 1452 428 1530 Quint
450 1453 512 1519 XII
529 1452 601 1533 299,
630 1455 727 1520 Arist.
751 1454 852 1520 Rann.
882 1453 973 1519 1531.
1023 1452 1061 1518 In
1081 1454 1240 1535 prioribus

123 1555 257 1636 pedibus
279 1556 436 1622 Homerus
459 1575 556 1621 unum
580 1552 667 1622 oliuo
683 1555 805 1639 probat,
827 1557 887 1622 nisi
904 1555 1020 1623 vocalis
1044 1556 1186 1638 sequitur
1208 1563 1241 1621 et

123 1659 347 1740 interpunctio:
371 1657 503 1725 ἔσσεται
526 1657 642 1738 οὕτως,
667 1653 751 1725 ἄιτα
763 1658 821 1725 Od.
832 1659 924 1725 XVII
936 1656 1008 1724 599.
1023 1695 1058 1706 -
1075 1655 1240 1747 Μεσηχύ

124 1758 353 1847 51μεσηχᾶς
374 1762 458 1844 apud
470 1780 543 1827 cum
565 1763 691 1844 saepius
713 1763 837 1844 legitur,
859 1766 953 1844 prout
974 1765 1110 1827 metmm
1130 1761 1240 1843 poscit,

124 1863 181 1929 sed
212 1864 245 1928 in
276 1865 363 1930 exitu
394 1864 516 1952 proqyo'
552 1871 585 1930 et
616 1864 649 1929 id
687 1869 761 1929 ante
789 1863 929 1930 vocalem
960 1863 997 1930 u.
1029 1863 1076 1928 XI
1108 1863 1172 1929 570
1205 1870 1241 1928 ut

123 1967 207 2048 apud
229 1967 363 2033 Aratum
395 1986 519 2050 quoque
540 1966 664 2055 μεσηγὺ
678 1967 696 2053 ΙΙ
709 1961 866 2054 ἄρνιθέης
888 1966 959 2047 273,
992 1985 1087 2049 quern
1107 1967 1240 2032 Vossius

124 2069 224 2150 sigma
246 2069 422 2136 detraxisse
443 2075 559 2150 censet
593 2070 668 2152 quia
699 2074 766 2135 tres
794 2088 875 2152 quaa
898 2076 1073 2152 sequuntur
1093 2088 1186 2135 voces
1208 2071 1241 2135 iu

123 2172 256 2238 eandem
278 2179 393 2239 exeant
413 2173 554 2253 literam;
577 2172 635 2238 sed
645 2172 739 2238 huius
751 2172 938 2269 sigmatismi
951 2172 1094 2255 exempla
1104 2173 1241 2254 plurima

123 2281 286 2342 extentat
308 2275 532 2356 illustrissima,
556 2274 595 2341 de
618 2274 731 2358 quibus
754 2275 816 2340 alio
837 2276 905 2341 loco
920 2275 1038 2341 dictum
1050 2280 1100 2341 est
1111 2275 1239 2360 [Parall.

123 2379 198 2445 diss.
221 2379 265 2465 l];
295 2397 398 2462 neque
431 2379 513 2444 hanc
546 2396 674 2444 causam
699 2376 811 2442 habuit
831 2377 1001 2461 Dionysius
1022 2379 1144 2462 Perieg.
1167 2377 1239 2461 924,

123 2500 179 2547 cur
199 2481 355 2570 μεσηχὺΙΙ
369 2479 502 2549 εἱλεῖται
525 2481 686 2547 scriberet.
731 2479 847 2562 Signa,
876 2483 961 2564 quod
981 2481 1122 2548 codicum
1144 2482 1241 2565 aliqui

123 2584 289 2666 aliquoties
323 2585 517 2668 subiungunt
542 2585 783 2666 Brunckinsque
813 2601 1037 2666 nonnunquam
1070 2584 1241 2670 euphoniae

123 2709 218 2750 cocao
241 2688 364 2769 adiecit,
387 2687 553 2754 Bekkerus
576 2687 714 2753 Homero
735 2686 797 2768 ipsi
818 2684 1014 2768 gratificatus
1035 2693 1086 2755 est
1107 2688 1149 2773 [v.
1167 2690 1239 2756 Dis·

123 2796 197 2856 sert
219 2790 298 2856 VIII
319 2809 386 2874 cap.
409 2791 442 2857 11
463 2793 491 2877 ᾖ.
515 2791 559 2877 2].
583 2828 619 2840 -
645 2790 794 2856 Firmiter
825 2788 937 2856 haeret
970 2784 1059 2875 ἄγχι
1082 2792 1101 2878 ΙΙ
1124 2792 1240 2882 ἕστηκε

122 2893 158 2958 11
173 2893 202 2957 V
216 2891 285 2975 185,
309 2887 384 2979 ἄχχι
397 2892 415 2980 ll
428 2885 514 2980 ἦλθε
526 2892 646 2959 mssa
669 2899 702 2958 et
723 2893 835 2958 iisdem
857 2893 962 2959 verbis
981 2892 1124 2976 Quintus,
1146 2915 1241 2979 quern

122 2996 262 3080 Koechly
284 2996 464 3062 observavit
484 3014 640 3077 nusquam
663 2990 765 3079 ἄχχοῦ
791 2996 964 3077 scripsisse,
987 2995 1003 3060 l
1029 2979 1096 3064 103'
1122 3008 1155 3064 et
1176 2998 1240 3080 Op·

121 3100 234 3181 pianus
263 3118 388 3183 quoque
410 3091 482 3183 ἄγχι
497 3097 515 3185 ΙΙ
528 3093 605 3184 ἠΰτε
627 3096 698 3162 Hal.
721 3094 847 3163 11302.
892 3097 1050 3164 Adverbio
1073 3101 1241 3180 spondaico

122 3203 223 3268 utitur
244 3202 409 3282 Homerus,
431 3201 486 3267 ubi
507 3200 721 3273 necessarium
743 3204 801 3280 est,
824 3200 1067 3284 utinprincipio
1077 3220 1240 3268 versuum:

123 3301 223 3392 ἀγχοῦ
232 3303 440 3385 Κυκλώπων,
462 3309 495 3370 et
515 3303 595 3370 illud
615 3303 711 3370 uicies
721 3304 891 3386 repetitum
907 3297 1008 3386 ἄχχοῦ
1021 3298 1048 3370 d'
1061 3300 1240 3387 ἱστάμενος,

122 3409 296 3491 eadamque
319 3408 441 3474 ratione
463 3407 647 3489 Apollonius
670 3412 703 3472 et
724 3406 778 3472 alii
799 3406 1010 3488 posteriorum
1039 3401 1140 3492 ἄχχοῦ
1164 3432 1240 3496 ora·

123 3511 222 3587 λᾶων,
256 3512 314 3577 sed
347 3505 421 3597 ἄχχι
455 3506 643 3597 θαλάσσης·
679 3508 847 3592 Dionysius
869 3528 943 3576 vero
971 3509 1068 3574 semel
1090 3511 1186 3575 etiarn
1208 3512 1240 3576 in

122 3621 257 3681 excunte
278 3633 372 3680 versu
394 3611 457 3680 728
480 3606 774 3700 donatianorum.
789 3604 1241 3698 —''A‹pvcononsolumante
1295 3659 1305 3665 ·

122 3736 290 3783 consonam
312 3718 454 3799 Apollon.
476 3715 526 3782 III
542 3715 614 3797 664,
636 3714 737 3781 Noun.
750 3713 812 3779 XII
823 3713 874 3795 56,
897 3715 957 3781 XX
969 3714 1042 3796 336,
1065 3715 1122 3780 sed
1145 3714 1241 3778 etiam

122 3825 275 3903 sequente
297 3820 397 3886 vocali
418 3819 514 3901 XLII¹
530 3817 594 3885 536
627 3824 661 3883 et
682 3817 823 3899 Apollon.
845 3818 890 3884 IV
912 3817 977 3884 580
1000 3814 1096 3907 ἄφνω
1109 3817 1127 3902 ΙΙ
1141 3813 1239 3898 ἴαχεν.

122 3942 184 4005 quo
206 3923 295 3989 hiatu
317 3921 454 3989 offensus
477 3922 655 3988 Brunckius
678 3922 779 4004 sigma
800 3923 976 3989 inculcavit
1030 3921 1137 4003 Epicis
1159 3919 1240 3983 anti·
1272 3903 1278 3929 ¹

122 4026 284 4109 quioribus
317 4033 465 4091 neutrum
498 4026 657 4107 cognitum
688 4025 787 4092 luisse
820 4026 954 4091 videtur.
989 4061 1025 4072 -
1062 4021 1239 4087 Particulae

123 4121 165 4194 αὖ
204 4147 344 4212 propago
386 4129 502 4210 duplex
544 4145 768 4209 nonnunquam
809 4125 1035 4210 significatione
1077 4125 1239 4213 paululum

122 4231 237 4314 differt,
271 4233 350 4299 alias
382 4237 483 4297 metro
517 4231 632 4297 solum:
670 4231 726 4298 cdv
758 4227 786 4299 δ’
816 4223 910 4299 αὖτε
944 4230 1125 4316 προσέειπε
1162 4225 1240 4319 γυνή

987 4350 1056 4420 11*
