2736 4778
184 342 247 409 322
375 337 587 407 senones
610 339 667 406 on
688 320 1061 408 munncnonh
1085 337 1190 406 enno

182 504 263 571 Plat.
286 503 395 570 cion
412 503 514 571 363ss
537 498 614 583 deoc,
637 503 748 592 φησὶν,
771 503 1046 591 καταβιβρίθασι,
1070 503 1165 585 quod
1192 501 1325 569 Schnei-

184 608 279 673 derus
301 627 363 673 non
386 606 542 688 repudiat.
576 604 610 670 Si
632 625 706 672 vero
729 624 925 673 communem
946 623 1040 671 nsum
1061 605 1254 687 sequimur,
1275 605 1328 671 iun

183 729 245 775 non
268 710 360 775 aliter
383 709 550 775 scribenda
571 714 660 788 sunt,
694 727 791 791 quain
822 710 851 775 si
872 708 959 774 nulla
980 713 1067 774 esset
1089 708 1327 790 interpunctio,

183 812 242 878 hoo
264 817 315 898 est
335 831 376 894 ny
399 818 474 877 ante
497 829 650 876 consonas
673 811 798 876 omisso.

249 915 370 979 Verum
379 913 473 994 longe
485 910 642 977 diffieilior
654 917 704 977 est
714 912 770 978 illa
789 914 942 996 quaestio,
964 929 1040 977 num
1061 910 1270 978 sedentes
1292 912 1327 979 in

183 1016 414 1098 parenthesi
427 1016 508 1080 alius
519 1013 683 1095 ponendus
695 1015 737 1079 sit
747 1034 842 1097 quam
854 1021 1028 1081 extroeann
1050 1014 1329 1081 Facillimumest

190 1118 451 1199 interpunctionis
464 1116 698 1198 sigonundique
709 1116 831 1193 tollere,
845 1137 908 1200 quo
918 1116 1001 1183 fatto
1013 1116 1144 1182 enclisis
1158 1119 1328 1183 ordinaria

184 1221 332 1286 suodedit.
360 1217 412 1283 Sic
421 1217 587 1282 Bekkerus
599 1217 674 1283 fecit
685 1216 847 1285 Demosth.
860 1220 930 1286 Gor.
943 1217 1014 1285 235.
1029 1217 1091 1284 113
1105 1217 1205 1302 (264.
1222 1220 1261 1285 11
1275 1220 1326 1293 ut

184 1317 961 1409 ἐπῄνεσεναὐτόνφησιν(Λῖσχίνης)ὑπεῦθυναν,
976 1328 1092 1387 etcum
1104 1323 1328 1404 eolnonpuuu'

185 1424 249 1488 olii.
271 1421 334 1488 Sed
345 1423 404 1488 hoe
414 1425 507 1489 modo
519 1443 631 1489 sensns
644 1442 740 1505 saepe
751 1424 917 1506 ambiguus
927 1425 1081 1503 redditur,
1105 1423 1148 1488 de
1161 1443 1233 1507 quo
1244 1423 1327 1490 inira

185 1526 296 1591 dinem
325 1524 472 1591 Retentis
492 1544 572 1595 voto·
589 1527 657 1595 illis
675 1526 718 1591 de
737 1533 870 1593 aooentn
892 1528 1061 1608 ambigitur
1082 1526 1235 1607 primum
1258 1509 1328 1595 oin

186 1628 281 1706 vocis,
305 1645 386 1709 quae
408 1628 441 1691 in
462 1628 646 1708 parenthesi
668 1630 773 1710 posita
794 1634 859 1710 est,
882 1636 951 1695 tum
973 1646 1097 1709 earum,
1125 1646 1220 1709 quae
1241 1629 1326 1695 huno

185 1731 326 1812 proxime
355 1730 407 1795 vel
429 1730 620 1795 antecedunt
646 1730 697 1795 vel
719 1736 903 1813 sequuntur.
946 1730 1229 1812 Frequentissime
1252 1750 1325 1797 ver·

185 1833 260 1897 bum
284 1832 387 1918 φημί
410 1837 572 1896 noeentum
585 1850 677 1896 suum
699 1835 836 1899 remittit
856 1835 889 1898 in
900 1833 1096 1912 vocabulum,
1117 1833 1213 1913 quod
1229 1840 1322 1899 ante·

186 1934 284 2013 cedit,
319 1934 462 2015 quumvis
489 1939 644 1999 commate
673 1941 872 2016 separatum
907 1935 1070 2013 πολλάκις
1103 1931 1187 2020 γάρ,
1220 1952 1323 2024 φησι,

186 2042 281 2102 ταῦτα
307 2070 343 2083 -
368 2035 478 2099 Liban.
501 2034 640 2101 Decium.
663 2036 698 2102 T.
720 2036 737 2101 Ι
762 2036 837 2117 191,
871 2037 909 2102 ad
932 2040 1068 2124 πρᾶγμα
1092 2031 1198 2117 orico,
1222 2040 1321 2125 φηᾱ,

187 2135 287 2215 δείξαι
311 2136 423 2202 Iulian.
446 2137 504 2218 Ep.
527 2138 601 2203 LIX
626 2138 702 2218 112,
737 2136 950 2226 πρασώφαιλε
984 2134 1183 2225 τριάκοντά,
1219 2162 1318 2228 φασι.

187 2236 336 2323 δραχμάς
357 2240 485 2304 Lueiau.
508 2240 549 2304 de
571 2239 681 2305 Sacris.
704 2242 722 2326 6
744 2239 765 2305 d
786 2260 816 2324 p.
840 2240 904 2306 308
927 2240 1002 2319 T.I‚
1025 2238 1194 2318 Minutas.
1219 2266 1319 2333 φησι,

187 2340 416 2425 θυγατρὸς-
442 2340 595 2407 Sumus
620 2340 700 2408 Gall.
724 2345 743 2427 6
764 2341 785 2408 9
807 2362 838 2426 p.
863 2342 899 2408 11
925 2340 960 2407 Τ.
982 2341 1045 2422 ΙΠ,
1080 2340 1162 2428 ἐγώ,
1199 2366 1318 2432 φησιν,

187 2436 264 2524 ὑμῖν
287 2438 384 2508 δώσω
406 2442 518 2508 hesch.
541 2462 567 2509 n
591 2442 675 2510 Gtes.
700 2444 771 2511 633.
797 2449 812 2510 1
838 2442 925 2528 (164.
947 2443 1011 2510 238
1032 2444 1166 2528 Bekle)‚
1195 2446 1259 2512 sed
1285 2447 1318 2512 in

186 2543 216 2607 h.
238 2543 258 2607 l.
292 2548 325 2607 ot
353 2544 436 2624 apud
460 2545 633 2611 Ludanum
661 2564 744 2611 nune
771 2565 847 2611 suus
875 2547 972 2611 verbo
994 2553 1144 2612 occentus
1167 2548 1317 2614 redditos

187 2650 244 2709 est.
289 2645 332 2708 Et
364 2646 415 2709 hic
447 2648 574 2726 quidem
607 2651 639 2713 in
662 2649 853 2713 editionibus
881 2649 1109 2731 antiquioribus
1131 2651 1245 2731 gravis
1268 2656 1316 2715 est

187 2748 266 2812 utin
278 2765 422 2811 sermone
434 2751 630 2814 continuato:
653 2757 764 2829 ταῦτα,
789 2752 883 2835 φημὶ,
908 2747 954 2829 ὡς
966 2750 1171 2834 θεόπεμπτα
1183 2752 1314 2820 ἔσπασε

186 2847 316 2929 Longin.
339 2848 475 2913 XXXIV
501 2852 569 2915 122.
593 2850 622 2930 d,
648 2851 719 2936 ἐγώ,
745 2853 854 2938 φησὶν,
877 2844 960 2939 ᾖδον
981 2852 1100 2918 Himer.
1116 2854 1187 2920 Ecl.
1201 2855 1315 2921 XXIII

187 2949 259 3030 280,
283 2946 378 3030 ἀλλὰ,
404 2953 515 3038 φησὶν,
540 2953 697 3039 ἐλευθέρα
721 2954 839 3019 charit.
857 2954 926 3018 VT.
952 2955 1021 3034 120,
1045 2955 1192 3043 ἐμαυτῷ,
1216 2957 1312 3044 φασὶ,

187 3052 242 3116 καὶ
266 3058 338 3129 ταῖς
364 3053 520 3131 Μούσαις
543 3049 616 3142 ᾄδω
638 3057 789 3121 Themist.
808 3056 860 3121 Or.
873 3056 964 3121 XXX
976 3055 1039 3122 366
1052 3056 1085 3122 C.
1100 3056 1181 3140 (442
1192 3058 1313 3142 Diluti),

188 3146 260 3230 ι’ίξει
285 3177 354 3219 σοι.
386 3156 499 3241 φησὶν,
531 3153 636 3224 εἴκοσι
660 3159 742 3223 Plut.
764 3178 792 3224 v.
817 3157 906 3224 Dem.
928 3156 1018 3223 XXV
1043 3156 1091 3239 16,
1124 3178 1187 3227 nec
1208 3168 1314 3228 mutat

187 3253 326 3319 Sintenis
348 3274 377 3335 p.
400 3255 464 3320 533
487 3257 520 3322 T.
543 3259 573 3336 13
608 3260 664 3323 sed
691 3260 834 3342 plerique
862 3278 945 3325 nunc
966 3265 1091 3325 acutum
1114 3263 1314 3345 praeierunt

186 3357 273 3420 velut
295 3358 461 3422 Jacobsius
484 3360 515 3423 in
538 3359 814 3442 Philostr.lmagg.
838 3362 852 3426 I
877 3364 905 3426 7.
931 3360 978 3426 11.
1001 3363 1020 3424 2
1044 3368 1161 3429 τοῦτον
1182 3366 1313 3443 κτείνει,

188 3457 298 3544 φασίν,
323 3454 340 3522 ὁ
365 3465 424 3525 τοῦ
449 3463 599 3542 Πηλέως,
623 3464 816 3529 daeobitzins
838 3466 871 3530 in
893 3464 1021 3529 Lnoian.
1043 3462 1136 3530 Deor.
1151 3466 1249 3534 Cone
1263 3468 1313 3554 §3

186 3579 215 3640 p.
239 3561 301 3625 576
325 3561 359 3625 Τ.
382 3561 415 3626 II
438 3565 560 3629 πολλοὶ
583 3561 656 3651 γάρ,
681 3565 783 3652 φημί,
819 3562 878 3632 οὐκ
907 3561 1117 3650 ἆγαπιῦντες,
1152 3568 1314 3652 Bergkius

186 3661 282 3724 Arist.
304 3661 404 3727 Rann.
432 3664 511 3729 1156
547 3662 613 3751 ἥκω
637 3667 698 3753 γὰρ
722 3664 861 3755 εἷς,γῆν,
895 3668 990 3756 φησί,
1019 3669 1074 3734 καὶ
1097 3673 1313 3757 κατέρχομαι,

187 3762 365 3828 Meinekius
388 3767 420 3828 in
442 3766 580 3846 Alciphr.
603 3769 619 3831 I
641 3768 700 3848 Ep.
716 3767 757 3834 39
779 3790 809 3852 p.
821 3769 864 3835 26
886 3769 1008 3837 σκόπει
1030 3772 1067 3836 ed
1088 3776 1219 3860 χρῶμα.
1247 3798 1314 3862 φη·

188 3863 250 3943 σιί,
275 3861 321 3944 ὡς
344 3862 478 3953 ἀκριβές
500 3874 532 3933 et
553 3870 693 3950 proxime
716 3877 789 3935 ante
814 3871 887 3957 ἐγώ,
911 3871 1022 3960 φησίν,
1047 3871 1260 3960 ἀγωνιοῦμαι
1274 3878 1314 3954 *).

187 3968 323 4033 Tantum
346 3970 386 4034 de
408 3971 569 4036 vocabulis
591 3971 622 4036 iu
645 3973 827 4053 parenthesi
849 3976 969 4053 positis.

256 4207 285 4269 *)
306 4209 340 4259 In
357 4227 439 4261 ααοαα
451 4229 514 4278 pap.
532 4212 668 4280 adempte
703 4209 804 4282 ,,βαρυ’,
823 4230 924 4282 φησιν,
947 4203 1017 4294 ἆρον
1035 4210 1114 4268 nied·
1140 4213 1156 4268 ὁ
1176 4215 1202 4270 δ’
1214 4211 1313 4289 Ἔρως,

188 4288 224 4358 ἔχ’
250 4288 329 4357 αὐτό,
358 4299 558 4362 q-pocrhnaer.
577 4300 623 4351 Oti
643 4297 687 4352 TO.
707 4297 844 4366 161111
859 4299 1033 4368 Remis-1113
1060 4296 1075 4353 ὃ
1098 4298 1122 4353 δ’
1139 4294 1245 4372 Ἔρως,
1268 4300 1314 4359 ἄν·
