<?xml version="1.0" encoding="UTF-8"?>
<!DOCTYPE html PUBLIC "-//W3C//DTD XHTML 1.0 Transitional//EN"
    "http://www.w3.org/TR/xhtml1/DTD/xhtml1-transitional.dtd">
<html xmlns="http://www.w3.org/1999/xhtml" xml:lang="en" lang="en">
 <head>
  <title>
</title>
<meta http-equiv="Content-Type" content="text/html;charset=utf-8" />
  <meta name='ocr-system' content='tesseract 3.04.00' />
  <meta name='ocr-capabilities' content='ocr_page ocr_carea ocr_par ocr_line ocrx_word'/>
</head>
<body>
  <div class='ocr_page' id='page_1' title='image "./pathologiaegrae00lobegoog_0976.png"; bbox 0 0 2736 4778; ppageno 0'>
   <div class='ocr_carea' id='block_1_1' title="bbox 370 404 1300 488">
    <p class='ocr_par' dir='ltr' id='par_1_1' title="bbox 370 404 1300 488">
     <span class='ocr_line' id='line_1_1' title="bbox 370 404 1300 488; baseline 0.004 -4"><span class='ocrx_word' id='word_1_1' title='bbox 370 438 371 441; x_wconf 12' lang='grc' dir='ltr'><strong><em>κ</em></strong></span> <span class='ocrx_word' id='word_1_2' title='bbox 432 419 489 484; x_wconf 82' lang='lat' dir='ltr'>nu</span> <span class='ocrx_word' id='word_1_3' title='bbox 510 417 711 486; x_wconf 78' lang='lat' dir='ltr'>mooorn.</span> <span class='ocrx_word' id='word_1_4' title='bbox 757 417 790 485; x_wconf 90' lang='lat' dir='ltr'>o.</span> <span class='ocrx_word' id='word_1_5' title='bbox 811 419 867 487; x_wconf 87' lang='lat' dir='ltr'>vr.</span> <span class='ocrx_word' id='word_1_6' title='bbox 1153 421 1215 488; x_wconf 86' lang='lat'>309</span> <span class='ocrx_word' id='word_1_7' title='bbox 1292 404 1300 415; x_wconf 87' lang='lat'>&#39;</span> 
     </span>
    </p>
   </div>
   <div class='ocr_carea' id='block_1_2' title="bbox 13 565 1221 2298">
    <p class='ocr_par' dir='ltr' id='par_1_2' title="bbox 97 565 1213 775">
     <span class='ocr_line' id='line_1_2' title="bbox 97 565 1213 672; baseline 0.005 -27"><span class='ocrx_word' id='word_1_8' title='bbox 97 579 386 662; x_wconf 84' lang='lat' dir='ltr'>frequentissimum</span> <span class='ocrx_word' id='word_1_9' title='bbox 409 588 467 662; x_wconf 82' lang='lat' dir='ltr'>est,</span> <span class='ocrx_word' id='word_1_10' title='bbox 490 583 625 648; x_wconf 87' lang='lat' dir='ltr'>alterum</span> <span class='ocrx_word' id='word_1_11' title='bbox 647 583 733 672; x_wconf 86' lang='lat' dir='ltr'>nullo</span> <span class='ocrx_word' id='word_1_12' title='bbox 750 565 1026 665; x_wconf 83' lang='lat' dir='ltr'>aliolocolegitur,</span> <span class='ocrx_word' id='word_1_13' title='bbox 1052 585 1108 649; x_wconf 88' lang='lat' dir='ltr'>sed</span> <span class='ocrx_word' id='word_1_14' title='bbox 1120 585 1213 651; x_wconf 92' lang='lat' dir='ltr'>modo</span> 
     </span>
     <span class='ocr_line' id='line_1_3' title="bbox 98 681 583 775; baseline -0.002 -25"><span class='ocrx_word' id='word_1_15' title='bbox 98 683 179 750; x_wconf 79' lang='grc' dir='ltr'><em>πέλε</em></span> <span class='ocrx_word' id='word_1_16' title='bbox 203 689 235 748; x_wconf 84' lang='lat' dir='ltr'>et</span> <span class='ocrx_word' id='word_1_17' title='bbox 257 681 356 751; x_wconf 80' lang='grc' dir='ltr'><em>έπελε</em></span> <span class='ocrx_word' id='word_1_18' title='bbox 379 684 421 768; x_wconf 86' lang='lat' dir='ltr'>[v.</span> <span class='ocrx_word' id='word_1_19' title='bbox 444 705 473 775; x_wconf 89' lang='lat' dir='ltr'>p.</span> <span class='ocrx_word' id='word_1_20' title='bbox 499 685 583 770; x_wconf 72' lang='lat'>175]⁸</span> 
     </span>
    </p>

    <p class='ocr_par' dir='ltr' id='par_1_3' title="bbox 13 783 1221 2298">
     <span class='ocr_line' id='line_1_4' title="bbox 184 783 1212 867; baseline 0.004 -18"><span class='ocrx_word' id='word_1_21' title='bbox 184 783 311 867; x_wconf 82' lang='lat' dir='ltr'>Desipit</span> <span class='ocrx_word' id='word_1_22' title='bbox 336 806 411 851; x_wconf 85' lang='lat' dir='ltr'>vero</span> <span class='ocrx_word' id='word_1_23' title='bbox 434 787 529 853; x_wconf 83' lang='lat' dir='ltr'>schol.</span> <span class='ocrx_word' id='word_1_24' title='bbox 553 787 681 853; x_wconf 83' lang='lat' dir='ltr'>Theotr.</span> <span class='ocrx_word' id='word_1_25' title='bbox 705 786 753 851; x_wconf 93' lang='lat' dir='ltr'>III</span> <span class='ocrx_word' id='word_1_26' title='bbox 779 785 813 850; x_wconf 87' lang='lat' dir='ltr'>ll</span> <span class='ocrx_word' id='word_1_27' title='bbox 852 785 1027 867; x_wconf 76' lang='grc' dir='ltr'><em>ἐκέλευσας</em></span> <span class='ocrx_word' id='word_1_28' title='bbox 1056 790 1111 853; x_wconf 83' lang='grc' dir='ltr'>καὶ</span> <span class='ocrx_word' id='word_1_29' title='bbox 1145 783 1212 853; x_wconf 80' lang='grc' dir='ltr'><em>κοτ’</em></span> 
     </span>
     <span class='ocr_line' id='line_1_5' title="bbox 98 883 1221 974; baseline 0.003 -20"><span class='ocrx_word' id='word_1_30' title='bbox 98 883 426 974; x_wconf 70' lang='grc' dir='ltr'><em>ἀποκοπὴνδωρικὴν</em></span> <span class='ocrx_word' id='word_1_31' title='bbox 449 889 592 956; x_wconf 71' lang='lat' dir='ltr'>lullae.</span> <span class='ocrx_word' id='word_1_32' title='bbox 620 889 663 954; x_wconf 85' lang='lat' dir='ltr'>Et</span> <span class='ocrx_word' id='word_1_33' title='bbox 680 908 742 970; x_wconf 92' lang='lat' dir='ltr'>non</span> <span class='ocrx_word' id='word_1_34' title='bbox 759 890 863 954; x_wconf 90' lang='lat' dir='ltr'>miuus</span> <span class='ocrx_word' id='word_1_35' title='bbox 885 890 1026 971; x_wconf 91' lang='lat' dir='ltr'>ineptum</span> <span class='ocrx_word' id='word_1_36' title='bbox 1049 895 1106 969; x_wconf 82' lang='lat' dir='ltr'>est,</span> <span class='ocrx_word' id='word_1_37' title='bbox 1130 890 1221 971; x_wconf 63' lang='lat' dir='ltr'>quod,</span> 
     </span>
     <span class='ocr_line' id='line_1_6' title="bbox 98 988 1212 1073; baseline 0.001 -17"><span class='ocrx_word' id='word_1_38' title='bbox 98 991 138 1056; x_wconf 84' lang='lat' dir='ltr'>de</span> <span class='ocrx_word' id='word_1_39' title='bbox 160 991 277 1056; x_wconf 79' lang='lat' dir='ltr'>aoristo</span> <span class='ocrx_word' id='word_1_40' title='bbox 300 990 491 1069; x_wconf 77' lang='grc' dir='ltr'><em>ἐπέπλως</em></span> <span class='ocrx_word' id='word_1_41' title='bbox 519 990 712 1056; x_wconf 86' lang='lat' dir='ltr'>0d.11115</span> <span class='ocrx_word' id='word_1_42' title='bbox 740 993 940 1073; x_wconf 75' lang='lat' dir='ltr'><strong>proponitur:</strong></span> <span class='ocrx_word' id='word_1_43' title='bbox 975 993 1049 1056; x_wconf 80' lang='grc' dir='ltr'><em>πλω</em></span> <span class='ocrx_word' id='word_1_44' title='bbox 1089 988 1212 1057; x_wconf 82' lang='grc' dir='ltr'><em>πλώσω</em></span> 
     </span>
     <span class='ocr_line' id='line_1_7' title="bbox 98 1088 1214 1179; baseline 0.001 -20"><span class='ocrx_word' id='word_1_45' title='bbox 98 1091 253 1172; x_wconf 81' lang='grc' dir='ltr'><em>έπλωσας</em></span> <span class='ocrx_word' id='word_1_46' title='bbox 285 1093 340 1159; x_wconf 85' lang='grc' dir='ltr'>καὶ</span> <span class='ocrx_word' id='word_1_47' title='bbox 372 1092 455 1158; x_wconf 78' lang='grc' dir='ltr'><em>κατὰ</em></span> <span class='ocrx_word' id='word_1_48' title='bbox 486 1088 665 1179; x_wconf 72' lang='grc' dir='ltr'><em>ἀποκοπὴν</em></span> <span class='ocrx_word' id='word_1_49' title='bbox 694 1091 804 1170; x_wconf 83' lang='grc' dir='ltr'><em>έπλως</em></span> <span class='ocrx_word' id='word_1_50' title='bbox 837 1093 892 1158; x_wconf 76' lang='grc' dir='ltr'>καὶ</span> <span class='ocrx_word' id='word_1_51' title='bbox 920 1090 1093 1174; x_wconf 77' lang='grc' dir='ltr'><em>ἐπέπλως,</em></span> <span class='ocrx_word' id='word_1_52' title='bbox 1130 1093 1214 1176; x_wconf 89' lang='lat' dir='ltr'>quod</span> 
     </span>
     <span class='ocr_line' id='line_1_8' title="bbox 72 1193 1214 1284; baseline -0.002 -22"><span class='ocrx_word' id='word_1_53' title='bbox 72 1243 74 1246; x_wconf 24' lang='grc' dir='ltr'><strong><em>ι</em></strong></span> <span class='ocrx_word' id='word_1_54' title='bbox 98 1195 335 1277; x_wconf 82' lang='lat' dir='ltr'>scholiographo</span> <span class='ocrx_word' id='word_1_55' title='bbox 351 1194 480 1276; x_wconf 85' lang='lat' dir='ltr'>ignobili</span> <span class='ocrx_word' id='word_1_56' title='bbox 490 1193 614 1260; x_wconf 82' lang='lat' dir='ltr'>facilius</span> <span class='ocrx_word' id='word_1_57' title='bbox 625 1194 823 1276; x_wconf 81' lang='lat' dir='ltr'>indulgemus</span> <span class='ocrx_word' id='word_1_58' title='bbox 840 1213 935 1277; x_wconf 89' lang='lat' dir='ltr'>quam</span> <span class='ocrx_word' id='word_1_59' title='bbox 946 1195 1214 1284; x_wconf 82' lang='lat' dir='ltr'>grqmmaticcsu-</span> 
     </span>
     <span class='ocr_line' id='line_1_9' title="bbox 96 1292 1214 1380; baseline 0 -18"><span class='ocrx_word' id='word_1_60' title='bbox 96 1297 229 1380; x_wconf 87' lang='lat' dir='ltr'>periuris</span> <span class='ocrx_word' id='word_1_61' title='bbox 241 1297 371 1377; x_wconf 74' lang='lat' dir='ltr'>ordinis</span> <span class='ocrx_word' id='word_1_62' title='bbox 387 1297 436 1362; x_wconf 90' lang='lat' dir='ltr'>cui</span> <span class='ocrx_word' id='word_1_63' title='bbox 448 1297 532 1362; x_wconf 92' lang='lat' dir='ltr'>idem</span> <span class='ocrx_word' id='word_1_64' title='bbox 543 1297 693 1363; x_wconf 84' lang='lat' dir='ltr'>tribuitur</span> <span class='ocrx_word' id='word_1_65' title='bbox 708 1297 741 1360; x_wconf 91' lang='lat' dir='ltr'>in</span> <span class='ocrx_word' id='word_1_66' title='bbox 753 1297 847 1362; x_wconf 91' lang='lat' dir='ltr'>schol</span> <span class='ocrx_word' id='word_1_67' title='bbox 859 1297 895 1362; x_wconf 95' lang='lat' dir='ltr'>Il.</span> <span class='ocrx_word' id='word_1_68' title='bbox 906 1297 955 1362; x_wconf 95' lang='lat' dir='ltr'>lll</span> <span class='ocrx_word' id='word_1_69' title='bbox 966 1295 1007 1361; x_wconf 78' lang='lat'>47</span> <span class='ocrx_word' id='word_1_70' title='bbox 1020 1292 1037 1361; x_wconf 82' lang='grc' dir='ltr'><strong>ὁ</strong></span> <span class='ocrx_word' id='word_1_71' title='bbox 1048 1293 1214 1362; x_wconf 81' lang='grc' dir='ltr'><em>Ἀπολλώ-</em></span> 
     </span>
     <span class='ocr_line' id='line_1_10' title="bbox 97 1394 1216 1485; baseline 0 -22"><span class='ocrx_word' id='word_1_72' title='bbox 97 1423 166 1477; x_wconf 84' lang='grc' dir='ltr'><em>πος</em></span> <span class='ocrx_word' id='word_1_73' title='bbox 178 1399 215 1463; x_wconf 71' lang='grc' dir='ltr'>τὸ</span> <span class='ocrx_word' id='word_1_74' title='bbox 227 1397 419 1480; x_wconf 74' lang='grc' dir='ltr'><em>λπκπλωοας</em></span> <span class='ocrx_word' id='word_1_75' title='bbox 431 1396 620 1485; x_wconf 72' lang='grc' dir='ltr'><strong><em>σχηματίζει</em></strong></span> <span class='ocrx_word' id='word_1_76' title='bbox 634 1395 753 1475; x_wconf 77' lang='grc' dir='ltr'><em>οἶῖτως·</em></span> <span class='ocrx_word' id='word_1_77' title='bbox 774 1403 832 1464; x_wconf 81' lang='grc' dir='ltr'>τοῦ</span> <span class='ocrx_word' id='word_1_78' title='bbox 849 1395 1011 1465; x_wconf 76' lang='grc' dir='ltr'><em>έπκπλώω</em></span> <span class='ocrx_word' id='word_1_79' title='bbox 1028 1395 1046 1464; x_wconf 81' lang='grc' dir='ltr'><em>ὃ</em></span> <span class='ocrx_word' id='word_1_80' title='bbox 1060 1394 1216 1483; x_wconf 75' lang='grc' dir='ltr'><strong><em>ἀόριστος</em></strong></span> 
     </span>
     <span class='ocr_line' id='line_1_11' title="bbox 96 1493 1214 1587; baseline -0.001 -19"><span class='ocrx_word' id='word_1_81' title='bbox 96 1500 290 1582; x_wconf 81' lang='grc' dir='ltr'><em>ἒπέπλωσα,</em></span> <span class='ocrx_word' id='word_1_82' title='bbox 315 1496 334 1587; x_wconf 79' lang='grc' dir='ltr'><em>ἡ</em></span> <span class='ocrx_word' id='word_1_83' title='bbox 358 1501 477 1586; x_wconf 63' lang='lat' dir='ltr'>ccccxv)</span> <span class='ocrx_word' id='word_1_84' title='bbox 502 1497 710 1579; x_wconf 77' lang='grc' dir='ltr'><em>ἐπιπλώσας,</em></span> <span class='ocrx_word' id='word_1_85' title='bbox 738 1493 810 1566; x_wconf 79' lang='grc' dir='ltr'>εἶτα</span> <span class='ocrx_word' id='word_1_86' title='bbox 833 1495 990 1586; x_wconf 73' lang='grc' dir='ltr'><em>ιῖποκοπὴ</em></span> <span class='ocrx_word' id='word_1_87' title='bbox 1020 1497 1214 1580; x_wconf 82' lang='grc' dir='ltr'><em>ἐπιπλώς·</em></span> 
     </span>
     <span class='ocr_line' id='line_1_12' title="bbox 97 1599 1213 1685; baseline 0.001 -18"><span class='ocrx_word' id='word_1_88' title='bbox 97 1602 151 1669; x_wconf 83' lang='grc' dir='ltr'>καλ</span> <span class='ocrx_word' id='word_1_89' title='bbox 182 1605 219 1669; x_wconf 81' lang='grc' dir='ltr'>τὸ</span> <span class='ocrx_word' id='word_1_90' title='bbox 243 1600 399 1679; x_wconf 77' lang='grc' dir='ltr'><em>ἐπέπλως</em></span> <span class='ocrx_word' id='word_1_91' title='bbox 422 1599 548 1684; x_wconf 76' lang='grc' dir='ltr'><em>ὁμοίως</em></span> <span class='ocrx_word' id='word_1_92' title='bbox 581 1603 616 1670; x_wconf 76' lang='grc' dir='ltr'>ἐκ</span> <span class='ocrx_word' id='word_1_93' title='bbox 642 1609 702 1669; x_wconf 81' lang='grc' dir='ltr'>τοῦ</span> <span class='ocrx_word' id='word_1_94' title='bbox 725 1601 934 1680; x_wconf 80' lang='grc' dir='ltr'><em>ἐπέπλωοας.</em></span> <span class='ocrx_word' id='word_1_95' title='bbox 979 1602 1027 1667; x_wconf 88' lang='lat' dir='ltr'>De</span> <span class='ocrx_word' id='word_1_96' title='bbox 1048 1603 1213 1685; x_wconf 84' lang='lat' dir='ltr'>participio</span> 
     </span>
     <span class='ocr_line' id='line_1_13' title="bbox 95 1699 1212 1787; baseline 0.002 -18"><span class='ocrx_word' id='word_1_97' title='bbox 95 1704 149 1769; x_wconf 88' lang='lat' dir='ltr'>illo</span> <span class='ocrx_word' id='word_1_98' title='bbox 159 1704 219 1771; x_wconf 81' lang='lat' dir='ltr'>hoc</span> <span class='ocrx_word' id='word_1_99' title='bbox 228 1705 316 1770; x_wconf 84' lang='lat' dir='ltr'>addit</span> <span class='ocrx_word' id='word_1_100' title='bbox 327 1706 476 1787; x_wconf 82' lang='lat' dir='ltr'>amplius:</span> <span class='ocrx_word' id='word_1_101' title='bbox 499 1703 550 1771; x_wconf 78' lang='grc' dir='ltr'>ὅτι</span> <span class='ocrx_word' id='word_1_102' title='bbox 574 1704 611 1772; x_wconf 78' lang='grc' dir='ltr'>δέ</span> <span class='ocrx_word' id='word_1_103' title='bbox 634 1699 694 1771; x_wconf 74' lang='grc' dir='ltr'>οὐκ</span> <span class='ocrx_word' id='word_1_104' title='bbox 716 1703 782 1771; x_wconf 69' lang='grc' dir='ltr'>ἔστι</span> <span class='ocrx_word' id='word_1_105' title='bbox 806 1699 875 1769; x_wconf 79' lang='grc' dir='ltr'><em>ἀπὸ</em></span> <span class='ocrx_word' id='word_1_106' title='bbox 898 1708 954 1769; x_wconf 71' lang='grc' dir='ltr'>τοῦ</span> <span class='ocrx_word' id='word_1_107' title='bbox 978 1704 1127 1786; x_wconf 73' lang='grc' dir='ltr'><em>θέματος</em></span> <span class='ocrx_word' id='word_1_108' title='bbox 1153 1710 1212 1771; x_wconf 82' lang='grc' dir='ltr'>τοῦ</span> 
     </span>
     <span class='ocr_line' id='line_1_14' title="bbox 97 1798 1211 1894; baseline 0.001 -22"><span class='ocrx_word' id='word_1_109' title='bbox 97 1807 223 1889; x_wconf 83' lang='grc' dir='ltr'><em>πλῶμκ,</em></span> <span class='ocrx_word' id='word_1_110' title='bbox 258 1807 358 1892; x_wconf 81' lang='grc' dir='ltr'><em>δῆλον</em></span> <span class='ocrx_word' id='word_1_111' title='bbox 388 1807 422 1873; x_wconf 83' lang='grc' dir='ltr'>ἐκ</span> <span class='ocrx_word' id='word_1_112' title='bbox 446 1815 505 1873; x_wconf 78' lang='grc' dir='ltr'>τοῦ</span> <span class='ocrx_word' id='word_1_113' title='bbox 527 1808 629 1894; x_wconf 79' lang='grc' dir='ltr'><em>μηδὲν</em></span> <span class='ocrx_word' id='word_1_114' title='bbox 652 1798 737 1872; x_wconf 76' lang='grc' dir='ltr'><strong><em>εἶναι</em></strong></span> <span class='ocrx_word' id='word_1_115' title='bbox 766 1803 901 1885; x_wconf 78' lang='grc' dir='ltr'><em>ιῦςᾶπὸ</em></span> <span class='ocrx_word' id='word_1_116' title='bbox 937 1813 1000 1872; x_wconf 74' lang='grc' dir='ltr'>τῶν</span> <span class='ocrx_word' id='word_1_117' title='bbox 1033 1803 1080 1884; x_wconf 80' lang='grc' dir='ltr'>εἰς</span> <span class='ocrx_word' id='word_1_118' title='bbox 1100 1811 1137 1890; x_wconf 57' lang='lat' dir='ltr'>[a]</span> <span class='ocrx_word' id='word_1_119' title='bbox 1161 1807 1211 1873; x_wconf 85' lang='grc' dir='ltr'>κέ-</span> 
     </span>
     <span class='ocr_line' id='line_1_15' title="bbox 95 1899 1209 1996; baseline 0.001 -23"><span class='ocrx_word' id='word_1_120' title='bbox 95 1933 181 1996; x_wconf 78' lang='grc' dir='ltr'><em>κημα</em></span> <span class='ocrx_word' id='word_1_121' title='bbox 205 1947 241 1956; x_wconf 94' lang='grc'><strong>-</strong></span> <span class='ocrx_word' id='word_1_122' title='bbox 278 1907 346 1975; x_wconf 80' lang='grc' dir='ltr'><em>ἔδει</em></span> <span class='ocrx_word' id='word_1_123' title='bbox 371 1909 407 1976; x_wconf 82' lang='grc' dir='ltr'>δέ</span> <span class='ocrx_word' id='word_1_124' title='bbox 441 1910 495 1975; x_wconf 83' lang='grc' dir='ltr'>καὶ</span> <span class='ocrx_word' id='word_1_125' title='bbox 518 1904 684 1986; x_wconf 71' lang='grc' dir='ltr'><em>ἐπιπλοένς</em></span> <span class='ocrx_word' id='word_1_126' title='bbox 705 1899 789 1975; x_wconf 85' lang='grc' dir='ltr'><strong><em>εἶναι</em></strong></span> <span class='ocrx_word' id='word_1_127' title='bbox 825 1903 870 1984; x_wconf 83' lang='grc' dir='ltr'>ὡς</span> <span class='ocrx_word' id='word_1_128' title='bbox 901 1905 993 1988; x_wconf 80' lang='grc' dir='ltr'><em>βωές</em></span> <span class='ocrx_word' id='word_1_129' title='bbox 1026 1909 1080 1975; x_wconf 77' lang='grc' dir='ltr'>καὶ</span> <span class='ocrx_word' id='word_1_130' title='bbox 1104 1905 1209 1993; x_wconf 73' lang='grc' dir='ltr'><em>γιοῦς,</em></span> 
     </span>
     <span class='ocr_line' id='line_1_16' title="bbox 95 2006 1209 2095; baseline -0.001 -18"><span class='ocrx_word' id='word_1_131' title='bbox 95 2030 157 2094; x_wconf 92' lang='lat' dir='ltr'>quo</span> <span class='ocrx_word' id='word_1_132' title='bbox 179 2010 417 2078; x_wconf 89' lang='lat' dir='ltr'>artificio-idem</span> <span class='ocrx_word' id='word_1_133' title='bbox 440 2013 479 2077; x_wconf 87' lang='lat' dir='ltr'>de</span> <span class='ocrx_word' id='word_1_134' title='bbox 500 2012 593 2078; x_wconf 87' lang='lat' dir='ltr'><strong>Pron.</strong></span> <span class='ocrx_word' id='word_1_135' title='bbox 618 2012 678 2078; x_wconf 76' lang='lat'>¹13</span> <span class='ocrx_word' id='word_1_136' title='bbox 705 2011 905 2092; x_wconf 82' lang='lat' dir='ltr'>participium</span> <span class='ocrx_word' id='word_1_137' title='bbox 927 2006 1051 2095; x_wconf 77' lang='grc' dir='ltr'><em>γηράς</em></span> <span class='ocrx_word' id='word_1_138' title='bbox 1073 2011 1209 2076; x_wconf 87' lang='lat' dir='ltr'>enodare</span> 
     </span>
     <span class='ocr_line' id='line_1_17' title="bbox 96 2111 1210 2196; baseline -0.001 -19"><span class='ocrx_word' id='word_1_139' title='bbox 96 2118 234 2178; x_wconf 87' lang='lat' dir='ltr'>conatur.</span> <span class='ocrx_word' id='word_1_140' title='bbox 279 2112 327 2191; x_wconf 89' lang='lat' dir='ltr'>De</span> <span class='ocrx_word' id='word_1_141' title='bbox 348 2119 483 2195; x_wconf 85' lang='lat' dir='ltr'>utroque</span> <span class='ocrx_word' id='word_1_142' title='bbox 505 2133 586 2196; x_wconf 88' lang='lat' dir='ltr'>quae</span> <span class='ocrx_word' id='word_1_143' title='bbox 615 2113 677 2178; x_wconf 86' lang='lat' dir='ltr'>dici</span> <span class='ocrx_word' id='word_1_144' title='bbox 698 2117 844 2193; x_wconf 84' lang='lat' dir='ltr'>possunt,</span> <span class='ocrx_word' id='word_1_145' title='bbox 872 2112 1001 2192; x_wconf 86' lang='lat' dir='ltr'>exposui</span> <span class='ocrx_word' id='word_1_146' title='bbox 1034 2113 1066 2177; x_wconf 92' lang='lat' dir='ltr'>in</span> <span class='ocrx_word' id='word_1_147' title='bbox 1088 2111 1210 2177; x_wconf 89' lang='lat' dir='ltr'>Pathol.</span> 
     </span>
     <span class='ocr_line' id='line_1_18' title="bbox 13 2214 479 2298; baseline 0 -18"><span class='ocrx_word' id='word_1_148' title='bbox 13 2260 19 2271; x_wconf 38' lang='lat' dir='ltr'>f</span> <span class='ocrx_word' id='word_1_149' title='bbox 95 2215 227 2282; x_wconf 86' lang='lat' dir='ltr'>Elemm.</span> <span class='ocrx_word' id='word_1_150' title='bbox 251 2215 285 2280; x_wconf 88' lang='lat' dir='ltr'>T.</span> <span class='ocrx_word' id='word_1_151' title='bbox 309 2214 409 2281; x_wconf 83' lang='lat'>1383</span> <span class='ocrx_word' id='word_1_152' title='bbox 432 2234 479 2298; x_wconf 89' lang='lat' dir='ltr'>sq.</span> 
     </span>
    </p>
   </div>
   <div class='ocr_carea' id='block_1_3' title="bbox 179 2313 1334 2401">
    <p class='ocr_par' dir='ltr' id='par_1_4' title="bbox 179 2313 1334 2401">
     <span class='ocr_line' id='line_1_19' title="bbox 179 2313 1334 2401; baseline 0.002 -17"><span class='ocrx_word' id='word_1_153' title='bbox 179 2318 303 2384; x_wconf 89' lang='lat' dir='ltr'>Eadem</span> <span class='ocrx_word' id='word_1_154' title='bbox 337 2319 545 2401; x_wconf 88' lang='lat' dir='ltr'>corruptionis</span> <span class='ocrx_word' id='word_1_155' title='bbox 579 2317 714 2398; x_wconf 91' lang='lat' dir='ltr'>suspicio</span> <span class='ocrx_word' id='word_1_156' title='bbox 748 2313 858 2380; x_wconf 85' lang='lat' dir='ltr'>afflata</span> <span class='ocrx_word' id='word_1_157' title='bbox 895 2320 945 2379; x_wconf 88' lang='lat' dir='ltr'>est</span> <span class='ocrx_word' id='word_1_158' title='bbox 976 2315 1078 2380; x_wconf 89' lang='lat' dir='ltr'>tribus</span> <span class='ocrx_word' id='word_1_159' title='bbox 1110 2316 1212 2382; x_wconf 87' lang='lat' dir='ltr'>modis</span> <span class='ocrx_word' id='word_1_160' title='bbox 1332 2382 1334 2386; x_wconf 74' lang='grc'><em>,</em></span> 
     </span>
    </p>
   </div>
   <div class='ocr_carea' id='block_1_4' title="bbox 92 2415 1295 4342">
    <p class='ocr_par' dir='ltr' id='par_1_5' title="bbox 92 2415 1295 4342">
     <span class='ocr_line' id='line_1_20' title="bbox 94 2415 1254 2504; baseline -0.001 -18"><span class='ocrx_word' id='word_1_161' title='bbox 94 2421 237 2503; x_wconf 83' lang='lat' dir='ltr'>obliquis.</span> <span class='ocrx_word' id='word_1_162' title='bbox 268 2420 409 2487; x_wconf 91' lang='lat' dir='ltr'>Primum</span> <span class='ocrx_word' id='word_1_163' title='bbox 424 2421 610 2503; x_wconf 87' lang='lat' dir='ltr'>imperativo</span> <span class='ocrx_word' id='word_1_164' title='bbox 621 2418 709 2485; x_wconf 84' lang='lat' dir='ltr'>verbi</span> <span class='ocrx_word' id='word_1_165' title='bbox 729 2415 852 2504; x_wconf 75' lang='grc' dir='ltr'>ἵστημι,</span> <span class='ocrx_word' id='word_1_166' title='bbox 876 2417 965 2482; x_wconf 86' lang='lat' dir='ltr'>cuius</span> <span class='ocrx_word' id='word_1_167' title='bbox 988 2419 1069 2484; x_wconf 87' lang='lat' dir='ltr'>duae</span> <span class='ocrx_word' id='word_1_168' title='bbox 1091 2418 1211 2485; x_wconf 87' lang='lat' dir='ltr'>formae</span> <span class='ocrx_word' id='word_1_169' title='bbox 1252 2490 1254 2494; x_wconf 52' lang='grc'><em>,</em></span> 
     </span>
     <span class='ocr_line' id='line_1_21' title="bbox 93 2514 1212 2605; baseline -0.002 -16"><span class='ocrx_word' id='word_1_170' title='bbox 93 2523 361 2605; x_wconf 84' lang='lat' dir='ltr'>discordesapud</span> <span class='ocrx_word' id='word_1_171' title='bbox 382 2523 554 2588; x_wconf 85' lang='lat' dir='ltr'>Homerum</span> <span class='ocrx_word' id='word_1_172' title='bbox 576 2525 700 2600; x_wconf 81' lang='lat' dir='ltr'>extant,</span> <span class='ocrx_word' id='word_1_173' title='bbox 734 2514 911 2584; x_wconf 75' lang='grc' dir='ltr'><strong><em>καθίστα</em></strong></span> <span class='ocrx_word' id='word_1_174' title='bbox 937 2520 971 2584; x_wconf 93' lang='lat' dir='ltr'>in</span> <span class='ocrx_word' id='word_1_175' title='bbox 993 2522 1079 2587; x_wconf 82' lang='lat' dir='ltr'>exitu</span> <span class='ocrx_word' id='word_1_176' title='bbox 1101 2540 1212 2588; x_wconf 89' lang='lat' dir='ltr'>versus</span> 
     </span>
     <span class='ocr_line' id='line_1_22' title="bbox 92 2620 1211 2712; baseline -0.001 -21"><span class='ocrx_word' id='word_1_177' title='bbox 92 2627 128 2691; x_wconf 90' lang='lat' dir='ltr'>ll.</span> <span class='ocrx_word' id='word_1_178' title='bbox 151 2624 198 2690; x_wconf 88' lang='lat' dir='ltr'>IX</span> <span class='ocrx_word' id='word_1_179' title='bbox 212 2626 275 2691; x_wconf 77' lang='lat'>202</span> <span class='ocrx_word' id='word_1_180' title='bbox 298 2632 331 2692; x_wconf 90' lang='lat' dir='ltr'>et</span> <span class='ocrx_word' id='word_1_181' title='bbox 350 2623 444 2712; x_wconf 74' lang='grc' dir='ltr'>ἵστη</span> <span class='ocrx_word' id='word_1_182' title='bbox 465 2620 628 2703; x_wconf 78' lang='grc' dir='ltr'>ΧΧ1313,</span> <span class='ocrx_word' id='word_1_183' title='bbox 650 2621 704 2687; x_wconf 93' lang='lat' dir='ltr'>ubi</span> <span class='ocrx_word' id='word_1_184' title='bbox 727 2620 865 2702; x_wconf 85' lang='lat' dir='ltr'>spondeo</span> <span class='ocrx_word' id='word_1_185' title='bbox 887 2639 967 2703; x_wconf 90' lang='lat' dir='ltr'>opus</span> <span class='ocrx_word' id='word_1_186' title='bbox 989 2629 1047 2688; x_wconf 88' lang='lat' dir='ltr'>est</span> <span class='ocrx_word' id='word_1_187' title='bbox 1087 2623 1135 2690; x_wconf 89' lang='lat' dir='ltr'>De</span> <span class='ocrx_word' id='word_1_188' title='bbox 1157 2624 1211 2690; x_wconf 92' lang='lat' dir='ltr'>illo</span> 
     </span>
     <span class='ocr_line' id='line_1_23' title="bbox 94 2718 1212 2810; baseline -0.002 -17"><span class='ocrx_word' id='word_1_189' title='bbox 94 2727 239 2793; x_wconf 69' lang='lat' dir='ltr'>adbold</span> <span class='ocrx_word' id='word_1_190' title='bbox 268 2729 313 2794; x_wconf 82' lang='lat' dir='ltr'>sic</span> <span class='ocrx_word' id='word_1_191' title='bbox 338 2727 492 2809; x_wconf 86' lang='lat' dir='ltr'>loquitur:</span> <span class='ocrx_word' id='word_1_192' title='bbox 526 2720 571 2804; x_wconf 80' lang='grc' dir='ltr'>ὡς</span> <span class='ocrx_word' id='word_1_193' title='bbox 598 2718 781 2790; x_wconf 64' lang='lat' dir='ltr'>sublucare</span> <span class='ocrx_word' id='word_1_194' title='bbox 808 2724 846 2788; x_wconf 83' lang='grc' dir='ltr'>τὸ</span> <span class='ocrx_word' id='word_1_195' title='bbox 871 2725 994 2809; x_wconf 75' lang='grc' dir='ltr'><em>πλῆρες</em></span> <span class='ocrx_word' id='word_1_196' title='bbox 1027 2727 1084 2810; x_wconf 87' lang='lat' dir='ltr'>(sc.</span> <span class='ocrx_word' id='word_1_197' title='bbox 1105 2726 1212 2810; x_wconf 73' lang='grc' dir='ltr'><em>βραχὺ</em></span> 
     </span>
     <span class='ocr_line' id='line_1_24' title="bbox 94 2823 1211 2914; baseline -0.004 -17"><span class='ocrx_word' id='word_1_198' title='bbox 94 2830 158 2914; x_wconf 81' lang='grc' dir='ltr'>ἔχω</span> <span class='ocrx_word' id='word_1_199' title='bbox 182 2829 219 2894; x_wconf 84' lang='grc' dir='ltr'>τὸ</span> <span class='ocrx_word' id='word_1_200' title='bbox 244 2829 293 2912; x_wconf 66' lang='grc' dir='ltr'>ἆ),</span> <span class='ocrx_word' id='word_1_201' title='bbox 317 2826 422 2906; x_wconf 78' lang='grc' dir='ltr'><em>οὕτως</em></span> <span class='ocrx_word' id='word_1_202' title='bbox 440 2828 495 2893; x_wconf 81' lang='grc' dir='ltr'>καὶ</span> <span class='ocrx_word' id='word_1_203' title='bbox 519 2827 575 2894; x_wconf 73' lang='grc' dir='ltr'><em>ἐπὶ</em></span> <span class='ocrx_word' id='word_1_204' title='bbox 598 2831 656 2913; x_wconf 76' lang='grc' dir='ltr'>τῆς</span> <span class='ocrx_word' id='word_1_205' title='bbox 678 2823 872 2913; x_wconf 79' lang='grc' dir='ltr'><em>ἀποκοπῆς·</em></span> <span class='ocrx_word' id='word_1_206' title='bbox 906 2824 969 2893; x_wconf 76' lang='grc' dir='ltr'><strong><em>εἶσὶ</em></strong></span> <span class='ocrx_word' id='word_1_207' title='bbox 993 2828 1030 2895; x_wconf 78' lang='grc' dir='ltr'>δέ</span> <span class='ocrx_word' id='word_1_208' title='bbox 1054 2825 1091 2894; x_wconf 74' lang='grc' dir='ltr'>οἳ</span> <span class='ocrx_word' id='word_1_209' title='bbox 1113 2828 1211 2894; x_wconf 72' lang='grc' dir='ltr'><em>ἐκτελ-</em></span> 
     </span>
     <span class='ocr_line' id='line_1_25' title="bbox 94 2925 1211 3013; baseline 0 -18"><span class='ocrx_word' id='word_1_210' title='bbox 94 2957 203 2998; x_wconf 85' lang='grc' dir='ltr'><em>κοοοικ</em></span> <span class='ocrx_word' id='word_1_211' title='bbox 237 2928 273 2997; x_wconf 80' lang='grc' dir='ltr'>έκ</span> <span class='ocrx_word' id='word_1_212' title='bbox 306 2937 364 2995; x_wconf 76' lang='grc' dir='ltr'>τοῦ</span> <span class='ocrx_word' id='word_1_213' title='bbox 393 2926 472 2996; x_wconf 63' lang='lat' dir='ltr'>locui</span> <span class='ocrx_word' id='word_1_214' title='bbox 506 2930 563 3012; x_wconf 80' lang='grc' dir='ltr'>τὴν</span> <span class='ocrx_word' id='word_1_215' title='bbox 592 2927 697 2993; x_wconf 84' lang='grc' dir='ltr'><em>κλέοω</em></span> <span class='ocrx_word' id='word_1_216' title='bbox 719 2925 1049 3013; x_wconf 75' lang='grc' dir='ltr'><em>παραλαμβάνοντος.</em></span> <span class='ocrx_word' id='word_1_217' title='bbox 1094 2930 1156 2995; x_wconf 81' lang='lat' dir='ltr'>Alii</span> <span class='ocrx_word' id='word_1_218' title='bbox 1177 2932 1211 2995; x_wconf 89' lang='lat' dir='ltr'>in</span> 
     </span>
     <span class='ocr_line' id='line_1_26' title="bbox 94 3029 1212 3113; baseline -0.003 -12"><span class='ocrx_word' id='word_1_219' title='bbox 94 3035 166 3101; x_wconf 87' lang='lat' dir='ltr'>EM.</span> <span class='ocrx_word' id='word_1_220' title='bbox 189 3032 261 3100; x_wconf 82' lang='grc'><strong>477.</strong></span> <span class='ocrx_word' id='word_1_221' title='bbox 285 3031 326 3098; x_wconf 86' lang='grc'>56</span> <span class='ocrx_word' id='word_1_222' title='bbox 354 3037 523 3113; x_wconf 88' lang='lat' dir='ltr'>utrumque</span> <span class='ocrx_word' id='word_1_223' title='bbox 546 3029 674 3111; x_wconf 88' lang='lat' dir='ltr'>quidem</span> <span class='ocrx_word' id='word_1_224' title='bbox 695 3046 852 3110; x_wconf 87' lang='lat' dir='ltr'>apocopae</span> <span class='ocrx_word' id='word_1_225' title='bbox 861 3029 1069 3110; x_wconf 73' lang='lat' dir='ltr'>subiectum,</span> <span class='ocrx_word' id='word_1_226' title='bbox 1104 3033 1160 3097; x_wconf 86' lang='lat' dir='ltr'>sed</span> <span class='ocrx_word' id='word_1_227' title='bbox 1192 3051 1212 3097; x_wconf 91' lang='lat' dir='ltr'>a</span> 
     </span>
     <span class='ocr_line' id='line_1_27' title="bbox 95 3127 1210 3218; baseline -0.004 -15"><span class='ocrx_word' id='word_1_228' title='bbox 95 3138 219 3203; x_wconf 85' lang='lat' dir='ltr'>diverso</span> <span class='ocrx_word' id='word_1_229' title='bbox 246 3136 400 3218; x_wconf 89' lang='lat' dir='ltr'>principio</span> <span class='ocrx_word' id='word_1_230' title='bbox 426 3133 601 3216; x_wconf 86' lang='lat' dir='ltr'>profectum</span> <span class='ocrx_word' id='word_1_231' title='bbox 630 3131 752 3196; x_wconf 81' lang='lat' dir='ltr'>dcunt:</span> <span class='ocrx_word' id='word_1_232' title='bbox 786 3127 819 3196; x_wconf 78' lang='lat' dir='ltr'>oi</span> <span class='ocrx_word' id='word_1_233' title='bbox 851 3130 911 3211; x_wconf 79' lang='grc' dir='ltr'>μέν</span> <span class='ocrx_word' id='word_1_234' title='bbox 947 3127 1117 3216; x_wconf 64' lang='grc' dir='ltr'><em>λέγουσιν,</em></span> <span class='ocrx_word' id='word_1_235' title='bbox 1147 3131 1210 3217; x_wconf 75' lang='grc' dir='ltr'>ὅτι,</span> 
     </span>
     <span class='ocr_line' id='line_1_28' title="bbox 94 3227 1211 3323; baseline -0.004 -19"><span class='ocrx_word' id='word_1_236' title='bbox 94 3238 174 3305; x_wconf 77' lang='grc' dir='ltr'>ὅταν</span> <span class='ocrx_word' id='word_1_237' title='bbox 196 3233 358 3323; x_wconf 79' lang='grc' dir='ltr'><em>ἆποκοπή</em></span> <span class='ocrx_word' id='word_1_238' title='bbox 380 3237 512 3322; x_wconf 75' lang='grc' dir='ltr'><em>γένηται</em></span> <span class='ocrx_word' id='word_1_239' title='bbox 534 3237 598 3299; x_wconf 76' lang='grc' dir='ltr'>τῶν</span> <span class='ocrx_word' id='word_1_240' title='bbox 620 3227 669 3311; x_wconf 74' lang='grc' dir='ltr'>εἷς</span> <span class='ocrx_word' id='word_1_241' title='bbox 691 3235 721 3303; x_wconf 64' lang='lat' dir='ltr'>a]</span> <span class='ocrx_word' id='word_1_242' title='bbox 745 3237 1003 3317; x_wconf 79' lang='grc' dir='ltr'><em>προστακτικῶν,</em></span> <span class='ocrx_word' id='word_1_243' title='bbox 1028 3233 1211 3320; x_wconf 79' lang='grc' dir='ltr'><em>έπαὺξησις</em></span> 
     </span>
     <span class='ocr_line' id='line_1_29' title="bbox 96 3329 1211 3421; baseline -0.004 -14"><span class='ocrx_word' id='word_1_244' title='bbox 96 3339 281 3407; x_wconf 76' lang='grc' dir='ltr'><em>ἀκολουθεῖ</em></span> <span class='ocrx_word' id='word_1_245' title='bbox 303 3335 347 3416; x_wconf 81' lang='grc' dir='ltr'>ὡς</span> <span class='ocrx_word' id='word_1_246' title='bbox 367 3336 486 3405; x_wconf 58' lang='lat' dir='ltr'>tora&amp;</span> <span class='ocrx_word' id='word_1_247' title='bbox 521 3335 572 3402; x_wconf 82' lang='grc' dir='ltr'>καὶ</span> <span class='ocrx_word' id='word_1_248' title='bbox 597 3337 680 3400; x_wconf 82' lang='grc' dir='ltr'><em>κατὰ</em></span> <span class='ocrx_word' id='word_1_249' title='bbox 704 3329 882 3421; x_wconf 74' lang='grc' dir='ltr'><em>ἀποκοπὴν</em></span> <span class='ocrx_word' id='word_1_250' title='bbox 903 3333 978 3401; x_wconf 75' lang='grc' dir='ltr'>ἵστα</span> <span class='ocrx_word' id='word_1_251' title='bbox 1003 3336 1058 3403; x_wconf 86' lang='grc' dir='ltr'>καὶ</span> <span class='ocrx_word' id='word_1_252' title='bbox 1081 3336 1211 3403; x_wconf 70' lang='grc' dir='ltr'><em>ἐκτάσει</em></span> 
     </span>
     <span class='ocr_line' id='line_1_30' title="bbox 92 3435 1211 3530; baseline -0.006 -19"><span class='ocrx_word' id='word_1_253' title='bbox 92 3441 176 3530; x_wconf 73' lang='lat' dir='ltr'>l&#39;orq.</span> <span class='ocrx_word' id='word_1_254' title='bbox 220 3443 289 3508; x_wconf 88' lang='lat' dir='ltr'>Hoc</span> <span class='ocrx_word' id='word_1_255' title='bbox 309 3439 506 3528; x_wconf 69' lang='lat' dir='ltr'>turpantem</span> <span class='ocrx_word' id='word_1_256' title='bbox 528 3439 727 3504; x_wconf 85' lang='lat' dir='ltr'>Herodianus</span> <span class='ocrx_word' id='word_1_257' title='bbox 749 3439 769 3504; x_wconf 91' lang='lat' dir='ltr'>l.</span> <span class='ocrx_word' id='word_1_258' title='bbox 793 3457 817 3504; x_wconf 90' lang='lat' dir='ltr'>c.</span> <span class='ocrx_word' id='word_1_259' title='bbox 840 3457 911 3504; x_wconf 90' lang='lat' dir='ltr'>cum</span> <span class='ocrx_word' id='word_1_260' title='bbox 933 3439 1047 3504; x_wconf 87' lang='lat' dir='ltr'>Dorico</span> <span class='ocrx_word' id='word_1_261' title='bbox 1070 3435 1129 3524; x_wconf 75' lang='grc' dir='ltr'>ὅρη</span> <span class='ocrx_word' id='word_1_262' title='bbox 1153 3444 1211 3504; x_wconf 88' lang='lat' dir='ltr'>etc.</span> 
     </span>
     <span class='ocr_line' id='line_1_31' title="bbox 94 3537 1220 3629; baseline -0.004 -18"><span class='ocrx_word' id='word_1_263' title='bbox 94 3544 223 3626; x_wconf 78' lang='lat' dir='ltr'>confert,</span> <span class='ocrx_word' id='word_1_264' title='bbox 246 3561 304 3609; x_wconf 86' lang='lat' dir='ltr'>nec</span> <span class='ocrx_word' id='word_1_265' title='bbox 326 3550 446 3622; x_wconf 69' lang='lat' dir='ltr'>tamem</span> <span class='ocrx_word' id='word_1_266' title='bbox 470 3548 506 3608; x_wconf 90' lang='lat' dir='ltr'>ut</span> <span class='ocrx_word' id='word_1_267' title='bbox 527 3541 672 3624; x_wconf 90' lang='lat' dir='ltr'>equidem</span> <span class='ocrx_word' id='word_1_268' title='bbox 695 3544 785 3622; x_wconf 89' lang='lat' dir='ltr'>puto,</span> <span class='ocrx_word' id='word_1_269' title='bbox 809 3541 939 3606; x_wconf 91' lang='lat' dir='ltr'>verbum</span> <span class='ocrx_word' id='word_1_270' title='bbox 962 3537 1055 3629; x_wconf 73' lang='grc' dir='ltr'>ἱστᾲν</span> <span class='ocrx_word' id='word_1_271' title='bbox 1070 3541 1220 3606; x_wconf 69' lang='lat' dir='ltr'>Homero·</span> 
     </span>
     <span class='ocr_line' id='line_1_32' title="bbox 94 3643 1210 3733; baseline -0.004 -20"><span class='ocrx_word' id='word_1_272' title='bbox 94 3649 214 3727; x_wconf 82' lang='lat' dir='ltr'>tribuit,</span> <span class='ocrx_word' id='word_1_273' title='bbox 238 3647 296 3713; x_wconf 93' lang='lat' dir='ltr'>sed</span> <span class='ocrx_word' id='word_1_274' title='bbox 317 3647 537 3728; x_wconf 83' lang='lat' dir='ltr'>imperativum</span> <span class='ocrx_word' id='word_1_275' title='bbox 559 3644 661 3709; x_wconf 90' lang='lat' dir='ltr'>solum</span> <span class='ocrx_word' id='word_1_276' title='bbox 684 3643 724 3707; x_wconf 87' lang='lat' dir='ltr'>ad</span> <span class='ocrx_word' id='word_1_277' title='bbox 739 3643 876 3725; x_wconf 91' lang='lat' dir='ltr'>speciem</span> <span class='ocrx_word' id='word_1_278' title='bbox 898 3644 966 3709; x_wconf 93' lang='lat' dir='ltr'>eius</span> <span class='ocrx_word' id='word_1_279' title='bbox 989 3644 1093 3709; x_wconf 84' lang='lat' dir='ltr'>animo</span> <span class='ocrx_word' id='word_1_280' title='bbox 1114 3643 1210 3733; x_wconf 86' lang='lat' dir='ltr'>infor·</span> 
     </span>
     <span class='ocr_line' id='line_1_33' title="bbox 94 3745 1210 3830; baseline -0.004 -15"><span class='ocrx_word' id='word_1_281' title='bbox 94 3755 214 3815; x_wconf 90' lang='lat' dir='ltr'>matam</span> <span class='ocrx_word' id='word_1_282' title='bbox 235 3749 481 3830; x_wconf 80' lang='lat' dir='ltr'>transmigrasse</span> <span class='ocrx_word' id='word_1_283' title='bbox 503 3747 617 3813; x_wconf 89' lang='lat' dir='ltr'>sumsit</span> <span class='ocrx_word' id='word_1_284' title='bbox 637 3745 858 3810; x_wconf 91' lang='lat' dir='ltr'>terminatione</span> <span class='ocrx_word' id='word_1_285' title='bbox 879 3747 1007 3827; x_wconf 85' lang='lat' dir='ltr'>propria</span> <span class='ocrx_word' id='word_1_286' title='bbox 1029 3746 1121 3812; x_wconf 89' lang='lat' dir='ltr'>modo</span> <span class='ocrx_word' id='word_1_287' title='bbox 1144 3765 1210 3812; x_wconf 91' lang='lat' dir='ltr'>ser-</span> 
     </span>
     <span class='ocr_line' id='line_1_34' title="bbox 93 3846 1210 3936; baseline -0.003 -21"><span class='ocrx_word' id='word_1_288' title='bbox 93 3857 180 3917; x_wconf 87' lang='lat' dir='ltr'>vata:</span> <span class='ocrx_word' id='word_1_289' title='bbox 204 3849 364 3930; x_wconf 73' lang='grc' dir='ltr'>καθίστα,</span> <span class='ocrx_word' id='word_1_290' title='bbox 387 3851 480 3915; x_wconf 91' lang='lat' dir='ltr'>modo</span> <span class='ocrx_word' id='word_1_291' title='bbox 501 3851 534 3915; x_wconf 91' lang='lat' dir='ltr'>in</span> <span class='ocrx_word' id='word_1_292' title='bbox 556 3848 703 3914; x_wconf 90' lang='lat' dir='ltr'>Doricam</span> <span class='ocrx_word' id='word_1_293' title='bbox 726 3864 890 3913; x_wconf 86' lang='lat' dir='ltr'>conversa:</span> <span class='ocrx_word' id='word_1_294' title='bbox 912 3846 997 3936; x_wconf 68' lang='grc' dir='ltr'><em>ἵστη.</em></span> <span class='ocrx_word' id='word_1_295' title='bbox 1033 3850 1136 3929; x_wconf 83' lang='lat' dir='ltr'>Atque</span> <span class='ocrx_word' id='word_1_296' title='bbox 1159 3848 1210 3913; x_wconf 88' lang='lat' dir='ltr'>hic</span> 
     </span>
     <span class='ocr_line' id='line_1_35' title="bbox 95 3946 1211 4034; baseline -0.003 -17"><span class='ocrx_word' id='word_1_297' title='bbox 95 3953 321 4034; x_wconf 87' lang='lat' dir='ltr'>metaplasmus</span> <span class='ocrx_word' id='word_1_298' title='bbox 355 3951 432 4016; x_wconf 91' lang='lat' dir='ltr'>mihi</span> <span class='ocrx_word' id='word_1_299' title='bbox 459 3951 649 4033; x_wconf 89' lang='lat' dir='ltr'>probabilior</span> <span class='ocrx_word' id='word_1_300' title='bbox 682 3949 807 4014; x_wconf 83' lang='lat' dir='ltr'>videtur</span> <span class='ocrx_word' id='word_1_301' title='bbox 840 3969 934 4031; x_wconf 89' lang='lat' dir='ltr'>quam</span> <span class='ocrx_word' id='word_1_302' title='bbox 964 3967 1101 4030; x_wconf 88' lang='lat' dir='ltr'>apocope</span> <span class='ocrx_word' id='word_1_303' title='bbox 1124 3946 1211 4014; x_wconf 91' lang='lat' dir='ltr'>verbi</span> 
     </span>
     <span class='ocr_line' id='line_1_36' title="bbox 94 4051 1211 4146; baseline -0.005 -25"><span class='ocrx_word' id='word_1_304' title='bbox 94 4052 227 4133; x_wconf 76' lang='grc' dir='ltr'><em>ἶσιάιω,</em></span> <span class='ocrx_word' id='word_1_305' title='bbox 250 4055 334 4135; x_wconf 92' lang='lat' dir='ltr'>quod</span> <span class='ocrx_word' id='word_1_306' title='bbox 356 4054 410 4119; x_wconf 91' lang='lat' dir='ltr'>diu</span> <span class='ocrx_word' id='word_1_307' title='bbox 433 4058 506 4146; x_wconf 88' lang='lat' dir='ltr'>post</span> <span class='ocrx_word' id='word_1_308' title='bbox 515 4053 689 4120; x_wconf 88' lang='lat' dir='ltr'>Homerum</span> <span class='ocrx_word' id='word_1_309' title='bbox 711 4052 848 4131; x_wconf 86' lang='lat' dir='ltr'>inolevit,</span> <span class='ocrx_word' id='word_1_310' title='bbox 871 4053 945 4117; x_wconf 85' lang='lat' dir='ltr'>licet</span> <span class='ocrx_word' id='word_1_311' title='bbox 967 4052 1021 4115; x_wconf 87' lang='lat' dir='ltr'>illa</span> <span class='ocrx_word' id='word_1_312' title='bbox 1037 4051 1211 4115; x_wconf 88' lang='lat' dir='ltr'>Thierschii</span> 
     </span>
     <span class='ocr_line' id='line_1_37' title="bbox 95 4144 1295 4240; baseline -0.004 -17"><span class='ocrx_word' id='word_1_313' title='bbox 95 4157 243 4240; x_wconf 86' lang='lat' dir='ltr'>suffragio</span> <span class='ocrx_word' id='word_1_314' title='bbox 278 4158 495 4223; x_wconf 87' lang='lat' dir='ltr'>commendata</span> <span class='ocrx_word' id='word_1_315' title='bbox 528 4157 570 4222; x_wconf 91' lang='lat' dir='ltr'>sit</span> <span class='ocrx_word' id='word_1_316' title='bbox 602 4174 731 4238; x_wconf 84' lang='lat' dir='ltr'>gramm</span> <span class='ocrx_word' id='word_1_317' title='bbox 766 4152 869 4238; x_wconf 76' lang='lat'>§223</span> <span class='ocrx_word' id='word_1_318' title='bbox 892 4172 921 4234; x_wconf 88' lang='lat' dir='ltr'>p.</span> <span class='ocrx_word' id='word_1_319' title='bbox 945 4151 1016 4217; x_wconf 86' lang='grc'><strong>336.</strong></span> <span class='ocrx_word' id='word_1_320' title='bbox 1034 4188 1069 4198; x_wconf 95' lang='grc'><strong>-</strong></span> <span class='ocrx_word' id='word_1_321' title='bbox 1089 4152 1209 4218; x_wconf 89' lang='lat' dir='ltr'>Eodem</span> <span class='ocrx_word' id='word_1_322' title='bbox 1289 4144 1295 4161; x_wconf 87' lang='lat'><em>&#39;</em></span> 
     </span>
     <span class='ocr_line' id='line_1_38' title="bbox 95 4254 1209 4342; baseline -0.008 -16"><span class='ocrx_word' id='word_1_323' title='bbox 95 4260 318 4342; x_wconf 89' lang='lat' dir='ltr'>Moschopulus</span> <span class='ocrx_word' id='word_1_324' title='bbox 340 4263 374 4326; x_wconf 92' lang='lat' dir='ltr'>in</span> <span class='ocrx_word' id='word_1_325' title='bbox 388 4261 502 4326; x_wconf 83' lang='lat' dir='ltr'>Anecd.</span> <span class='ocrx_word' id='word_1_326' title='bbox 516 4258 710 4324; x_wconf 83' lang='lat' dir='ltr'>Bachmanui</span> <span class='ocrx_word' id='word_1_327' title='bbox 722 4257 755 4321; x_wconf 92' lang='lat' dir='ltr'>T.</span> <span class='ocrx_word' id='word_1_328' title='bbox 769 4255 801 4321; x_wconf 89' lang='lat' dir='ltr'>ll</span> <span class='ocrx_word' id='word_1_329' title='bbox 815 4254 886 4320; x_wconf 80' lang='lat'>381.</span> <span class='ocrx_word' id='word_1_330' title='bbox 899 4255 940 4319; x_wconf 88' lang='lat'>30</span> <span class='ocrx_word' id='word_1_331' title='bbox 962 4259 1090 4319; x_wconf 84' lang='lat' dir='ltr'>revocat</span> <span class='ocrx_word' id='word_1_332' title='bbox 1112 4255 1209 4335; x_wconf 91' lang='lat' dir='ltr'>impe-</span> 
     </span>
    </p>
   </div>
   <div class='ocr_carea' id='block_1_5' title="bbox 93 4352 1210 4447">
    <p class='ocr_par' dir='ltr' id='par_1_6' title="bbox 93 4352 1210 4447">
     <span class='ocr_line' id='line_1_39' title="bbox 93 4352 1210 4447; baseline -0.005 -17"><span class='ocrx_word' id='word_1_333' title='bbox 93 4352 473 4446; x_wconf 65' lang='lat' dir='ltr'>rativosaoristidvdllu</span> <span class='ocrx_word' id='word_1_334' title='bbox 489 4360 714 4441; x_wconf 71' lang='grc' dir='ltr'><em>καὶκωιάβα</em></span> <span class='ocrx_word' id='word_1_335' title='bbox 737 4358 805 4444; x_wconf 82' lang='grc' dir='ltr'>(καὶ</span> <span class='ocrx_word' id='word_1_336' title='bbox 822 4358 957 4447; x_wconf 64' lang='lat' dir='ltr'>lucilla)</span> <span class='ocrx_word' id='word_1_337' title='bbox 980 4358 1034 4424; x_wconf 75' lang='grc' dir='ltr'>καλ</span> <span class='ocrx_word' id='word_1_338' title='bbox 1059 4352 1210 4424; x_wconf 78' lang='grc' dir='ltr'><em>ἀνάστα</em></span> 
     </span>
    </p>
   </div>
   <div class='ocr_carea' id='block_1_6' title="bbox 0 0 1372 4778">
    <p class='ocr_par' dir='ltr' id='par_1_7' title="bbox 0 0 1372 4778">
     <span class='ocr_line' id='line_1_40' title="bbox 0 0 1372 4778; baseline 0 0"><span class='ocrx_word' id='word_1_339' title='bbox 0 0 1372 4778; x_wconf 95' lang='lat' dir='ltr'> </span> 
     </span>
    </p>
   </div>
  </div>
 </body>
</html>
