2736 4778
122 335 187 401 DE
207 334 336 402 ALIIS
359 332 597 403 SYNCOPAE
615 332 889 403 GENERIBUS.
908 334 947 401 C.
959 333 997 401 ll.
1016 336 1082 421 §.2
1108 339 1184 413 393

76 513 214 598 Ἀέτιος.
259 518 345 584 Nam
366 527 485 604 poetae
506 516 596 595 talia,
626 517 654 582 si
678 527 815 583 metrum
833 529 946 605 urget,
975 540 996 583 a
1016 520 1186 607 primitivis

75 621 201 707 fingunt
222 619 290 686 sive
316 619 446 684 usitatis
472 618 540 684 sive
559 618 594 685 in
616 619 717 685 animi
735 630 914 706 conspectu
929 619 1055 706 positis.
1096 622 1187 689 Hine

75 743 181 788 sermo
199 722 352 787 deflectat
363 719 406 785 ad
426 730 564 805 quatuor
580 720 702 787 literas.
746 715 1186 808 ΠάμπαντταντελιιςΔρά-

73 846 142 889 κων
172 813 437 911 συναλοιφὴν
406 818 493 889 ειναί
513 844 614 911 φησιν
636 820 673 887 έκ
694 846 755 888 του
785 841 1006 886 ιταντατιασιν
1028 819 1128 887 Pbot
1156 833 1189 887 et

74 922 170 990 Suid.
190 919 259 987 Hic
281 921 457 1008 significari
481 942 650 1009 syncopen
672 920 807 986 duarum
829 920 1026 1006 syllabarum
1046 948 1089 989 τα
1107 909 1195 988 ει-
1155 946 1190 990 σι

73 1024 283 1108 conjunctam
302 1045 376 1089 eum
395 1022 626 1090 assimilatione
649 1022 810 1089 assentior
828 1022 970 1088 Lehrsio
999 1022 1042 1088 ad
1061 1024 1189 1090 Herod

75 1122 150 1189 357.
174 1134 206 1189 et
225 1124 298 1189 402.
329 1125 388 1191 sed
416 1123 562 1190 refellere
596 1125 807 1212 supersedeo.
872 1124 943 1190 Nec
973 1146 1067 1190 aures
1092 1147 1189 1212 prae-

78 1224 193 1291 bemus
215 1224 422 1293 Scholiastae
442 1225 542 1292 Pind.
559 1226 657 1312 Pyth.
680 1227 708 1293 Ι.
731 1227 783 1291 21.
807 1226 892 1313 κῆλα
922 1226 1007 1293 κατὰ
1035 1224 1189 1312 συναίρε-

78 1346 132 1390 σιν
151 1324 194 1391 τὰ
216 1320 389 1414 κηλήματα
400 1327 444 1412 ⁸).
487 1328 601 1395 Unum
624 1348 894 1416 paronymorum‚
917 1349 1003 1412 quac
1024 1326 1190 1393 Arcadius

76 1449 110 1513 p.
136 1426 187 1492 71.
209 1430 424 1514 συγκριτικῶς
446 1425 707 1517 παραληγόμενα
729 1428 817 1506 dicit,
840 1427 990 1494 amolitur
1001 1427 1189 1514 Stephanus

76 1550 103 1593 s.
128 1531 247 1616 Δῆμος
266 1527 331 1594 boe
350 1527 450 1594 modo
471 1524 655 1617 δημότερος
672 1527 710 1596 τὸ
724 1525 931 1615 συγκριτικὸν
951 1521 1011 1595 οὐκ
1028 1522 1190 1617 ἀποκοπῇ

76 1621 151 1696 ἀλλ’
180 1627 217 1695 ἐκ
238 1632 299 1694 τοῦ
321 1628 517 1695 διτιθετικοῦ
540 1621 561 1697 δ
585 1624 668 1717 παρ’
695 1624 845 1718 Ὁμήρῳ,
872 1627 930 1693 ubi
958 1627 993 1693 in
1015 1626 1112 1693 codd.
1136 1627 1190 1695 ἐκ·

75 1730 165 1815 κοπῇ
186 1727 307 1814 legitur
334 1729 398 1794 boo
426 1740 476 1794 est
496 1735 649 1818 σογκοτιῇ
679 1729 716 1798 ἐκ
736 1733 796 1796 τοῦ
819 1725 1094 1815 δημοτικώτερος.
1136 1730 1192 1794 De

75 1827 137 1894 hae
160 1829 298 1895 duarum
322 1829 521 1916 syllabarum
548 1829 783 1896 continentium
809 1828 988 1896 abolitione
1013 1828 1191 1915 aliquando

78 1929 295 2017 diseeptatum
321 1954 393 1997 esse
422 1930 632 2019 cognoscitur
661 1953 702 1997 ex
727 1931 841 2018 Apoll.
866 1932 969 1996 Pron.
1001 1930 1073 1994 144.
1107 1925 1192 2014 ὑπὲρ

78 2033 137 2097 τοῦ
158 2028 197 2098 τδ
217 2026 303 2112 ἆμός
325 2030 385 2098 καὶ
405 2026 491 2116 ὖμός
516 2027 746 2120 συγκεκόφθαι
770 2026 923 2118 εδρητέον
937 2029 1013 2114 (sio)
1037 2028 1085 2108 ὡς
1107 2053 1194 2109 τινες

79 2125 250 2215 ὑπέλαβον
257 2179 266 2210 ,
297 2130 388 2200 καθὸ
410 2127 470 2199 δύο
500 2129 667 2215 συλλαβαὶ
688 2125 728 2197 οδ
750 2128 1012 2216 ουγκόιττονται·
1036 2126 1110 2199 ἰδοὺ
1132 2128 1194 2217 γὰρ

79 2227 118 2297 τὸ
141 2228 350 2318 Δευκαλίδης
372 2230 431 2297 καὶ
448 2225 666 2318 Ἀνθεμίδης·
694 2224 780 2297 ἀλλὰ
806 2228 898 2298 καθὸ
920 2228 965 2318 μὴ
993 2224 1194 2314 βαρύνονται

79 2331 139 2396 τοῦ
160 2322 320 2417 ἡμέτερος
336 2332 561 2418 βαρυνομένου
583 2330 642 2396 καί
667 2335 729 2396 τοῦ
751 2325 909 2416 ὑμέτερος
935 2329 994 2397 καὶ
1015 2328 1193 2420 σφέτερος·

78 2428 179 2515 χωρὶς
199 2426 230 2497 ei
246 2429 292 2518 μὴ
314 2427 407 2516 λέγοι
420 2454 473 2508 τις
493 2429 799 2519 συνδεδραμηκέναι
823 2424 926 2508 αδτδις
949 2428 1035 2497 κατὰ
1056 2431 1115 2516 τὴν
1135 2424 1194 2495 τά·

80 2551 133 2594 σιν
154 2534 194 2619 τῇ
217 2526 299 2614 ἐμός
327 2529 386 2596 καὶ
406 2526 503 2620 σφός.
546 2531 588 2596 ln
616 2530 779 2618 principio
809 2530 906 2615 hujus
936 2530 1000 2596 looi
1025 2528 1195 2596 Bekkerus

80 2629 267 2717 suspicatur
294 2630 502 2697 scribendum
530 2654 603 2698 esse
623 2631 669 2720 μὴ
693 2630 927 2721 συγκεκόφθαι
955 2642 989 2695 et
1014 2624 1054 2699 οὐ
1080 2631 1196 2720 ῥητέον

81 2730 131 2795 vel
153 2723 352 2818 devocandos,
368 2722 436 2814 ὀδχ
456 2727 558 2799 δ’τι-
576 2744 610 2799 et
630 2745 716 2799 certe
737 2732 910 2820 Apollonii
932 2731 1093 2798 sententia
1114 2729 1195 2797 baec

82 2841 133 2895 est
158 2834 355 2914 pronomine
385 2825 470 2916 ὑμός
496 2844 525 2898 ιι
545 2827 632 2918 ἆμός
665 2853 822 2917 syncopen
853 2837 985 2900 ειιοιϊιιι
1018 2836 1196 2916 necandum

83 2941 142 3009 sat,
175 2950 242 2998 ιιοιι
267 2951 328 3015 quo
353 2933 433 2998 duee
462 2934 599 3016 ιγλλαοατ
624 2936 705 2998 demi
727 2938 956 3016 nonpossint,
989 2935 1042 2998 aed
1063 2944 1198 3015 propter

84 3035 289 3113 ουγιοκιιίκ,
319 3036 384 3097 atsi
403 3034 487 3115 forte
507 3037 582 3099 λοιι
602 3035 802 3116 aequalitatis
822 3051 920 3098 ιοιιεα
939 3034 1120 3097 introducto
1143 3044 1197 3097 est.

82 3132 138 3197 De
160 3132 391 3217 patronymicis
413 3132 488 3210 illis,
510 3133 680 3219 quaejam
697 3142 793 3196 antea
802 3131 907 3217 attigi,
932 3153 1000 3196 non
1018 3140 1198 3217 repugnat3

85 3231 127 3296 de
150 3232 399 3319 pronominibus
425 3233 560 3321 ambigit
583 3232 679 3298 etiam
703 3232 835 3320 ignotus
851 3233 1052 3320 disceptator
1073 3230 1198 3298 inEM.

84 3332 137 3410 84,
158 3332 210 3398 47.
237 3327 308 3400 ἄττδ
336 3336 396 3400 τοῦ
424 3332 588 3423 σφέτερος
613 3332 739 3421 γίνεται
768 3336 894 3423 δωρικῇ
926 3331 1091 3419 διαλέκτῳ
1113 3328 1201 3422 σφός

85 3532 158 3600 έοτὶ
182 3538 241 3623 τῆς
268 3533 413 3622 δωρίδος
445 3533 637 3602 διαλέκτου·
673 3536 714 3601 δε
743 3537 856 3602 ultimo
890 3537 960 3601 sine
986 3534 1200 3604 haesitatione

80 3635 211 3719 judicat
230 3636 443 3702 Herodianus
463 3636 540 3704 Seb.
562 3636 602 3701 Π.
624 3636 685 3704 VI.
708 3638 782 3704 414.
805 3637 842 3705 ιδ
865 3632 951 3723 ἁμόν
974 3631 1200 3726 διορικιδτερον

155 3841 185 3907 8)
200 3839 296 3895 Sebol.
308 3839 344 3894 A.
357 3838 390 3893 il.
403 3838 452 3894 IV.
464 3840 521 3893 478-
537 3844 566 3893 et
577 3838 740 3893 Eustatbius
753 3839 812 3906 501,
826 3841 866 3894 lb.
884 3845 1011 3912 θρέπτρα
1030 3840 1061 3897 ἔκ
1073 3842 1121 3896 τοῦ
1133 3847 1202 3911 δρε-

85 3918 186 3993 πτὴρια
198 3921 265 3978 κατὰ
285 3921 430 3996 σογκοτιὴν
448 3921 485 3984 ὥς
504 3919 623 3995 σωτήρια
642 3927 760 3997 σῶστρα,
779 3921 892 3996 λυτήρια
904 3922 998 4000 λύτρα,
1017 3926 1088 3980 duas
1107 3923 1201 3978 litem

86 4010 221 4077 eradens;
236 4017 293 4063 tres
307 4009 432 4065 concidit
444 4008 608 4065 Zenodotns
622 4029 706 4082 quum
719 4009 737 4064 1.
749 4028 773 4065 c.
796 4015 903 4084 θρέκιιι
917 4010 1054 4065 scriberet
1071 4026 1096 4062 v.
1110 4006 1202 4077 Spita·

88 4111 150 4148 ner.
164 4094 246 4148 Vens.
260 4096 319 4149 ber.
332 4097 392 4149 258.
416 4094 480 4150 Hoc
492 4095 624 4166 analogia
639 4096 760 4162 refutat3
781 4095 829 4149 illa
846 4098 882 4150 ad
902 4093 1203 4149 metasehematismnm

88 4179 241 4249 pertinent,
255 4181 291 4234 de
303 4197 360 4251 qno
372 4180 430 4233 dixi
441 4182 478 4233 ad
489 4180 554 4234 Phr.
571 4182 627 4235 131.
644 4200 710 4253 pars
729 4180 879 4248 subjuncta
899 4188 943 4233 est
960 4177 1105 4249 adjectivis
1123 4176 1203 4250 lossi-

93 4283 160 4337 ριος,
175 4261 340 4339 δρεπτὴριος
354 4274 409 4320 etc.
