2736 4778
368 327 436 401 os
456 333 734 401 Pmncrrsr.
779 333 818 400 c.
840 334 894 399 11.v
921 338 946 420 ι.
968 335 999 400 3.
1093 324 1097 336 “
1168 337 1262 412 423³

129 522 360 609 cognitum¹⁸)
385 530 418 586 et
437 517 596 584 dissimile
619 519 735 583 ceteris
759 539 832 583 cnm
854 517 919 583 hoc
936 516 1136 585 substantivo
1152 540 1243 585 conr-

127 624 262 712 positis,
286 642 425 710 quorum
447 620 571 685 nullum
592 609 771 705 in'q'g‘exit
785 618 848 683 nisi
869 629 1019 705 correpta
1035 618 1246 706 diphthongo

128 719 295 813 (εὐχερής,
326 718 497 809 δυςχιριᾷς)
527 721 587 787 sed
615 721 685 786 fieri
714 731 825 808 potest
853 729 891 785 ut
918 731 1017 807 poeta
1043 721 1125 786 illud
1153 731 1244 786 extra

128 827 276 893 ordinem
297 822 514 889 introduxerit
535 822 619 888 sicut
640 821 814 888 accusativi
835 820 1031 899 καθυπνὲα,
1055 817 1243 907 ἔπαρωγὲα,

128 923 371 1011 πανακαρπέα,
402 922 604 1005 πολυτιχνέα
637 923 762 988 nullum
784 924 882 1007 juxta
912 944 948 988 se
977 944 1089 988 casum
1112 921 1243 988 habent.

127 1028 256 1112 Magna
280 1024 413 1108 quidem
440 1036 489 1090 est
515 1025 612 1112 copia
639 1026 872 1111 adjectivorum
894 1046 979 1111 quae
1001 1025 1188 1112 promiscue
1208 1024 1248 1088 in

130 1115 176 1206 (ἶς’
198 1137 230 1192 et
253 1113 304 1216 ηξ
322 1127 545 1192 terminantur:
575 1123 730 1212 drigscyog
758 1125 930 1214 ὠιςεργής,
965 1120 1083 1213 ιῦηχας
1110 1121 1245 1212 εὖηχής,
1337 1153 1340 1165 ·

129 1223 296 1304 ι’σόπαλος
315 1223 496 1313 barattis,
523 1222 739 1305 παλύπλανος
758 1221 974 1314 πολυπλανής
985 1237 1045 1292 eto.
1063 1226 1122 1292 sed
1138 1247 1248 1311 quae·

126 1329 209 1393 ritur
227 1351 268 1393 an
285 1350 353 1394 non
370 1327 480 1414 aliqua
499 1350 621 1405 eorum,
645 1349 730 1412 quae
747 1328 846 1414 vulgo
867 1328 1044 1393 secundam
1062 1336 1249 1412 sequuntur

127 1429 393 1507 declinationem,
428 1430 522 1494 metri
549 1451 648 1495 causa
675 1430 709 1493 in
737 1430 833 1496 certis
860 1427 989 1493 demum
1018 1427 1148 1494 casibus
1176 1438 1244 1493 tra-

127 1532 227 1596 ducta
257 1531 323 1595 sint
350 1531 394 1595 ad
421 1531 565 1608 tertiam,
594 1530 705 1615 qualia
737 1531 779 1594 ad
799 1531 855 1615 Aj.
879 1553 912 1616 p.
935 1530 1009 1594 294.
1037 1530 1145 1608 attuli,
1173 1555 1243 1596 πα-

125 1632 320 1718 imponere
346 1654 407 1718 pro
436 1629 663 1713 παλῖντροπαι
689 1630 763 1696 Nic.
789 1632 967 1709 decusatos
990 1654 1051 1717 pro
1080 1628 1243 1710 ὀνςπόνοα

123 1735 224 1797 Hom.
247 1733 341 1818 cujus
363 1732 502 1819 primam
523 1731 721 1819 positionem
748 1728 1116 1821 dccccvp'glllustathius
1137 1729 1248 1796 inusi-

125 1843 225 1898 tatam
252 1855 326 1900 esse
355 1833 435 1900 dicit
464 1845 497 1899 et
520 1844 607 1899 certe
635 1842 763 1920 praeter
791 1856 896 1920 genus
925 1843 1075 1900 neutrum
1097 1844 1258 1898 ametro

125 1935 256 2001 heroico
293 1934 486 2000 excluditur.
541 1934 611 2002 Sed
640 1935 781 1999 maxima
812 1935 985 2001 difficultas
1026 1935 1175 2003 consistit
1208 1934 1244 1998 in

124 2037 277 2122 genitivis
299 2035 425 2101 numeri
446 2034 592 2122 pluralis.
636 2035 703 2101 Pro
725 2037 975 2123 πολνφθορέων
995 2030 1189 2119 ἀνθρώπων
1207 2034 1243 2098 in

123 2136 337 2223 Empedoclis
367 2158 477 2214 versu,
506 2158 604 2221 quem
630 2136 705 2202 1.α.
733 2135 893 2212 indicavi,
924 2136 967 2201 G.
988 2135 1183 2202 Dindorfius
1208 2133 1245 2198 in

126 2238 229 2303 Thes.
264 2235 504 2320 πολυσπερέων
534 2237 651 2323 reponi
678 2237 792 2322 jubet,
824 2234 993 2302 Beklrerus
1024 2260 1100 2303 vero
1134 2237 1242 2303 παλα-

125 2335 284 2426 ordeolus
299 2339 388 2426 apud
400 2338 536 2405 Sextum
557 2338 698 2427 scripsit,
722 2337 783 2404 etsi
804 2336 867 2403 hoc
887 2360 955 2404 non
975 2340 1081 2425 magis
1102 2337 1244 2424 legimns

126 2460 223 2523 quam
246 2437 312 2504 alia
343 2461 417 2504 cum
443 2438 544 2505 verbo
572 2437 709 2526 φθείροι
741 2440 789 2506 sic
810 2440 1001 2526 composita.
1045 2441 1090 2507 Et
1112 2438 1246 2504 obstant

125 2537 331 2625 ἒμφθορέινν
359 2536 485 2625 αἰζηῶν
513 2540 587 2605 Nic.
616 2534 809 2629 ἀμηχανέων
840 2539 1035 2622 μελεδώνων
1063 2542 1109 2605 H.
1138 2541 1184 2604 H.
1206 2539 1244 2602 in

122 2639 227 2705 Merc.
254 2639 328 2706 447.
358 2641 401 2706 de
428 2640 545 2725 quibus
580 2639 643 2707 hoc
671 2642 770 2707 modo
800 2640 945 2707 dubitavi
966 2652 1073 2707 utrum
1094 2641 1244 2729 exempla

123 2740 394 2806 nominativorum
423 2740 474 2807 bis
503 2743 750 2828 congruentium
778 2743 813 2808 in
839 2729 882 2832 ης
912 2764 991 2808 casu
1020 2742 1246 2809 interciderint

123 2864 165 2905 an
187 2852 306 2929 poetae
328 2841 474 2928 epsilon‚
500 2843 591 2928 quod
609 2843 866 2909 terminationem
882 2845 1098 2929 genitivorum
1115 2845 1245 2930 primae

124 2952 156 3008 et
183 2944 297 3010 tertias
324 2943 551 3009 declinationis
581 2944 777 3030 praecedere
812 2945 912 3022 solet,
950 2944 1171 3009 transtulerint
1199 2943 1246 3006 ad

124 3045 317 3124 secundam,
348 3067 414 3130 quo
446 3046 546 3110 modo
575 3043 675 3107 iidem
700 3042 888 3107 adverbium
911 3043 1100 3122 δνςπανέινς
1123 3054 1156 3106 et
1176 3041 1242 3105 alia
1348 3055 1356 3065 '

124 3167 225 3231 supra
256 3145 415 3212 dictorum
446 3145 490 3208 ad
524 3166 620 3208 usum
652 3165 747 3208 suum
780 3142 1047 3207 accommodasse
1079 3141 1245 3206 videntur.

122 3246 252 3314 Eodem
272 3247 340 3314 sive
357 3246 573 3332 metaplasmo
595 3243 663 3309 sive
684 3244 875 3331 pleonasmo
894 3242 1028 3309 verbum
1042 3241 1244 3308 Hesiodium

124 3347 332 3435 δυςηρανέων
363 3345 567 3433 ἐπιλήθεται
597 3345 750 3411 excusavi
779 3345 822 3410 ad
841 3347 963 3411 Buttm.
989 3345 1062 3411 339.
1087 3345 1244 3432 apposito

122 3444 261 3510 Pindari
289 3447 363 3512 loco
390 3446 428 3510 τὸ
459 3451 566 3528 τυχεῖν
592 3442 762 3535 παραλύει
791 3446 999 3535 δαςφρπνέων
1021 3448 1057 3512 id
1086 3456 1136 3512 cst
1164 3449 1244 3524 δας-

124 3543 265 3630 «solvor.
309 3547 352 3612 Id
372 3568 449 3611 vero
470 3547 664 3613 Dindorfius
685 3547 721 3612 in
742 3546 843 3613 Thes.
874 3548 908 3611 in
931 3548 1118 3636 δινςηρονᾶν
1139 3554 1263 3615 mutat‘

125 3657 158 3708 et
173 3656 347 3733 utrumque
369 3647 547 3733 genitivum
570 3673 590 3715 a
611 3647 812 3716 substantivo
830 3647 997 3739 όυςφρόνη
1014 3652 1134 3738 repetit
1149 3651 1258 3738 quod·

122 3746 158 3810 in
174 3747 264 3813 Adn.
283 3749 326 3814 ad
340 3749 452 3817 Sehol.
470 3750 574 3817 Arist.
589 3750 701 3819 Nubb.
721 3748 793 3814 790.
812 3772 872 3837 pro
892 3749 1098 3839 ὁαςφηοαύιη
1119 3753 1264 3819 dictum,

124 3848 170 3911 ait
200 3859 236 3912 ut
261 3844 405 3937 εὐφρόνη
434 3872 495 3936 pro
523 3848 709 3941 εὐφροσύνη
739 3862 772 3918 et
801 3849 1023 3942 ἔπιλησμονη,
1060 3854 1113 3918 cui
1144 3853 1264 3919 tacite·-

123 3958 356 4034 paroxytonon
384 3949 567 4031 substituit,
602 3974 664 4041 pro
703 3949 960 4041 ἐπιλησμοαύνη.
1021 3956 1145 4021 Verum
1176 3976 1247 4018 non

195 4183 237 4250 ¹3)
256 4182 314 4238 l'¹0
331 4181 451 4258 Ἀχειρές
471 4183 584 4255 ἀχρεῖον
606 4189 675 4244 llos.
699 4185 880 4242 scribendum
899 4184 1011 4239 videtur
1031 4185 1131 4257 ἀχρηίς
1153 4205 1169 4240 o
1189 4172 1262 4244 no..

123 4267 257 4323 minativo
269 4266 382 4340 ἃχρηής.
