2736 4778
209 352 285 428 228
504 347 825 417 mssuttTArto
845 347 894 415 11.
936 348 1028 415 P.1.
1091 370 1094 377 ’

209 533 330 600 afflm't.
346 529 525 621 ’Λγιιίιεια
526 526 794 654 Dlvavsippr‘
769 556 816 612 ως
829 532 1069 621 Μαρωνείτης,
1090 532 1330 624 Καυκωνιίτης

209 658 273 702 κατ
274 629 458 725 ’ἔλλειψιν
483 637 543 701 τοῦ
572 659 665 701 α-
695 626 824 717 Ἰάμνια
854 627 1046 721 Ἰαμνιάτρς
1073 657 1132 701 και
1160 629 1329 757 'louvirpc

207 729 328 804 καθ’*
315 733 434 825 siceota
455 739 515 804 τοῦ
537 760 560 802 ιι
582 728 629 812 ὦς
648 728 1191 822 Δαανίτης-Κριῶθενάττὸτου
1173 733 1327 856 Κριτία

207 834 294 904 κατὰ
314 832 493 925 oomnis.
535 836 592 903 De
612 833 676 900 hoc
696 832 774 899 alibi
791 835 911 902 rectius
928 834 1058 920 judicat
1080 829 1305 904 Πυθῶθεν(
1279 859 1328 914 τις

206 939 367 1023 Κριῶθεν
393 936 458 1003 hoc
485 944 537 1001 est
561 957 582 1000 a
609 935 809 1003 nominativo
841 934 937 1024 Κριιί
967 936 1054 1002 sicut
1079 937 1162 1003 alius
1191 937 1327 1005 Atticas

205 1058 316 1124 pagus
347 1033 443 1122 Θριιί
479 1036 533 1102 vel
560 1033 674 1125 Θριάς
701 1046 854 1115 vocatur,
889 1037 1079 1104 adverbium
1110 1041 1268 1121 Θριῶθεν
1292 1060 1327 1104 v.

204 1136 353 1204 Meinek.
375 1159 409 1223 p.
429 1137 505 1203 318.
534 1131 796 1224 'lepra'rpr-rero
819 1138 862 1204 ab
892 1133 1003 1228 Ἰάμνη
1026 1150 1088 1205 eto.
1131 1137 1203 1204 Noc
1224 1137 1325 1223 quid·

183 1234 306 1324 xquarn
326 1239 481 1304 momenti
503 1237 749 1322 adsuunt-quse
775 1239 861 1305 inter
890 1240 1028 1326 primam
1052 1250 1086 1305 et
1114 1239 1242 1305 tertiam
1262 1239 1325 1305 de-

207 1339 416 1406 clinationem
445 1338 549 1405 divisa
576 1349 654 1404 sunt
681 1338 824 1423 στομίοις
849 1337 984 1425 στόμις,
1017 1337 1163 1427 τροφέας
1188 1336 1323 1425 τρόφις,

205 1438 356 1530 άιφρίας,
379 1436 495 1525 ἓδρίας
516 1449 550 1504 ει
567 1462 652 1525 qnae
664 1439 853 1525 Hesychius
871 1440 1005 1507 exhibet
1014 1440 1175 1506 mendoso
1184 1448 1323 1506 accentu

205 1542 328 1630 scripta
350 1539 476 1630 διφρίς,
498 1536 601 1625 idcir.
644 1543 724 1609 Jsm
745 1541 774 1606 si
796 1541 906 1607 omnia
917 1564 1004 1628 quse
1020 1541 1054 1607 in
1067 1541 1212 1607 medium
1222 1539 1324 1606 allata

205 1654 297 1722 sunt,
328 1641 438 1708 denuo
459 1651 683 1726 respectemus
705 1643 943 1728 praetermissis
965 1642 1164 1708 dicatalectis
1186 1651 1226 1706 ut
1244 1660 1323 1708 στι·

203 1740 290 1830 yrcis,
306 1739 466 1826 πλοχμάς,
483 1763 569 1826 quae
585 1742 657 1827 pari
675 1742 761 1808 inter
784 1764 820 1809 se
834 1743 912 1828 jure
932 1732 1018 1822 sunt,
1039 1743 1239 1827 remotisque
1249 1763 1323 1811 om·

205 1843 303 1910 nibus
342 1842 461 1929 quibus
494 1842 648 1929 analogia
679 1843 813 1929 quidem
849 1844 950 1932 alpha
981 1845 1127 1911 vindicat
1153 1843 1212 1909 sed
1240 1864 1322 1909 usus

204 1954 390 2013 constanter
412 1943 586 2029 denegavit
607 1955 645 2008 ut
664 1941 837 2029 βοειαιιάς,
868 1942 1049 2027 δανειάζιο,
1080 1966 1247 2033 perpauca
1266 1967 1323 2010 rc·

202 2057 335 2113 manent
355 2066 522 2132 syncopae
549 2066 645 2112 verae
677 2056 710 2111 et
735 2045 878 2112 directae
906 2047 1056 2134 exempla
1080 2041 1320 2133 Ἀσκληπίδαι,

202 2142 449 2234 Γλακτοφάγοι.
494 2146 642 2212 Tantum
664 2147 706 2212 de
728 2146 942 2234 simplicibus.

288 2252 314 2334 ς.
335 2247 369 2313 4.
412 2245 680 2334 compositorum
699 2269 804 2335 genus
826 2271 928 2314 unum
950 2247 1130 2314 concisioni
1155 2259 1320 2335 opportu-

202 2374 281 2418 num
308 2348 464 2427 habetur,
504 2348 568 2415 hoc
599 2360 649 2415 est
674 2350 855 2415 cardinalia
884 2372 970 2436 quae
998 2349 1032 2413 in
1060 2347 1161 2435 alpha
1187 2358 1318 2414 exeunt.

200 2454 349 2521 Primum
376 2449 533 2538 τρίμηνος
560 2444 633 2518 άπὸ
662 2453 721 2516 τοῦ
751 2446 934 2538 τριάμηνος
958 2451 1039 2518 ΕΜ.
1067 2449 1146 2528 767,
1174 2450 1228 2516 35.
1257 2448 1319 2516 sed

202 2557 244 2623 de
264 2555 329 2621 hoc
349 2554 490 2639 litigant,
512 2575 596 2637 quos
615 2551 670 2617 hic
690 2551 879 2630 introducit,
900 2563 1067 2618 auctores:
1087 2545 1106 2618 ὁ
1117 2549 1179 2636 μὲν
1190 2544 1318 2617 Ἀπολ-

200 2653 320 2733 λώνιος
340 2647 473 2738 λέγει’
452 2651 524 2720 απὸ
545 2656 603 2720 τοῦ
626 2651 679 2733 δίς
701 2677 761 2719 και
781 2650 856 2740 τρίς
872 2651 1000 2740 γίνεται
1019 2651 1157 2739 διμηνος
1173 2649 1232 2717 καὶ
1244 2647 1317 2735 τρί·

153 2758 159 2765 ’
199 2775 316 2844 μηκας·
346 2748 366 2819 ὃ
392 2751 430 2819 δὲ
447 2748 696 2838 ‘Hpmdtcrdc’
676 2752 747 2822 αττό
775 2758 834 2821 τοῦ
860 2749 920 2820 δύο
941 2753 1000 2819 καί
1028 2750 1106 2838 τρία
1128 2748 1214 2816 κατὰ
1237 2773 1317 2835 σιγ-

199 2851 321 2944 κοιιήν·
342 2852 519 2921 καὶτοῦτο
542 2847 792 2940 άναλογώτερον
813 2847 899 2921 εἶναι
922 2847 1109 2921 δεικνύουσι
1130 2848 1172 2917 τά
1195 2843 1316 2916 άττικά

199 2949 271 3037 ἐξ’
253 2950 426 3040 σνομάτων
447 2951 643 3042 συγκείμενα
664 2953 880 3043 πεντέμηνσς,
903 2947 1104 3041 ὀκτώμηνος.
1147 2951 1189 3016 ld
1206 2961 1316 3016 autam

199 3057 307 3125 debile
336 3068 386 3124 est
414 3068 657 3144 argumentum
686 3079 764 3122 nam
794 3054 951 3122 adverbia
979 3047 1150 3130 πεντάκις,
1178 3043 1318 3130 ὀκτάκις
1348 3123 1351 3126 ,

197 3172 259 3228 etc.
283 3159 326 3224 ad
349 3159 613 3246 componendum
633 3158 736 3223 multo
757 3158 863 3223 minus
888 3155 1011 3222 habilia
1031 3166 1109 3221 sunt
1129 3177 1227 3240 quum
1244 3155 1315 3240 pri-

196 3261 308 3327 mitiva
336 3259 393 3324 illa
425 3257 669 3344 monosyllaba,
703 3269 872 3345 totumque
905 3259 968 3324 hoo
1001 3279 1106 3343 genus
1137 3250 1315 3334 πολλάκις,

196 3355 358 3447 ὀλιγάκις,
382 3356 519 3439 ίνιάκις,
539 3353 736 3435 σπανιάκις,
760 3354 957 3437 πλειστάκις
979 3369 1040 3424 eto.
1062 3381 1093 3424 v.
1115 3357 1218 3425 Proh
1239 3357 1315 3423 319.

196 3460 343 3546 synthesi
364 3460 573 3547 pertinaciter
594 3457 751 3523 renititur.
796 3456 894 3540 Quae
921 3460 1006 3524 ultra
1027 3460 1204 3526 ternarium
1227 3469 1313 3535 sunt,

196 3558 297 3646 alpha
318 3561 537 3645 promtissime
565 3569 688 3624 exuunt
716 3553 887 3648 τετρήρης,
917 3560 1092 3650 πεντέτης,
1115 3558 1250 3650 δεκέτης
1272 3560 1312 3625 ci.

193 3660 376 3725 Maetsuer.
409 3662 452 3725 ad
481 3661 627 3746 Lycurg.
648 3658 723 3724 255.
765 3659 869 3723 Extra
897 3659 986 3727 hunc
1015 3663 1182 3728 cardinem
1211 3685 1314 3726 unum

195 3756 452 3846 deprehenditur
470 3754 649 3846 τανρλεγής
668 3768 701 3824 ει
722 3758 812 3841 quod
832 3759 1053 3828 Schneiderus
1064 3762 1236 3848 Hesychic
1258 3785 1335 3828 re·-

194 3859 301 3929 stituit
320 3853 525 3946 τανήλοφος,
558 3858 622 3923 nisi
650 3858 713 3922 fuit
737 3857 827 3943 prius
859 3873 891 3925 et
923 3864 1089 3949 antiquius
1117 3859 1217 3945 τανός
1243 3865 1314 3931 sive

193 3961 311 4039 τάνος·
333 3982 409 4023 nam
432 3982 451 4022 ε
471 3954 596 4036 ταναός
619 3957 803 4023 ducendum
821 3972 890 4024 erat
904 3960 1107 4052 ταναολεγής
1128 3976 1165 4030 ut
1185 3961 1313 4032 ταναό·

194 4066 305 4151 δειρος
333 4072 367 4128 ει
395 4061 491 4128 εοΙίιε
518 4057 619 4125 ectasi
645 4054 857 4182 ταναηλεγὴς
906 4062 1062 4130 Seorsum
1091 4065 1133 4132 ab
1161 4066 1213 4132 his
1243 4076 1311 4131 tra-

193 4162 312 4229 ctanda
328 4174 405 4230 sunt
421 4158 624 4252 praeverbia.
645 4153 711 4241 ’Ἀμ
724 4153 828 4246 φόνον
839 4161 916 4244 jure
927 4163 971 4231 ad
984 4189 1158 4284 apocopen
1173 4167 1312 4251 refertur

192 4287 223 4329 v.
243 4265 397 4330 Proocm.
414 4266 488 4330 218.
513 4261 574 4328 sed
593 4258 777 4345 composita
796 4251 965 4349 ἀμφαίνω,
990 4259 1132 4356 άμμιγα,
1156 4266 1310 4356 κάββαλε
