2736 4778
136 354 201 420 Du
223 352 350 421 ALIIS
362 350 614 420 SYNOOPAE
635 348 905 418 assumens
924 346 1008 416 (1.1.
1030 350 1056 435 ξ.
1071 348 1102 415 2.
1126 351 1200 425 355

84 537 217 605 memini
245 538 305 605 sed
332 535 396 601 hoc
427 534 552 623 duplici
580 534 681 601 modo
706 531 911 631 solvitur-in
922 532 1011 599 Gud.
1030 532 1119 612 266,
1147 533 1201 600 28.

85 637 162 706 κατ’
193 623 525 706 taratarantium
552 627 732 723 ἃποκοπῆν
765 634 825 722 τῆς
844 658 910 718 μοι,
934 630 967 700 oi
988 630 1026 702 de*
1049 632 1143 722 παρὰ
1163 633 1203 701 τὸ

85 741 223 822 θεῶμαι
244 735 363 823 θέαμα
385 735 444 802 καὶ
472 732 591 824 κράσει
611 738 711 820 dcirca
733 732 793 801 καὶ
813 739 950 818 θαῦμα·
974 730 1081 812 οὕτως
1095 729 1203 819 ‘Hete-

87 836 205 916 ὀιονός
227 835 263 904 ἐν
284 835 529 925 ἐπιμερισμοῖς.
571 838 696 905 Verum
716 836 799 902 haec
821 835 893 901 alea
915 845 966 901 est
990 834 1123 901 minime
1145 856 1204 901 ne·

84 938 247 1015 cessaria3
267 956 347 1002 nam
366 949 403 1005 ut
425 962 446 1004 a
466 935 537 1005 κάω
558 941 672 1032 κοῦμα
696 928 1205 1016 111111161111113ο1ωθο1οω

88 1036 328 1127 (θουσίκριον)
348 1042 476 1124 θαῦμα.
498 1039 651 1105 Duorum
668 1039 838 1105 nominum
857 1036 1093 1123 quasPhotius
1115 1058 1205 1102 com-

82 1136 244 1224 plectitur
267 1137 488 1224 Φεναγμάτων
507 1134 865 1228 κατοφενοκιομάτων,
898 1139 1035 1205 alterum
1062 1160 1206 1226 parony-

86 1260 167 1303 mon
188 1249 238 1303 est
259 1260 279 1302 a
299 1237 416 1325 φέναξ,
439 1239 576 1306 alterum
597 1260 618 1304 a
638 1237 817 1328 φενακίζω.
848 1239 1083 1306 .Eademratio
1104 1240 1205 1306 inter-

87 1338 177 1406 cedit
205 1338 291 1403 inter
318 1333 516 1426 πάλλαγμα,
543 1340 570 1406 si
601 1338 787 1427 Aeschylus
811 1341 863 1407 ita
892 1341 1023 1429 scripsit
1053 1340 1205 1429 Choeph.

87 1440 163 1506 293.
185 1439 278 1523 (305)
301 1438 575 1524 11οαλλάκιομα
596 1441 663 1507 sive
685 1438 915 1527 παλλάκεομα,
937 1442 1029 1530 quod
1049 1465 1136 1509 nunc
1157 1442 1205 1509 le·

88 1542 177 1629 gitur
198 1565 218 1606 a
240 1539 342 1608 verbo
363 1541 483 1608 usitato
507 1542 703 1621 derivatum,
725 1542 807 1608 illud
829 1566 907 1610 vero
931 1544 972 1609 ab
994 1544 1206 1610 intermortuo

87 1637 265 1721 παλάοοω,
289 1640 342 1706 cui
365 1653 543 1727 cognatum
566 1644 694 1709 videtur
715 1639 862 1712 παλεύω.
907 1645 976 1713 Sed
989 1645 1095 1733 ‘quod
1116 1645 1206 1712 Leo·

87 1743 183 1809 nidas
205 1742 337 1831 scripsit
357 1742 392 1807 in
411 1743 528 1831 Epigr.
571 1733 720 1832 Κρήθων
741 1739 759 1812 ὁ
781 1749 871 1813 πᾶσι
891 1741 1079 1835 μακαρτός,
1108 1768 1205 1812 nemo

89 1844 258 1931 negaverit
277 1866 339 1932 pro
360 1841 568 1931 μακαριστός
592 1846 737 1932 positum
765 1868 839 1912 esse
867 1847 985 1913 excisis
1015 1846 1145 1913 duabus
1165 1847 1206 1913 li-

91 1946 169 2012 teris
195 1933 247 2014 t'o‘.
288 1945 468 2015 Videamus
487 1946 558 2030 jam
585 1969 684 2034 porro
715 1958 851 2014 caetera.
902 1944 1044 2033 Πρόμος
1074 1942 1092 2014 ὁ
1122 1944 1208 2033 πρό-

89 2070 197 2130 μαχος
218 2045 304 2114 κατὰ
325 2042 495 2134 συγιοπήν
516 2046 627 2114 Schol.
649 2049 694 2112 A.
727 2047 769 2111 ad
790 2048 830 2113 ll.
852 2048 930 2114 VH.
954 2046 1004 2111 75.
1028 2047 1107 2116 XV.
1131 2048 1206 2115 293.

88 2148 171 2214 ΕΜ.
192 2146 301 2234 Epim.
322 2147 351 2212 I.
373 2146 453 2223 356,
480 2146 511 2211 9.
540 2148 600 2213 sed
627 2145 768 2213 dominis
791 2141 878 2235 μάχη
901 2146 1059 2233 syllabam
1082 2149 1207 2237 capita-

89 2249 156 2314 lem
178 2249 340 2315 excidisse
362 2255 428 2312 tam
456 2259 586 2334 praeter
604 2249 704 2314 fidem
727 2258 776 2315 est
803 2259 839 2313 ut
867 2248 949 2314 illud
976 2246 1116 2337 simplex
1135 2273 1209 2318 esse

91 2348 242 2437 suspicer
266 2372 286 2414 a
312 2349 559 2436 praepositione
588 2347 656 2436 πρό
696 2350 876 2416 derivatum
906 2350 974 2416 fere
1001 2356 1040 2416 ut'
1068 2350 1164 2431 ξονός
1189 2376 1209 2418 a

92 2446 160 2531 ξύν.
193 2441 362 2537 ’Όρομνος
383 2448 471 2516 κατὰ
492 2449 661 2540 careonis
690 2445 784 2523 εἶπεν
804 2443 877 2517 οἷον
903 2444 1091 2538 ὀρόδαμνος
1113 2451 1209 2538 παρὰ

90 2549 131 2619 τὸ
158 2545 288 2638 duodece
315 2549 392 2617 Sch.
422 2551 496 2617 Nic.
527 2551 626 2616 Ther.
649 2551 701 2616 91.
731 2552 843 2637 quisi
872 2574 940 2616 non
973 2551 1093 2617 veritus
1123 2564 1211 2620 esset

91 2675 172 2719 voce
199 2650 372 2718 thamutica
396 2649 461 2729 uti,
486 2651 576 2716 haud
601 2652 701 2718 dubie
730 2654 916 2741 scripsisset
942 2651 1037 2740 παρὰ
1062 2650 1101 2720 τὸ
1129 2644 1208 2742 dea,

91 2755 182 2820 unde
207 2746 750 2842 11Ρ11111111γῃοογπ11ὅρπηξ,
781 2747 919 2840 depascor
942 2765 1002 2820 etc.
1028 2777 1059 2819 v.
1082 2755 1208 2823 Techu.

91 2857 167 2921 283.
190 2853 259 2922 Cur
278 2876 357 2919 vero
379 2875 448 2919 non
476 2856 588 2920 eadem
617 2855 742 2921 ratione
771 2857 987 2942 explicaretur
1008 2857 1210 2942 gentilicium

88 2951 239 3035 Ἡλᾳῖος,
262 2977 363 3021 causa
380 2955 442 3021 fuit
464 2968 633 3032 accentus3
662 2957 710 3021 sic
738 2957 824 3020 enim
853 2956 998 3040 loquitur
1020 2956 1210 3042 Stephanus

93 3082 120 3123 s.
142 3049 259 3134 Ἥλιςι
299 3050 317 3122 ri
355 3053 498 3145 πολίτης
527 3050 597 3123 ἀπὸ
631 3060 690 3142 τῆς
709 3050 852 3134 Ἤλιδος
877 3058 1007 3141 γενικῆς
1039 3049 1212 3143 ἀναλόγως

89 3153 259 3236 Ἠλίδειος
281 3150 327 3234 ὡς
349 3149 564 3234 §scorteum
583 3153 643 3220 καὶ
662 3149 903 3233 Εὖπολίδειος,
936 3152 994 3221 καὶ
1016 3148 1098 3221 καθ’
1127 3153 1211 3246 11911-

92 3280 147 3325 οιν
166 3261 225 3325 τοῦ
261 3245 455 3336 ὖἨλίειος
476 3255 535 3322 καὶ
557 3250 707 3334 Ἠλεῖος,
738 3254 797 3320 ubi
826 3255 920 3322 deest
946 3255 1068 3322 mentio
1101 3257 1212 3337 erasis,

92 3380 181 3444 quae
201 3358 236 3423 in
256 3357 337 3423 EM.
358 3357 441 3434 426,
466 3357 518 3423 32.
541 3355 692 3441 adjicitur
708 3349 882 3436 'Htidacoc'
896 3356 955 3423 καὶ
977 3350 1133 3448 ἀποβολῇ
1152 3362 1211 3429 τοῦ

93 3450 280 3537 δ”Ηλίειος
300 3457 358 3525 καὶ
386 3452 503 3544 κράσει
528 3453 671 3536 Ἠλεῖος.
716 3457 849 3525 Scilicet
880 3481 1025 3546 syncope
1051 3459 1213 3528 effecisset

93 3568 406 3650 proparoxytonon3
427 3558 609 3645 eademque
633 3558 674 3625 de
697 3581 796 3625 causa
821 3559 1138 3647 properispomenon
1155 3587 1210 3631 rs·

90 3666 241 3748 τρᾶχμον
262 3681 431 3749 syncopae
450 3659 582 3725 nomine
607 3660 793 3725 excludunt.
825 3661 904 3726 Hoc
921 3660 956 3725 in
975 3664 1082 3752 capite
1097 3664 1211 3732 ultimo

95 3762 346 3851 disputabimus.
391 3760 560 3829 Gentilicii
580 3781 648 3826 una
674 3761 778 3827 forma
798 3761 945 3829 noscitur
961 3760 1095 3844 Ἠλεῖος
1113 3778 1150 3832 ut
1170 3766 1212 3832 ab

84 3856 188 3944 ‘Herc
207 3855 422 3952 τῆςἭτιδος
440 3856 460 3932 ὁ
480 3861 623 3954 πολίτης
640 3856 771 3945 Ἠτεῖος
790 3864 871 3933 EM.
893 3865 975 3946 248,
1005 3868 1057 3934 36.
1078 3867 1113 3933 in
1137 3867 1212 3954 qui-

94 3964 159 4032 bus
185 3974 324 4050 apparet
351 3962 610 4031 terminationem
645 3965 865 4052 possessivam
896 3966 1041 4054 syllabae
1070 3967 1213 4033 nominis

93 4064 252 4132 indctlexi
279 4062 453 4151 primariae
485 4064 722 4150 agglutinatam
751 4089 834 4133 esse.
884 4068 953 4134 Sed
978 4061 1155 4146 Ἀδώνειος
1180 4078 1215 4136 11

96 4160 314 4243 Ἀδωνίδειος
334 4185 354 4227 a
376 4164 511 4231 diversis
532 4165 682 4232 oriuntur
705 4166 913 4233 nominativis
930 4158 1039 4234 Ἄδων
1060 4159 1212 4238 celico-

93 4289 156 4346 νος.
199 4265 454 4354 Diphthongum
476 4287 550 4334 cum
569 4278 726 4353 sequente
747 4288 895 4334 consona
918 4266 1031 4336 elisam
1053 4291 1127 4339 esse
1144 4281 1212 4340 sta·

936 4369 1004 4435 23·
