2736 4778
168 361 217 433 98
531 355 849 425 DISSERTATIO
885 356 912 420 1.

165 540 208 604 ad
229 539 342 626 Apoll.
354 539 413 604 IV.
432 539 481 602 14.
506 539 544 604 ad
569 536 784 608 conlocasset
808 538 915 608 ἔοικεν
936 534 1007 608 ἀπὸ
1030 543 1092 606 τοῦ
1116 535 1280 607 ὂλοοοθοι

164 639 318 723 γίνεσθαι
339 638 424 704 κατὰ
446 636 631 724 πρόςθεσιν
647 646 708 707 τοῦ
729 630 755 707 d
774 642 831 708 acl
853 638 1077 725 μεταποίησον
1103 643 1163 706 τοῦ
1192 625 1281 718 {etc

163 729 254 819 ἆὼς
272 739 311 804 τὸ
335 735 497 826 δνοφεοός
518 736 673 828 (tropos)
698 737 767 807 ἀπὸ
790 745 849 807 τοῦ
871 743 1001 827 νέφους·
1025 738 1081 805 καὶ
1103 741 1281 828 Σοφοκλῆς

164 840 279 928 didace
301 837 385 926 φησὶ
400 839 438 905 τὸ
456 841 685 921 βεβλαμμένον
703 841 759 908 καὶ
768 839 920 929 (Όμηρος
936 839 1142 923 πολυδίψιον
1153 832 1281 925 ’Ἄργος

161 940 200 1006 τὸ
223 938 451 1021 πολοβλοβὲς,
475 939 566 1022 quod
589 953 805 1006 commentum
822 941 946 1028 placuit
955 941 1034 1006 ΕΜ.
1059 940 1118 1004 sed
1130 939 1280 1025 ignotum
1299 995 1303 1012 ,

160 1041 222 1105 luit
234 1037 407 1116 Straboni,
429 1040 487 1123 qui
510 1051 566 1105 aut
586 1039 838 1128 πολυπόθητον,
862 1052 899 1105 ut
909 1039 1119 1106 Aristarchus
1140 1041 1277 1126 accepit,

165 1141 230 1206 hoc
251 1140 382 1206 nomine
407 1141 581 1226 significari
605 1143 650 1206 ait
671 1155 727 1207 aut
753 1141 960 1208 scribendum
987 1162 1060 1206 esse
1084 1140 1198 1224 Χωρλς
1217 1143 1279 1208 τοῦ

162 1231 389 1324 ὅπολοίψιον
409 1234 510 1327 ἤγουν
531 1241 756 1329 anteponam
777 1243 874 1309 VIII.
896 1242 969 1307 370.
1007 1240 1190 1326 Sophocles
1211 1240 1278 1306 for-

166 1355 253 1407 tasse
274 1339 425 1425 synthcto
454 1362 519 1425 quo
548 1343 713 1406 Homerus
741 1343 841 1406 utitur
868 1340 1035 1407 substituit
1060 1341 1212 1427 simplex,
1242 1340 1280 1406 id

165 1451 273 1508 autem
286 1441 461 1506 scholiasta
471 1441 525 1505 ille
535 1442 801 1527 interpretatione
812 1443 984 1507 infuscavit
993 1440 1214 1506 Aristarchea.
1224 1446 1235 1486 ¹
1244 1443 1277 1526 ²)

162 1537 452 1620 Actaeaeacteae
473 1535 494 1626 ἢ
516 1537 591 1608 κατ’
617 1536 707 1620 εἶδος
728 1542 833 1624 ὅμοια
855 1553 888 1607 et
904 1541 1052 1629 Δείκηλα
1081 1537 1277 1622 sindonum,

165 1667 185 1707 a
206 1640 305 1710 ὀελκον
328 1642 439 1726 potius
464 1664 562 1726 quam
584 1641 626 1707 ab
654 1639 733 1709 εἴκω
754 1645 969 1729 repetendum
988 1642 1132 1717 videtur3
1159 1642 1278 1718 Δεικές

104 1773 111 1789 ·
163 1739 322 1826 λαμπρόν
353 1739 491 1824 ὅμοιον·
522 1739 687 1829 γράφεται
722 1743 778 1810 καὶ
810 1745 925 1821 onata
950 1743 1030 1807 EM.
1059 1751 1091 1807 et
1112 1739 1278 1819 Ἔνδεοκές

163 1842 307 1930 ἐμφερές
328 1843 411 1906 Hes.
441 1840 618 1907 cohaerent
649 1864 723 1908 cum
752 1842 976 1930 πολοδεοκής,
1009 1842 1100 1927 quod
1128 1842 1278 1906 nonnulli

162 1945 310 2008 Homero
341 1940 528 2007 obtulerunt
560 1944 603 2008 ad
630 1943 880 2030 significandum
920 1944 1061 2021 πολλοῖς
1090 1941 1207 2020 ἐοικώς
1235 1943 1276 2007 ol.

164 2042 323 2109 Technul.
346 2066 379 2129 p.
402 2042 453 2107 60.
498 2043 648 2109 Nominis
671 2038 719 2124 εἷς
747 2046 848 2110 luisse
869 2045 1006 2110 formam
1027 2044 1278 2109 reconditiorem

163 2144 232 2223 ὀεῖς
254 2144 483 2221 (dramatici,
507 2166 591 2228 quos
613 2146 841 2212 Mehlhomins
864 2147 898 2209 in
920 2145 1063 2211 Gramm.
1089 2149 1114 2230 ξ.
1139 2145 1210 2208 110.
1241 2168 1275 2230 p.

164 2245 236 2310 113.
260 2244 370 2307 adnot.
394 2244 428 2307 in
449 2244 669 2310 testimonium
691 2245 803 2325 vocat,
831 2270 899 2312 non
928 2256 1085 2310 testantur
1105 2245 1164 2310 sed
1186 2245 1275 2311 Gud.

160 2344 234 2422 439,
259 2345 309 2409 19.
339 2342 375 2409 ἐκ
402 2338 529 2441 τῆς-οὖ
560 2339 728 2432 ἀρνήσεως
756 2348 813 2413 καλ
840 2352 901 2413 τοῦ
932 2339 980 2423 εἷς
1010 2346 1133 2432 γίνεται
1165 2341 1278 2422 οἰνοελς

160 2447 366 2532 πλεονασμῷ
383 2448 444 2509 τοῦ
463 2451 490 2510 δ.
536 2443 646 2510 Ceteri
674 2445 737 2510 hoc
763 2446 862 2511 modo
897 2446 1009 2512 dicrmt
1035 2439 1084 2524 εἷς
1110 2445 1276 2509 numerale

162 2568 244 2623 esse,
271 2545 340 2622 ὀείς
363 2565 439 2608 vero
464 2567 644 2630 pronomen
666 2545 753 2609 idem
777 2547 963 2633 significans
993 2547 1083 2632 quod
1105 2545 1156 2624 τίς
1181 2546 1275 2610 inde-

160 2647 286 2712 finitum
306 2666 345 2708 ao
366 2646 505 2730 proinde
529 2641 568 2714 οὔ
592 2647 660 2723 deig
678 2645 759 2710 nihil
784 2649 912 2714 differre
941 2647 983 2713 ab
1005 2642 1046 2714 οὔ
1075 2672 1126 2724 εις
1146 2645 1198 2710 vel
1220 2642 1277 2712 οὐ-

160 2747 270 2831 δομός
291 2746 326 2809 id
349 2756 399 2810 est
418 2743 494 2814 οὐδ’
519 2743 614 2832 ἆμός,
637 2747 727 2832 quod
748 2748 775 2811 si
796 2750 842 2813 ita
864 2772 899 2814 se
914 2748 1059 2824 haberet,
1082 2747 1274 2833 pleonasmo

160 2847 322 2912 laboraret
341 2842 451 2925 οὐδείς
472 2873 522 2927 τις
543 2871 573 2911 r.
585 2851 763 2913 Hermann.
786 2851 829 2915 ad
840 2851 963 2915 Alcest.
982 2850 1032 2914 79.
1055 2850 1178 2916 Verum
1194 2846 1276 2910 illud

162 2949 240 3026 ὁείς,
266 2957 303 3011 ut
323 2946 514 3012 Eustathius
537 2948 634 3015 docet
656 2950 733 3027 710,
755 2952 807 3015 30.
836 2952 967 3017 omnino
988 2949 1177 3014 inusitatum
1197 2947 1274 3022 luit3

159 3059 274 3116 neutro
298 3050 352 3117 δέν
372 3049 581 3116 Democritus
603 3073 682 3116 usus
714 3061 764 3116 est
793 3054 835 3116 ad
857 3050 1105 3136 significandum
1127 3047 1162 3112 id
1184 3047 1276 3132 quod

160 3150 355 3218 contrarium
377 3162 464 3215 esset
484 3156 531 3239 τῷ
553 3148 648 3221 οὐδέν
669 3151 732 3217 hoc
755 3165 805 3217 est
825 3150 864 3219 τό
886 3149 924 3218 ὅν
947 3150 1136 3239 oppositum
1155 3154 1207 3235 api
1227 3148 1274 3234 μὴ

159 3249 232 3319 ὄντι
261 3253 329 3316 sive
357 3255 404 3337 τῷ
436 3257 522 3338 κενοῖ
551 3275 581 3316 v.
611 3253 769 3318 Mullach.
795 3254 950 3321 Democr.
978 3253 1052 3316 421.
1082 3272 1120 3314 ac
1147 3249 1277 3313 videtur

161 3353 225 3419 hoc
247 3374 368 3418 nomen
389 3373 557 3435 nunquam
585 3353 677 3416 aliter
698 3362 890 3438 usurpatum
918 3375 990 3418 esse
1020 3373 1117 3438 quam
1142 3350 1177 3413 in
1206 3349 1274 3414 dis-

154 3455 327 3538 junctione
357 3463 394 3515 ut
414 3452 557 3517 Alcaeus
585 3452 668 3516 dixit
692 3447 788 3517 οὐδὲν
813 3452 849 3519 ἐκ
879 3454 973 3532 claude
1001 3456 1128 3538 γένοιτο
1159 3451 1194 3514 id
1224 3461 1275 3515 est

161 3549 257 3622 οὐδὲν
280 3550 340 3622 ἆπ)
366 3549 469 3620 ἄλλον
491 3549 630 3619 ὁτουοῦν
646 3549 687 3615 cf.
705 3550 825 3616 Parall.
846 3552 895 3618 79.
917 3552 1059 3619 Ahrens.
1077 3551 1165 3620 Dial.
1176 3552 1274 3617 Aeol.

162 3655 233 3720 128.
266 3654 491 3720 certissimum
508 3675 584 3718 vero
597 3664 823 3736 argumentum
834 3653 969 3740 praebet
979 3655 1168 3720 femininum
1180 3649 1274 3720 adde-

159 3756 237 3839 μλα,
265 3780 330 3840 quo
351 3757 447 3840 plane
475 3753 634 3842 probatur
656 3747 765 3831 οὐδείς
787 3776 827 3818 ex
856 3750 933 3822 οὐδὲ
965 3748 1014 3834 εἷς
1036 3755 1197 3821 coaluisse
1218 3774 1275 3820 ac-

162 3870 259 3924 centu
280 3869 415 3943 propter
437 3867 551 3942 typum
572 3864 706 3919 mutato.
724 3893 765 3902 -
788 3855 891 3940 Δείλη
914 3877 955 3919 ex
977 3855 1047 3941 εἱλη
1071 3868 1175 3921 ortum
1201 3876 1275 3920 esse

49 3979 52 3992 ·
160 3971 197 4023 ut
218 3958 359 4043 οἷ’μιονο
382 3954 510 4039 δαίμων
530 3959 746 4022 Buttmanuus
769 3957 937 4021 contendit
956 3957 990 4020 in
1005 3957 1112 4020 Lexil.
1134 3957 1181 4020 Il.
1202 3955 1274 4020 191.

160 4077 491 4092 ......----——

232 4130 272 4190 12)
286 4127 378 4179 Multo
393 4123 547 4196 improbius
561 4131 680 4178 errasset
692 4124 715 4177 si
733 4131 764 4177 ut
778 4123 951 4178 Doederlein
970 4124 1124 4196 suspicatur
1137 4123 1165 4177 in
1179 4122 1274 4177 Gloss.

163 4212 220 4265 tot.
235 4209 398 4280 scripturam
410 4211 537 4266 vitiosam
550 4210 649 4277 δίψιον
660 4207 822 4279 arripuisset
833 4227 885 4281 pro
898 4227 965 4265 vera
982 4207 1010 4264 δ’
1027 4214 1116 4281 lutor,
1130 4208 1209 4281 cujus
1225 4211 1274 4263 ad·

156 4294 254 4369 jectivi
267 4311 303 4349 ne
318 4295 447 4368 analogia
459 4294 574 4368 quidem
587 4291 641 4347 diei
654 4301 759 4364 potest.
