2736 4778
131 311 209 383 ott)
357 334 359 339 ·
492 306 814 375 DlsSERTaTIO
838 308 882 375 V.

216 493 242 575 ξ.
260 490 292 555 2.
335 489 582 557 Vocabulorum
600 513 684 575 quae
703 490 755 557 hic
775 491 809 557 iu
826 491 1087 577 disquisitionem
1103 492 1249 573 veniunt,

130 592 198 657 duo
220 611 425 667 numeramus
453 613 589 677 genera,
620 614 759 678 quorum
780 615 881 658 unum
905 592 939 657 iu
963 591 1152 658 adverbium
1171 594 1248 673 exit,

131 692 268 759 altemm
292 692 328 757 in
352 715 483 759 nomen.
526 692 581 761 Illi
608 694 799 783 suppositae
827 703 904 758 sunt
931 704 996 759 tres
1025 695 1154 780 species
1180 697 1248 783 pri·

129 793 266 871 mariae,
288 793 368 871 loci,
395 793 566 880 temporis,
592 794 773 879 qualitatis,
797 816 882 880 quae
906 794 1092 879 frequenter
1115 795 1249 880 quidem

128 895 215 961 inter
241 916 278 961 se
305 905 529 982 permutantur
560 896 620 961 sed
651 894 715 961 boc
741 896 777 961 iu
806 916 972 973 sermone,
1005 905 1164 980 quantum
1196 919 1247 963 rea

130 995 266 1083 patitur,
296 995 495 1083 disputanda
520 1008 605 1061 sunt.
649 994 827 1063 Localibus
853 1010 988 1063 naturae
1012 997 1127 1063 ordine
1152 1021 1247 1085 prae·

129 1099 252 1165 cedunt
280 1108 355 1165 tres.
374 1096 555 1185 particulae
584 1097 833 1184 interrogativae
858 1121 880 1163 a
907 1097 1149 1185 simplicissima
1174 1122 1247 1165 ora-

128 1200 229 1265 tionis
247 1208 340 1285 parte
362 1197 497 1263 artictdo
517 1199 683 1284 proiectae
704 1203 773 1265 τοῦ
794 1198 862 1263 sive
882 1197 984 1279 πόθι,
1006 1195 1127 1279 πόθεν,
1150 1196 1247 1267 πόσε.

128 1301 256 1365 Harum
281 1299 418 1386 primam
441 1299 560 1367 Graeci
586 1298 682 1384 hujus
704 1300 818 1365 aetads
846 1297 1084 1386 praepositioni
1110 1298 1246 1385 subjun-

129 1409 212 1486 gunt
233 1394 303 1467 ἀπὸ
327 1404 398 1467 ποῦ
422 1399 490 1464 sive
513 1395 662 1480 ἀποποῡ,
685 1411 723 1465 ut
745 1399 781 1464 fit
801 1400 836 1465 in
856 1399 980 1485 linguis
1001 1399 1247 1479 recentioribus,

127 1501 253 1587 etjam
277 1501 404 1587 aliquot
426 1512 513 1569 retro
540 1500 658 1567 seculis
680 1500 822 1575 Tuetzes
846 1499 934 1567 Chil.
955 1500 984 1565 Ι.
1010 1501 1082 1567 837.
1108 1497 1147 1569 ἐκ
1168 1506 1247 1579 ποῦ,

129 1602 381 1690 locupletiorum
408 1625 485 1671 vero
516 1614 684 1669 auctorum
711 1602 848 1689 nullus.¹
884 1601 953 1670 Sed
980 1600 1063 1667 illud
1092 1601 1188 1691 ἕμπῆ
1214 1602 1247 1667 iu

128 1702 288 1795 Phalaeci
315 1704 432 1790 Epigr.
454 1726 496 1768 ex
518 1702 553 1770 ἓν
573 1709 623 1794 πῇ
647 1703 695 1788 (in
716 1702 789 1789 ubi)
819 1702 1039 1791 compositum
1066 1724 1139 1769 esse
1169 1724 1246 1768 con·

19 1860 25 1865 .
121 1807 286 1890 jacturam
308 1803 372 1869 feci
400 1803 435 1868 in
455 1804 547 1869 Diss.
569 1805 598 1870 1.
621 1826 650 1870 c.
672 1804 752 1872 VII.
773 1828 807 1871 n.
826 1804 963 1871 XVIII.
1006 1800 1128 1871 Πόθον
1147 1802 1246 1869 inter-

128 1905 314 1993 rogativum
333 1905 455 1969 nullam
481 1904 668 1991 hujusmodi
689 1906 878 1971 societatem
898 1904 960 1969 init
979 1915 1108 1991 practer
1126 1899 1244 1985 Ἐιιτο-

128 2008 257 2094 aarum
286 2005 363 2091 (sic)
395 2003 507 2073 πόθεν
535 2002 625 2094 ἥκεις
652 2007 736 2072 Hes.
765 2006 857 2092 quod
884 2005 1070 2073 boeoticum
1098 2005 1246 2083 videtur3

127 2108 248 2176 Boeoti
270 2108 356 2174 enim
381 2129 442 2195 pro
466 2106 678 2174 indicebant
704 2107 756 2185 ἐς,
784 2104 931 2193 ἔςγονος,
959 2106 994 2183 ἐς
1019 2111 1188 2187 Μουσῶν,
1216 2116 1247 2173 et

127 2206 395 2289 tonsorentur,
418 2231 478 2295 pro
502 2230 567 2293 quo
591 2218 698 2273 tamen
719 2205 801 2273 nihil
823 2207 938 2272 afferre
959 2230 1097 2295 possum
1119 2219 1247 2295 praeter

127 2308 195 2379 ὅθι
228 2310 372 2401 Taetzae
405 2310 654 2395 frequentatum.
714 2308 852 2373 Minimo
886 2330 962 2374 vero
998 2308 1141 2375 declinat
1177 2333 1246 2377 eam

128 2412 241 2479 ποθέν
265 2410 488 2487 indefinitum,
517 2409 649 2494 quando
677 2409 748 2475 sine
776 2432 854 2475 cusu
882 2409 1023 2476 nominis
1053 2411 1190 2498 ponitur
1213 2424 1247 2477 ut

127 2507 244 2599 ἀηδών
282 2507 429 2577 ἔκποθεν
468 2505 669 2598 ηἐρόσοιτος
707 2506 766 2576 ἐπὶ
803 2507 1026 2594 στομάτεσσιν
1065 2511 1246 2598 ἐφεζομένη

127 2611 296 2677 Christod.
318 2610 442 2697 Ecphr.
465 2633 494 2674 v.
520 2610 590 2674 129.
615 2611 724 2675 idest
750 2606 882 2678 ὁπόθεν
906 2605 964 2677 οὖν
992 2609 1060 2674 sive
1088 2611 1127 2691 ἐξ
1154 2610 1246 2679 oiov·

129 2715 298 2797 ὀητιοτοῦν
329 2709 453 2787 τόπου,
489 2720 522 2774 ot
554 2707 703 2778 ἔκποθεν
735 2710 810 2793 ἐμοὶ
843 2713 956 2795 γέγονε
989 2713 1079 2796 quod
1106 2714 1246 2779 Antinlt.

126 2811 233 2878 Bekk.
257 2811 309 2888 93,
332 2810 362 2875 9.
392 2810 486 2875 affert
512 2810 623 2876 nescio
646 2813 733 2875 unde
756 2822 906 2876 sumtum.
951 2810 1020 2878 Ubi
1046 2836 1124 2879 vcro
1153 2815 1246 2901 geui-

130 2913 214 2978 tivus
247 2911 394 2997 sequitur
419 2933 449 2976 v.
472 2934 500 2977 c.
527 2908 673 2979 ἔκποθεν
703 2905 900 2997 Οὐλύμποιο
930 2924 962 2977 et
989 2912 1052 2977 aha
1069 2915 1118 2997 ³),
1150 2938 1246 3002 prae·

127 3016 327 3103 positionem
358 3036 432 3080 cum
464 3013 528 3079 hoc
561 3011 793 3099 comprehendi
827 3014 994 3090 convenit,
1030 3037 1095 3099 quo
1126 3015 1248 3081 tollitur

128 3117 303 3203 synthesis.
343 3108 397 3194 Ἐξ
417 3115 502 3182 ὅθεν
528 3114 696 3181 Nicander
717 3114 829 3201 posuit
851 3114 915 3179 Th.
935 3116 1009 3181 318.
1031 3139 1092 3202 pro
1117 3138 1181 3201 quo
1209 3139 1248 3184 ta

127 3230 264 3303 tempore
285 3216 337 3280 vel
359 3236 423 3299 quo
440 3218 476 3281 de
494 3235 593 3281 causa
611 3216 658 3280 sic
676 3227 713 3280 ut
731 3216 933 3302 praepositio
953 3218 996 3280 ad
1015 3240 1154 3285 sensum
1167 3217 1247 3283 nihil

125 3320 287 3396 conterat,
305 3328 336 3383 et
352 3316 498 3382 similiter
512 3315 764 3383 demonstrativo
781 3316 882 3381 utitur
891 3319 1090 3404 Apollonius
1102 3321 1165 3387 IV.
1174 3320 1247 3385 526.

127 3414 298 3504 Κεραύνια
320 3416 557 3504 κικλήσκονται
580 3414 734 3497 ἔκτοθεν,
764 3418 855 3503 quod
876 3441 917 3484 ne
939 3420 1061 3485 incauti
1083 3444 1144 3507 pro
1169 3422 1248 3487 sirn-

125 3518 205 3606 plici
233 3516 373 3586 ἔκτοθεν
397 3517 574 3604 accipiant,
605 3518 657 3584 vel
686 3508 826 3585 ἐκτόθεν
855 3520 996 3589 scribere
1022 3534 1166 3610 praestat
1197 3524 1248 3591 vel

126 3618 164 3685 ἐκ
186 3616 296 3684 τόθεν.
343 3618 526 3685 Obscurius
545 3630 719 3705 estusque
741 3619 817 3685 alibi
835 3621 954 3687 lectum
976 3622 1058 3688 illud
1079 3624 1113 3688 iu
1128 3624 1247 3706 Quint.

125 3720 186 3786 IV.
209 3717 261 3782 29.
283 3723 403 3802 μοῖραι
426 3712 545 3788 ἄλλοτε
564 3719 786 3805 fildas-coruus,
810 3719 931 3789 liltore
954 3720 986 3790 δ’
1012 3717 1091 3791 οὗτε
1115 3723 1247 3793 ἔκτοθι

126 3817 353 3897 κιθαίνοισαι,
378 3842 444 3904 quo
470 3822 557 3886 ducti
580 3823 847 3907 dungermannus
873 3836 905 3887 et
927 3823 1080 3909 Koechly
1101 3826 1147 3890 11.
1170 3827 1247 3893 418.

124 3922 298 3987 ediderunt
326 3911 364 3985 th
387 3918 513 3988 ἔκτοθι
543 3919 749 4009 trepidamus
768 3918 959 4006 Ἓοτιεοίόις
981 3925 1157 4014 θρέψαντο
1185 3952 1248 4015 pro

194 4159 222 4224 θ)
243 4157 394 4231 Utriusque
414 4155 526 4228 generis
550 4155 688 4227 exempla·
702 4158 891 4212 confuderunt
909 4160 1088 4215 Ilermanuus
1111 4163 1147 4215 de
1167 4163 1247 4219 Sect.

126 4240 220 4295 Poett.
233 4245 293 4297 823.
314 4243 455 4316 Spitzner.
473 4245 612 4298 Observa.
631 4240 660 4297 in
673 4242 767 4306 Quint.
781 4249 805 4299 o.
824 4253 853 4298 ot
869 4245 1009 4314 Tychaan.
1023 4246 1117 4302 Praef.
1132 4246 1210 4304 LVI.
