2736 4778
331 370 389 439 DE
411 368 808 456 Paoscunmnmsmu
851 369 922 439 Μ
945 369 1043 440 (MV.
1193 372 1257 441 219
1323 405 1326 410 ·

135 539 168 605 in
190 535 253 604 fine
274 520 450 604 enuntiati
473 527 672 618 seponatur
692 541 768 603 ante
789 535 938 617 vocalem,
960 554 1024 603 non
1045 518 1115 614 cdx,
1139 544 1172 605 at
1185 557 1257 622 pro·
1347 560 1364 611 ἡ

135 645 208 723 pter
228 640 354 730 μηκέτι.
398 637 468 705 Hoc
489 637 583 704 aliter
603 639 731 721 quidem
745 639 861 721 accipit
874 639 1086 721 Buttmannus
1106 646 1258 725 tanquam

136 762 174 810 ex
195 742 242 831 μὴ
266 737 373 808 οὐκέτι
401 745 598 808 contractum
631 747 664 809 et
686 742 947 824 adstipulatorem
964 742 1077 809 -hsbet
1096 742 1257 812 Handium

137 847 179 913 ad
191 845 323 912 Turseli
336 844 370 912 T.
382 845 427 913 IV
439 864 468 928 p.
481 843 533 926 92,
556 845 614 912 aed
633 844 703 910 iure
724 845 914 927 reprobatur
935 845 976 912 ab
998 845 1158 913 Ellendtio
1178 847 1253 914 Lex.
1336 880 1350 896 ·

141 948 236 1033 Soph.
258 948 291 1015 11
315 946 385 1042 119.
428 947 496 1015 Nec
516 953 624 1015 tamen
644 948 862 1031 pleonasmum
895 949 1041 1030 dixerim,
1074 950 1132 1016 sed
1152 951 1258 1033 potius

134 1052 282 1135 negativo
293 1047 403 1120 οὐκέτι
415 1069 474 1134 per
484 1051 711 1135 synecdromen
727 1048 867 1118 affictum
888 1057 925 1118 ut
947 1047 1022 1135 οὐχί
1041 1052 1131 1142 μηχί,
1156 1049 1258 1120 οὐδα-

132 1159 205 1240 μῶς
236 1156 415 1239 suadereris.
459 1152 578 1221 Vocem
599 1152 774 1235 simplicem
806 1160 880 1220 ante
917 1155 1058 1222 vocalem
1091 1149 1183 1222 medo
1217 1153 1257 1225 οὔ
1323 1188 1327 1195 ·

138 1257 244 1338 scribi,
266 1258 360 1324 modo
381 1254 441 1324 cix
462 1254 636 1324 fluctuante
656 1256 787 1338 insuper
809 1263 950 1339 accentu,
971 1259 1005 1324 in
1027 1262 1259 1328 commentariis

133 1362 303 1430 doctorum
323 1361 442 1446 iterum
462 1359 641 1443 iterumque
663 1358 849 1426 adnotatum
870 1365 929 1441 est,
952 1361 1010 1428 sed
1031 1380 1123 1430 nemo
1146 1363 1259 1446 adhuc,

133 1463 218 1549 quod
240 1463 387 1547 equidem
409 1464 516 1545 sciam,
549 1460 694 1544 exempla
714 1463 891 1544 generatim
913 1463 1076 1546 disposuit
1120 1465 1258 1533 Multum

133 1572 241 1635 antem
263 1564 377 1649 differt
399 1571 506 1634 utrum
528 1564 788 1633 antecedentibus
808 1566 1005 1649 adnectatur,
1027 1586 1069 1633 an
1090 1569 1259 1636 cohaereat

134 1689 206 1739 cum
229 1670 450 1753 sequentibus,
473 1688 514 1736 an
536 1668 672 1752 deniqne
693 1669 892 1751 parenthesis
914 1670 1016 1736 instar
1037 1671 1185 1754 utrinque
1207 1691 1257 1738 se·

128 1780 243 1858 parata
264 1775 314 1841 sit
352 1774 499 1839 Poetae
521 1771 649 1855 quidem
670 1770 730 1839 hcc
741 1772 919 1841 discrimine
930 1773 1112 1858 posthabito
1133 1776 1166 1842 in
1186 1795 1256 1842 ver·

133 1877 220 1944 sibus
244 1877 358 1944 mediis
385 1879 567 1943 constanter
598 1870 656 1942 cdx
689 1875 832 1944 scribunt
861 1877 968 1970 hiatus
1000 1877 1122 1944 vitandi
1153 1897 1257 1960 cansa,

125 1981 218 2065 quod
239 1980 425 2064 probatione
446 1979 524 2046 nihil
546 1984 632 2062 eget3
665 1980 698 2045 in
719 1976 807 2046 exitu
828 1997 933 2047 secus:
967 1985 1038 2060 τοῖς
1063 1980 1124 2050 uir
1146 1978 1258 2068 λόγοις

134 2077 287 2172 εἷῖφρανε,
311 2086 381 2161 τοῖς
403 2079 432 2150 δ’
456 2079 603 2169 ἔργοισιν
624 2073 708 2169 odit
726 2074 830 2167 Οἶμαι
853 2082 891 2151 δὲ
914 2118 950 2132 -
976 2081 1080 2150 Orest
1103 2080 1176 2166 281,
1208 2085 1257 2170 μὰ

130 2182 188 2254 τὸν
207 2181 373 2262 Ἀπόλλω,
398 2183 544 2271 ἐγὼμὲν
567 2175 706 2270 citimi
730 2185 793 2273 γὰρ
816 2178 887 2265 οἷός
908 2181 935 2252 c'
955 2182 1019 2271 εἴμ’
1044 2187 1182 2256 AaPue
1208 2188 1257 2270 16,

130 2295 164 2357 et
184 2288 239 2356 ubi
261 2289 363 2356 altera
383 2305 520 2371 persona
540 2287 722 2354 intersedit:
746 2283 807 2355 oia
829 2266 1030 2375 ἕνθρωποςς
1070 2285 1129 2370 Oi,
1151 2290 1161 2378 11
1183 2288 1256 2360 ἀλλ’

131 2387 304 2472 ἀθάνατος
324 2391 401 2458 Aah
419 2389 468 2472 16,
492 2390 571 2479 τῇδε
591 2389 652 2473 μὲν
674 2389 737 2478 γὰρ
760 2383 810 2458 cri.
828 2388 996 2479 ΙΙἈδικεῒς
1015 2394 1152 2482 μσρνν.
1167 2395 1258 2464 1220.

130 2496 190 2565 His
212 2496 290 2563 locis
312 2493 491 2562 Brunckius
513 2491 620 2574 kappa
640 2493 797 2575 appinxit,
831 2494 909 2580 quiq
929 2516 1061 2581 cepam
1093 2521 1203 2564 com
1237 2523 1258 2564 α

130 2598 236 2666 wcali
254 2598 376 2684 campio,
398 2597 495 2680 idque
518 2595 560 2662 ad
570 2593 703 2678 Lysisir.
726 2595 789 2663 875
812 2595 1001 2666 festinanter
1021 2599 1136 2684 probat
1152 2620 1257 2670 exem·

132 2703 194 2788 plis
217 2720 235 2769 e
258 2702 363 2769 medic
384 2717 481 2768 versu
501 2698 658 2782 repetitis,
681 2717 763 2783 quae
784 2700 888 2769 ubivis
910 2703 1068 2787 leguntur.
1110 2703 1160 2774 De
1182 2724 1257 2791 poe·

133 2807 175 2873 tis
198 2823 290 2872 nemo
313 2804 454 2886 dubitat;
476 2803 534 2870 sed
555 2801 867 2871 indiscrimenuenit
888 2823 1013 2874 sermo
1036 2812 1257 2878 communis.

130 2907 191 2977 Hic
212 2910 240 2975 si
261 2908 418 2992 particula
438 2906 587 2990 negativa
609 2904 698 2972 colon
720 2903 799 2988 finit,
832 2925 971 2975 consona
992 2909 1184 2976 abstinetur:
1217 2912 1256 2978 τὸ

128 3006 238 3098 νίτρον
249 3007 381 3098 τήκεται
391 3008 463 3094 μὲν,
486 3008 635 3094 aiyyarcu
648 3002 678 3074 δ’
692 3001 744 3091 ob‘,
768 3004 820 3076 ὅτι
835 3010 981 3078 --Arisb
993 3011 1125 3080 Metitur.
1136 3012 1183 3080 IV
1194 3012 1214 3082 9
1226 3015 1256 3082 b.

128 3132 159 3197 p.
182 3111 223 3179 23
247 3118 281 3180 et
302 3113 364 3194 alh,
386 3132 415 3179 v.
438 3110 480 3179 ad
498 3109 615 3194 Phryn
638 3109 689 3192 51,
717 3112 917 3196 maximeque
950 3114 983 3182 in
1015 3114 1152 3184 formula
1182 3136 1255 3200 per·

131 3215 216 3297 trita,
239 3234 321 3299 quae
344 3215 481 3298 speciem
503 3213 728 3297 interrogandi
750 3215 815 3281 vim
835 3213 1014 3285 affirmandi
1035 3216 1147 3286 habet:
1169 3220 1255 3288 καλὰ

135 3415 416 3507 αἰοχυντηροτίρω
429 3417 535 3507 ἐστόν
558 3423 633 3501 πῶς
644 3420 707 3508 γὰρ
720 3415 762 3488 oi»
767 3445 776 3504 3
797 3420 824 3489 ὅ
846 3447 882 3510 ya
894 3459 930 3473 ·-
945 3423 1026 3492 Plot.
1038 3423 1133 3509 Gorg.
1144 3424 1207 3516 487
1220 3428 1257 3510 Β,

129 3525 203 3602 πῶς
225 3517 255 3590 δ’
278 3521 336 3599 οἷ’;
371 3517 536 3607 cipriano
558 3515 626 3611 c’a‘pu
650 3562 686 3576 ·-
712 3524 777 3593 civ.
800 3526 829 3593 V
850 3524 914 3593 «157
937 3526 975 3608 A,
1009 3530 1167 3615 nricydp
1201 3524 1257 3613 οὕς

120 3618 260 3713 Ἄνδρες
281 3626 377 3711 Legg.
406 3626 451 3693 IV
474 3626 536 3693 715
558 3626 596 3694 Ε.
640 3628 691 3695 hd
712 3630 847 3696 alteram
874 3629 1011 3712 speciem
1041 3633 1195 3713 partinet,
1228 3635 1256 3700 si

129 3729 287 3812 particula
307 3747 380 3796 cum
401 3730 606 3812 sequentibus
627 3732 752 3799 vinculo
773 3732 952 3800 continetur
974 3735 1162 3817 syntaetico:
1195 3733 1255 3802 οὐκ

129 3829 207 3920 ἔφη,
231 3826 288 3899 οὐκ
310 3824 398 3900 οἶδα.
443 3833 541 3917 Cuius
561 3835 609 3901 rei
631 3835 822 3903 mentionem
850 3834 996 3907 fecissem
1027 3837 1161 3920 nullam,
1194 3839 1256 3906 nisi

129 3953 208 4017 opus
230 3936 392 4002 videretur
413 3955 556 4017 monere,
589 3939 671 4005 hanc
692 3938 926 4006 cohaerentiam
947 3958 1010 4006 non
1038 3939 1106 4006 tolli
1139 3960 1254 4023 paren·

128 4038 228 4104 thesi:
251 4036 285 4106 ac'
306 4035 336 4106 δ’
351 4033 423 4119 οὐκ,
438 4034 531 4126 ἔφην,
544 4030 639 4118 oldam
663 4039 778 4127 quidni
784 4039 904 4106 aethon?
925 4040 1004 4107 Xen.
1016 4038 1091 4107 Oea
1103 4041 1212 4111 XVIII
1223 4044 1253 4126 4,

129 4135 197 4216 οὐκ,
220 4132 328 4224 οἶμαι,
352 4138 523 4228 γενήσεται
546 4147 615 4222 etc,
637 4144 825 4226 quibuscum
847 4161 939 4209 nemo
961 4142 1131 4210 confundet
1162 4147 1255 4215 alitor

129 4243 283 4324 ordinata,
305 4262 386 4327 quac
409 4243 450 4309 ad
472 4244 607 4326 primam
630 4249 767 4328 speciem
788 4247 962 4328 pertinent:
997 4251 1070 4327 πῶς
1092 4247 1154 4336 γὰρ
1178 4242 1252 4325 oin

129 4346 206 4436 ἔφη·
229 4347 284 4416 καὶ
306 4351 406 4415 coito
432 4385 467 4396 -
492 4347 654 4417 Plateia
676 4348 775 4418 1351
799 4348 837 4430 Β,
870 4348 904 4417 τί
924 4347 988 4438 γὰρ
1011 4343 1087 4433 οὔκ,
1120 4344 1140 4442 ἢ
1164 4347 1193 4420 δ’
1216 4351 1254 4435 ὅς
