<?xml version="1.0" encoding="UTF-8"?>
<!DOCTYPE html PUBLIC "-//W3C//DTD XHTML 1.0 Transitional//EN"
    "http://www.w3.org/TR/xhtml1/DTD/xhtml1-transitional.dtd">
<html xmlns="http://www.w3.org/1999/xhtml" xml:lang="en" lang="en">
 <head>
  <title>
</title>
<meta http-equiv="Content-Type" content="text/html;charset=utf-8" />
  <meta name='ocr-system' content='tesseract 3.04.00' />
  <meta name='ocr-capabilities' content='ocr_page ocr_carea ocr_par ocr_line ocrx_word'/>
</head>
<body>
  <div class='ocr_page' id='page_1' title='image "./pathologiaegrae00lobegoog_0576.png"; bbox 0 0 2736 4778; ppageno 0'>
   <div class='ocr_carea' id='block_1_1' title="bbox 208 316 964 413">
    <p class='ocr_par' dir='ltr' id='par_1_1' title="bbox 208 316 964 413">
     <span class='ocr_line' id='line_1_1' title="bbox 208 316 964 413; baseline -0.001 -15"><span class='ocrx_word' id='word_1_1' title='bbox 208 329 284 413; x_wconf 64' lang='grc' dir='ltr'>ατς</span> <span class='ocrx_word' id='word_1_2' title='bbox 570 316 890 401; x_wconf 76' lang='lat' dir='ltr'>DISsnRT&#39;Arlo</span> <span class='ocrx_word' id='word_1_3' title='bbox 920 327 964 400; x_wconf 83' lang='lat' dir='ltr'><strong>v.</strong></span> 
     </span>
    </p>
   </div>
   <div class='ocr_carea' id='block_1_2' title="bbox 207 509 1324 1210">
    <p class='ocr_par' dir='ltr' id='par_1_2' title="bbox 207 509 1324 1210">
     <span class='ocr_line' id='line_1_2' title="bbox 210 509 1324 604; baseline -0.004 -20"><span class='ocrx_word' id='word_1_4' title='bbox 210 511 365 604; x_wconf 78' lang='grc' dir='ltr'><strong><em>ἀφορμὴν</em></strong></span> <span class='ocrx_word' id='word_1_5' title='bbox 386 513 422 580; x_wconf 82' lang='grc' dir='ltr'>δὲ</span> <span class='ocrx_word' id='word_1_6' title='bbox 444 509 510 596; x_wconf 71' lang='grc' dir='ltr'><strong><em>ἔχει</em></strong></span> <span class='ocrx_word' id='word_1_7' title='bbox 530 509 550 602; x_wconf 77' lang='grc' dir='ltr'><strong><em>ἡ</em></strong></span> <span class='ocrx_word' id='word_1_8' title='bbox 571 510 656 582; x_wconf 78' lang='grc' dir='ltr'><strong><em>κατεῖ</em></strong></span> <span class='ocrx_word' id='word_1_9' title='bbox 677 511 834 584; x_wconf 77' lang='grc' dir='ltr'><strong><em>σύνθεσιν</em></strong></span> <span class='ocrx_word' id='word_1_10' title='bbox 855 509 1043 601; x_wconf 75' lang='grc' dir='ltr'><em>ἀνάγνωσις</em></span> <span class='ocrx_word' id='word_1_11' title='bbox 1062 513 1123 602; x_wconf 75' lang='grc' dir='ltr'>τὴν</span> <span class='ocrx_word' id='word_1_12' title='bbox 1143 512 1324 604; x_wconf 78' lang='grc' dir='ltr'><strong><em>ποιητικὴν</em></strong></span> 
     </span>
     <span class='ocr_line' id='line_1_3' title="bbox 208 611 1322 706; baseline -0.004 -22"><span class='ocrx_word' id='word_1_13' title='bbox 208 625 335 706; x_wconf 79' lang='grc' dir='ltr'>χρῆσιν,</span> <span class='ocrx_word' id='word_1_14' title='bbox 355 613 429 705; x_wconf 79' lang='grc' dir='ltr'><strong><em>ἥτις</em></strong></span> <span class='ocrx_word' id='word_1_15' title='bbox 446 615 488 682; x_wconf 85' lang='grc' dir='ltr'>τὰ</span> <span class='ocrx_word' id='word_1_16' title='bbox 508 615 594 683; x_wconf 84' lang='grc' dir='ltr'><strong><em>κατὰ</em></strong></span> <span class='ocrx_word' id='word_1_17' title='bbox 612 613 807 701; x_wconf 77' lang='grc' dir='ltr'><strong><em>παράθεσιν</em></strong></span> <span class='ocrx_word' id='word_1_18' title='bbox 824 611 988 694; x_wconf 79' lang='grc' dir='ltr'><strong><em>πολλάκις</em></strong></span> <span class='ocrx_word' id='word_1_19' title='bbox 1005 611 1075 682; x_wconf 75' lang='grc' dir='ltr'><strong><em>ἑνοῖ</em></strong></span> <span class='ocrx_word' id='word_1_20' title='bbox 1094 611 1139 694; x_wconf 81' lang='grc' dir='ltr'>ὡς</span> <span class='ocrx_word' id='word_1_21' title='bbox 1155 614 1195 682; x_wconf 88' lang='grc' dir='ltr'>τὸ</span> <span class='ocrx_word' id='word_1_22' title='bbox 1215 637 1322 682; x_wconf 85' lang='grc' dir='ltr'><strong><em>πασι-</em></strong></span> 
     </span>
     <span class='ocr_line' id='line_1_4' title="bbox 208 715 1322 807; baseline -0.004 -19"><span class='ocrx_word' id='word_1_23' title='bbox 208 722 356 807; x_wconf 82' lang='grc' dir='ltr'><strong><em>μέλσυσα</em></strong></span> <span class='ocrx_word' id='word_1_24' title='bbox 383 716 507 783; x_wconf 81' lang='grc' dir='ltr'><strong><em>καὶτὰ</em></strong></span> <span class='ocrx_word' id='word_1_25' title='bbox 534 721 676 784; x_wconf 85' lang='grc' dir='ltr'><strong><em>τοιαῦτα</em></strong></span> <span class='ocrx_word' id='word_1_26' title='bbox 706 715 1051 785; x_wconf 84' lang='grc' dir='ltr'><strong>8α1ιο111.ΙΙ.557.</strong></span> <span class='ocrx_word' id='word_1_27' title='bbox 1082 740 1123 784; x_wconf 87' lang='lat' dir='ltr'>ex</span> <span class='ocrx_word' id='word_1_28' title='bbox 1141 739 1218 803; x_wconf 91' lang='lat' dir='ltr'>·quo</span> <span class='ocrx_word' id='word_1_29' title='bbox 1248 739 1322 805; x_wconf 89' lang='lat' dir='ltr'>per·</span> 
     </span>
     <span class='ocr_line' id='line_1_5' title="bbox 208 816 1321 910; baseline -0.003 -23"><span class='ocrx_word' id='word_1_30' title='bbox 208 819 344 910; x_wconf 75' lang='lat' dir='ltr'>spiritur</span> <span class='ocrx_word' id='word_1_31' title='bbox 359 816 568 904; x_wconf 90' lang='lat' dir='ltr'>Pamphilum</span> <span class='ocrx_word' id='word_1_32' title='bbox 589 817 670 883; x_wconf 92' lang='lat' dir='ltr'>illud</span> <span class='ocrx_word' id='word_1_33' title='bbox 690 818 854 905; x_wconf 86' lang='lat' dir='ltr'>parathesi</span> <span class='ocrx_word' id='word_1_34' title='bbox 875 819 1073 906; x_wconf 78' lang='lat' dir='ltr'><strong>impropriae</strong></span> <span class='ocrx_word' id='word_1_35' title='bbox 1094 819 1321 907; x_wconf 72' lang='lat' dir='ltr'>adscripsisse,</span> 
     </span>
     <span class='ocr_line' id='line_1_6' title="bbox 207 916 1320 1010; baseline -0.003 -22"><span class='ocrx_word' id='word_1_36' title='bbox 207 919 374 1009; x_wconf 90' lang='lat' dir='ltr'>quomodo</span> <span class='ocrx_word' id='word_1_37' title='bbox 395 919 562 1005; x_wconf 83' lang='lat' dir='ltr'>vulgatum</span> <span class='ocrx_word' id='word_1_38' title='bbox 584 930 634 984; x_wconf 91' lang='lat' dir='ltr'>est</span> <span class='ocrx_word' id='word_1_39' title='bbox 652 919 757 985; x_wconf 87' lang='lat' dir='ltr'>Anth.</span> <span class='ocrx_word' id='word_1_40' title='bbox 780 919 863 985; x_wconf 88' lang='lat' dir='ltr'><strong>XII.</strong></span> <span class='ocrx_word' id='word_1_41' title='bbox 886 920 960 986; x_wconf 92' lang='grc'><strong>205.</strong></span> <span class='ocrx_word' id='word_1_42' title='bbox 986 918 1041 1010; x_wconf 74' lang='grc' dir='ltr'>ἔτη</span> <span class='ocrx_word' id='word_1_43' title='bbox 1065 916 1125 988; x_wconf 82' lang='grc' dir='ltr'>δύο</span> <span class='ocrx_word' id='word_1_44' title='bbox 1147 924 1205 988; x_wconf 86' lang='grc' dir='ltr'><strong><em>καί</em></strong></span> <span class='ocrx_word' id='word_1_45' title='bbox 1228 921 1320 999; x_wconf 78' lang='grc' dir='ltr'><strong><em>δέκα,</em></strong></span> 
     </span>
     <span class='ocr_line' id='line_1_7' title="bbox 208 1017 1323 1108; baseline -0.004 -17"><span class='ocrx_word' id='word_1_46' title='bbox 208 1023 435 1091; x_wconf 85' lang='lat' dir='ltr'>Herodianum</span> <span class='ocrx_word' id='word_1_47' title='bbox 465 1043 542 1088; x_wconf 83' lang='lat' dir='ltr'>vero</span> <span class='ocrx_word' id='word_1_48' title='bbox 572 1022 741 1108; x_wconf 87' lang='lat' dir='ltr'>propriae,</span> <span class='ocrx_word' id='word_1_49' title='bbox 772 1043 856 1106; x_wconf 89' lang='lat' dir='ltr'>quae</span> <span class='ocrx_word' id='word_1_50' title='bbox 884 1020 970 1087; x_wconf 81' lang='grc' dir='ltr'><strong><em>κατὰ</em></strong></span> <span class='ocrx_word' id='word_1_51' title='bbox 1001 1017 1157 1088; x_wconf 76' lang='grc' dir='ltr'><strong><em>σύνθεσιν</em></strong></span> <span class='ocrx_word' id='word_1_52' title='bbox 1185 1021 1253 1088; x_wconf 91' lang='lat' dir='ltr'>hoc</span> <span class='ocrx_word' id='word_1_53' title='bbox 1276 1031 1323 1087; x_wconf 82' lang='lat' dir='ltr'>ast</span> 
     </span>
     <span class='ocr_line' id='line_1_8' title="bbox 210 1121 1323 1210; baseline -0.004 -17"><span class='ocrx_word' id='word_1_54' title='bbox 210 1133 415 1193; x_wconf 83' lang='lat' dir='ltr'>tenore&#39;uno</span> <span class='ocrx_word' id='word_1_55' title='bbox 445 1123 684 1210; x_wconf 88' lang='lat' dir='ltr'>pronuntiatur.</span> <span class='ocrx_word' id='word_1_56' title='bbox 734 1123 851 1209; x_wconf 90' lang='lat' dir='ltr'>Itaque</span> <span class='ocrx_word' id='word_1_57' title='bbox 881 1121 1068 1188; x_wconf 78' lang='lat' dir='ltr'>dissolvitur</span> <span class='ocrx_word' id='word_1_58' title='bbox 1096 1121 1323 1208; x_wconf 73' lang='lat' dir='ltr'>interjectione</span> 
     </span>
    </p>
   </div>
   <div class='ocr_carea' id='block_1_3' title="bbox 102 1222 1322 1311">
    <p class='ocr_par' dir='ltr' id='par_1_3' title="bbox 102 1222 1322 1311">
     <span class='ocr_line' id='line_1_9' title="bbox 102 1222 1322 1311; baseline -0.004 -16"><span class='ocrx_word' id='word_1_59' title='bbox 102 1242 104 1246; x_wconf 81' lang='grc'>’</span> <span class='ocrx_word' id='word_1_60' title='bbox 208 1229 345 1295; x_wconf 86' lang='lat' dir='ltr'>aliorum</span> <span class='ocrx_word' id='word_1_61' title='bbox 366 1223 426 1294; x_wconf 82' lang='grc' dir='ltr'>δύα</span> <span class='ocrx_word' id='word_1_62' title='bbox 448 1225 589 1311; x_wconf 73' lang='grc' dir='ltr'><strong><em>γεγονὼς</em></strong></span> <span class='ocrx_word' id='word_1_63' title='bbox 612 1222 670 1310; x_wconf 74' lang='grc' dir='ltr'>ἔτη</span> <span class='ocrx_word' id='word_1_64' title='bbox 694 1225 749 1292; x_wconf 77' lang='grc' dir='ltr'>καὶ</span> <span class='ocrx_word' id='word_1_65' title='bbox 770 1224 850 1293; x_wconf 86' lang='grc' dir='ltr'><strong><em>δέκα</em></strong></span> <span class='ocrx_word' id='word_1_66' title='bbox 876 1224 978 1305; x_wconf 78' lang='lat' dir='ltr'>Paua.</span> <span class='ocrx_word' id='word_1_67' title='bbox 998 1223 1077 1291; x_wconf 90' lang='lat' dir='ltr'><strong>VII.</strong></span> <span class='ocrx_word' id='word_1_68' title='bbox 1099 1223 1136 1303; x_wconf 90' lang='grc'>2,</span> <span class='ocrx_word' id='word_1_69' title='bbox 1161 1224 1195 1293; x_wconf 87' lang='grc'>5.</span> <span class='ocrx_word' id='word_1_70' title='bbox 1238 1225 1322 1290; x_wconf 85' lang='lat' dir='ltr'>Item</span> 
     </span>
    </p>
   </div>
   <div class='ocr_carea' id='block_1_4' title="bbox 208 1324 1323 1420">
    <p class='ocr_par' dir='ltr' id='par_1_4' title="bbox 208 1324 1323 1420">
     <span class='ocr_line' id='line_1_10' title="bbox 208 1324 1323 1420; baseline -0.005 -23"><span class='ocrx_word' id='word_1_71' title='bbox 208 1353 268 1420; x_wconf 88' lang='lat' dir='ltr'>pro</span> <span class='ocrx_word' id='word_1_72' title='bbox 296 1333 386 1414; x_wconf 89' lang='grc' dir='ltr'><strong><em>τρεῖς</em></strong></span> <span class='ocrx_word' id='word_1_73' title='bbox 414 1324 496 1392; x_wconf 84' lang='grc' dir='ltr'><strong><em>δέκα</em></strong></span> <span class='ocrx_word' id='word_1_74' title='bbox 525 1324 755 1392; x_wconf 85' lang='lat' dir='ltr'>increbuerunt</span> <span class='ocrx_word' id='word_1_75' title='bbox 781 1326 952 1415; x_wconf 79' lang='lat' dir='ltr'>copulata·</span> <span class='ocrx_word' id='word_1_76' title='bbox 961 1324 1060 1390; x_wconf 90' lang='lat' dir='ltr'>modo</span> <span class='ocrx_word' id='word_1_77' title='bbox 1086 1347 1152 1391; x_wconf 92' lang='lat' dir='ltr'>uno</span> <span class='ocrx_word' id='word_1_78' title='bbox 1185 1338 1323 1392; x_wconf 76' lang='lat' dir='ltr'>accentu</span> 
     </span>
    </p>
   </div>
   <div class='ocr_carea' id='block_1_5' title="bbox 206 1421 1321 1518">
    <p class='ocr_par' dir='ltr' id='par_1_5' title="bbox 206 1421 1321 1518">
     <span class='ocr_line' id='line_1_11' title="bbox 206 1421 1321 1518; baseline -0.004 -18"><span class='ocrx_word' id='word_1_79' title='bbox 206 1427 435 1518; x_wconf 86' lang='grc' dir='ltr'><strong><em>τρειςκαίδεκα</em></strong></span> <span class='ocrx_word' id='word_1_80' title='bbox 460 1421 595 1511; x_wconf 72' lang='grc' dir='ltr'>ἄνδρες,</span> <span class='ocrx_word' id='word_1_81' title='bbox 623 1424 841 1513; x_wconf 73' lang='grc' dir='ltr'><strong><em>τριακαίδεκα</em></strong></span> <span class='ocrx_word' id='word_1_82' title='bbox 870 1425 927 1515; x_wconf 79' lang='grc' dir='ltr'>ἔτη</span> <span class='ocrx_word' id='word_1_83' title='bbox 954 1427 1085 1494; x_wconf 88' lang='lat' dir='ltr'>Andoc.</span> <span class='ocrx_word' id='word_1_84' title='bbox 1110 1427 1171 1494; x_wconf 92' lang='lat' dir='ltr'>Or.</span> <span class='ocrx_word' id='word_1_85' title='bbox 1192 1427 1261 1495; x_wconf 89' lang='lat' dir='ltr'><strong>III.</strong></span> <span class='ocrx_word' id='word_1_86' title='bbox 1289 1450 1321 1516; x_wconf 88' lang='lat' dir='ltr'>p.</span> 
     </span>
    </p>
   </div>
   <div class='ocr_carea' id='block_1_6' title="bbox 131 1527 1324 2128">
    <p class='ocr_par' dir='ltr' id='par_1_6' title="bbox 131 1527 1324 2128">
     <span class='ocr_line' id='line_1_12' title="bbox 207 1527 1324 1616; baseline -0.002 -16"><span class='ocrx_word' id='word_1_87' title='bbox 207 1534 265 1613; x_wconf 90' lang='grc'>24,</span> <span class='ocrx_word' id='word_1_88' title='bbox 285 1533 307 1598; x_wconf 90' lang='grc'><strong>4</strong></span> <span class='ocrx_word' id='word_1_89' title='bbox 327 1527 432 1597; x_wconf 86' lang='lat' dir='ltr'>Bekk.</span> <span class='ocrx_word' id='word_1_90' title='bbox 452 1528 538 1594; x_wconf 84' lang='lat' dir='ltr'>Plat.</span> <span class='ocrx_word' id='word_1_91' title='bbox 561 1529 669 1615; x_wconf 84' lang='lat' dir='ltr'>Legg.</span> <span class='ocrx_word' id='word_1_92' title='bbox 691 1529 788 1596; x_wconf 87' lang='lat' dir='ltr'><strong>VIII.</strong></span> <span class='ocrx_word' id='word_1_93' title='bbox 812 1527 884 1593; x_wconf 89' lang='grc'><strong>848.</strong></span> <span class='ocrx_word' id='word_1_94' title='bbox 906 1528 1005 1594; x_wconf 89' lang='lat' dir='ltr'>modo</span> <span class='ocrx_word' id='word_1_95' title='bbox 1032 1528 1124 1594; x_wconf 87' lang='lat' dir='ltr'>aliter</span> <span class='ocrx_word' id='word_1_96' title='bbox 1147 1535 1241 1616; x_wconf 87' lang='grc' dir='ltr'><strong><em>τρεῖς</em></strong></span> <span class='ocrx_word' id='word_1_97' title='bbox 1268 1529 1324 1597; x_wconf 79' lang='grc' dir='ltr'>καὶ</span> 
     </span>
     <span class='ocr_line' id='line_1_13' title="bbox 209 1627 1322 1716; baseline -0.007 -13"><span class='ocrx_word' id='word_1_98' title='bbox 209 1636 288 1703; x_wconf 85' lang='grc' dir='ltr'><strong><em>δέκα</em></strong></span> <span class='ocrx_word' id='word_1_99' title='bbox 312 1627 431 1716; x_wconf 69' lang='grc' dir='ltr'><strong><em>ἄνδρες</em></strong></span> <span class='ocrx_word' id='word_1_100' title='bbox 452 1628 550 1694; x_wconf 91' lang='lat' dir='ltr'>Pind.</span> <span class='ocrx_word' id='word_1_101' title='bbox 572 1629 628 1694; x_wconf 79' lang='lat' dir='ltr'>Fr.</span> <span class='ocrx_word' id='word_1_102' title='bbox 644 1628 683 1696; x_wconf 89' lang='lat' dir='ltr'><strong>C.</strong></span> <span class='ocrx_word' id='word_1_103' title='bbox 705 1627 783 1715; x_wconf 87' lang='grc' dir='ltr'>τριά</span> <span class='ocrx_word' id='word_1_104' title='bbox 806 1629 863 1695; x_wconf 83' lang='grc' dir='ltr'>καὶ</span> <span class='ocrx_word' id='word_1_105' title='bbox 886 1631 966 1696; x_wconf 87' lang='grc' dir='ltr'><strong><em>δέκα</em></strong></span> <span class='ocrx_word' id='word_1_106' title='bbox 987 1630 1089 1696; x_wconf 90' lang='lat' dir='ltr'>Isocr.</span> <span class='ocrx_word' id='word_1_107' title='bbox 1111 1630 1228 1697; x_wconf 83' lang='lat' dir='ltr'>Antid.</span> <span class='ocrx_word' id='word_1_108' title='bbox 1247 1630 1322 1714; x_wconf 86' lang='grc'><strong>371,</strong></span> 
     </span>
     <span class='ocr_line' id='line_1_14' title="bbox 210 1729 1322 1814; baseline -0.003 -11"><span class='ocrx_word' id='word_1_109' title='bbox 210 1735 272 1803; x_wconf 93' lang='grc'>110</span> <span class='ocrx_word' id='word_1_110' title='bbox 292 1731 397 1801; x_wconf 80' lang='lat' dir='ltr'>Bekk.</span> <span class='ocrx_word' id='word_1_111' title='bbox 412 1730 514 1796; x_wconf 80' lang='lat' dir='ltr'>Arist.</span> <span class='ocrx_word' id='word_1_112' title='bbox 534 1729 613 1794; x_wconf 91' lang='lat' dir='ltr'>Pao.</span> <span class='ocrx_word' id='word_1_113' title='bbox 627 1729 700 1794; x_wconf 88' lang='grc'><strong>988.</strong></span> <span class='ocrx_word' id='word_1_114' title='bbox 717 1730 808 1814; x_wconf 91' lang='lat' dir='ltr'>quod</span> <span class='ocrx_word' id='word_1_115' title='bbox 822 1729 1007 1797; x_wconf 89' lang='lat' dir='ltr'>Bruuokius</span> <span class='ocrx_word' id='word_1_116' title='bbox 1029 1733 1126 1798; x_wconf 88' lang='lat' dir='ltr'>etiam</span> <span class='ocrx_word' id='word_1_117' title='bbox 1146 1731 1219 1798; x_wconf 68' lang='lat' dir='ltr'>aliu</span> <span class='ocrx_word' id='word_1_118' title='bbox 1245 1730 1322 1800; x_wconf 85' lang='lat' dir='ltr'>sub-</span> 
     </span>
     <span class='ocr_line' id='line_1_15' title="bbox 209 1831 1323 1920; baseline -0.004 -16"><span class='ocrx_word' id='word_1_119' title='bbox 209 1836 312 1904; x_wconf 87' lang='lat' dir='ltr'>stituit</span> <span class='ocrx_word' id='word_1_120' title='bbox 337 1833 418 1899; x_wconf 89' lang='lat' dir='ltr'>locis</span> <span class='ocrx_word' id='word_1_121' title='bbox 444 1831 532 1897; x_wconf 87' lang='lat' dir='ltr'>Plut.</span> <span class='ocrx_word' id='word_1_122' title='bbox 558 1831 629 1896; x_wconf 87' lang='grc'><strong>194.</strong></span> <span class='ocrx_word' id='word_1_123' title='bbox 655 1843 688 1896; x_wconf 88' lang='lat' dir='ltr'>et</span> <span class='ocrx_word' id='word_1_124' title='bbox 712 1831 785 1897; x_wconf 84' lang='lat'><strong>847.</strong></span> <span class='ocrx_word' id='word_1_125' title='bbox 810 1831 876 1897; x_wconf 93' lang='lat' dir='ltr'>hoo</span> <span class='ocrx_word' id='word_1_126' title='bbox 900 1831 1026 1898; x_wconf 92' lang='lat' dir='ltr'>minore</span> <span class='ocrx_word' id='word_1_127' title='bbox 1054 1832 1200 1920; x_wconf 88' lang='lat' dir='ltr'>periculo</span> <span class='ocrx_word' id='word_1_128' title='bbox 1232 1833 1323 1920; x_wconf 89' lang='lat' dir='ltr'>quod</span> 
     </span>
     <span class='ocr_line' id='line_1_16' title="bbox 131 1931 1321 2020; baseline -0.004 -14"><span class='ocrx_word' id='word_1_129' title='bbox 131 1966 136 1983; x_wconf 68' lang='lat'>¹</span> <span class='ocrx_word' id='word_1_130' title='bbox 208 1939 290 2006; x_wconf 87' lang='lat' dir='ltr'>haec</span> <span class='ocrx_word' id='word_1_131' title='bbox 309 1935 443 2003; x_wconf 89' lang='lat' dir='ltr'>nomina</span> <span class='ocrx_word' id='word_1_132' title='bbox 462 1931 617 2020; x_wconf 77' lang='lat' dir='ltr'>perfacile</span> <span class='ocrx_word' id='word_1_133' title='bbox 639 1944 672 1996; x_wconf 88' lang='lat' dir='ltr'>et</span> <span class='ocrx_word' id='word_1_134' title='bbox 692 1932 970 2020; x_wconf 87' lang='lat' dir='ltr'>interrumpuntur</span> <span class='ocrx_word' id='word_1_135' title='bbox 990 1941 1081 2020; x_wconf 80' lang='grc' dir='ltr'><strong><em>τρεῖς</em></strong></span> <span class='ocrx_word' id='word_1_136' title='bbox 1101 1960 1136 2002; x_wconf 89' lang='grc' dir='ltr'>τε</span> <span class='ocrx_word' id='word_1_137' title='bbox 1159 1935 1218 2003; x_wconf 76' lang='grc' dir='ltr'>καῖ</span> <span class='ocrx_word' id='word_1_138' title='bbox 1240 1936 1321 2003; x_wconf 82' lang='grc' dir='ltr'><strong><em>δέκα</em></strong></span> 
     </span>
     <span class='ocr_line' id='line_1_17' title="bbox 209 2032 1321 2128; baseline -0.006 -18"><span class='ocrx_word' id='word_1_139' title='bbox 209 2036 327 2128; x_wconf 65' lang='grc' dir='ltr'><strong><em>ἄνδρες</em></strong></span> <span class='ocrx_word' id='word_1_140' title='bbox 354 2035 453 2104; x_wconf 92' lang='lat' dir='ltr'>Pind.</span> <span class='ocrx_word' id='word_1_141' title='bbox 477 2034 533 2102; x_wconf 92' lang='grc'>01.</span> <span class='ocrx_word' id='word_1_142' title='bbox 555 2035 584 2101; x_wconf 94' lang='grc' dir='ltr'>Ι.</span> <span class='ocrx_word' id='word_1_143' title='bbox 611 2034 682 2099; x_wconf 88' lang='grc'><strong>127.</strong></span> <span class='ocrx_word' id='word_1_144' title='bbox 710 2046 743 2100; x_wconf 88' lang='lat' dir='ltr'>et</span> <span class='ocrx_word' id='word_1_145' title='bbox 767 2046 1025 2123; x_wconf 87' lang='lat' dir='ltr'>transponuntur</span> <span class='ocrx_word' id='word_1_146' title='bbox 1047 2035 1132 2120; x_wconf 84' lang='grc' dir='ltr'><strong><em>μετὰ</em></strong></span> <span class='ocrx_word' id='word_1_147' title='bbox 1158 2032 1240 2121; x_wconf 84' lang='grc' dir='ltr'><strong><em>τρία</em></strong></span> <span class='ocrx_word' id='word_1_148' title='bbox 1267 2033 1321 2124; x_wconf 66' lang='grc' dir='ltr'>ἔτι]</span> 
     </span>
    </p>
   </div>
   <div class='ocr_carea' id='block_1_7' title="bbox 89 2135 1321 2224">
    <p class='ocr_par' dir='ltr' id='par_1_7' title="bbox 89 2135 1321 2224">
     <span class='ocr_line' id='line_1_18' title="bbox 89 2135 1321 2224; baseline -0.003 -17"><span class='ocrx_word' id='word_1_149' title='bbox 89 2153 93 2159; x_wconf 85' lang='grc'><strong>’</strong></span> <span class='ocrx_word' id='word_1_150' title='bbox 208 2141 266 2209; x_wconf 79' lang='grc' dir='ltr'>καὶ</span> <span class='ocrx_word' id='word_1_151' title='bbox 289 2138 368 2208; x_wconf 84' lang='grc' dir='ltr'><strong><em>δέκα</em></strong></span> <span class='ocrx_word' id='word_1_152' title='bbox 391 2136 549 2223; x_wconf 88' lang='lat' dir='ltr'>Polyaen.</span> <span class='ocrx_word' id='word_1_153' title='bbox 572 2136 670 2204; x_wconf 89' lang='lat' dir='ltr'><strong>VIII.</strong></span> <span class='ocrx_word' id='word_1_154' title='bbox 694 2136 723 2214; x_wconf 93' lang='grc'>7,</span> <span class='ocrx_word' id='word_1_155' title='bbox 746 2136 819 2202; x_wconf 90' lang='grc'><strong>253.</strong></span> <span class='ocrx_word' id='word_1_156' title='bbox 863 2138 958 2204; x_wconf 87' lang='lat' dir='ltr'>Idem</span> <span class='ocrx_word' id='word_1_157' title='bbox 977 2160 1055 2204; x_wconf 82' lang='lat' dir='ltr'>vero</span> <span class='ocrx_word' id='word_1_158' title='bbox 1076 2135 1201 2224; x_wconf 90' lang='lat' dir='ltr'>duplici</span> <span class='ocrx_word' id='word_1_159' title='bbox 1221 2137 1321 2204; x_wconf 89' lang='lat' dir='ltr'>modo</span> 
     </span>
    </p>
   </div>
   <div class='ocr_carea' id='block_1_8' title="bbox 208 2237 1321 4367">
    <p class='ocr_par' dir='ltr' id='par_1_8' title="bbox 208 2237 1321 4367">
     <span class='ocr_line' id='line_1_19' title="bbox 210 2237 1321 2327; baseline -0.001 -18"><span class='ocrx_word' id='word_1_160' title='bbox 210 2240 361 2310; x_wconf 86' lang='lat' dir='ltr'>scribitur</span> <span class='ocrx_word' id='word_1_161' title='bbox 381 2240 470 2327; x_wconf 88' lang='lat' dir='ltr'>apud</span> <span class='ocrx_word' id='word_1_162' title='bbox 491 2239 673 2305; x_wconf 90' lang='lat' dir='ltr'>Homerum</span> <span class='ocrx_word' id='word_1_163' title='bbox 694 2237 802 2325; x_wconf 91' lang='lat' dir='ltr'>ipsum</span> <span class='ocrx_word' id='word_1_164' title='bbox 826 2239 893 2306; x_wconf 92' lang='lat' dir='ltr'>Od.</span> <span class='ocrx_word' id='word_1_165' title='bbox 906 2239 1041 2307; x_wconf 88' lang='lat' dir='ltr'><strong>XXIV.</strong></span> <span class='ocrx_word' id='word_1_166' title='bbox 1060 2239 1134 2306; x_wconf 84' lang='lat'><strong>340.</strong></span> <span class='ocrx_word' id='word_1_167' title='bbox 1155 2238 1321 2326; x_wconf 80' lang='grc' dir='ltr'><strong><em>τρτιςκαῖ·</em></strong></span> 
     </span>
     <span class='ocr_line' id='line_1_20' title="bbox 210 2338 1320 2431; baseline -0.003 -19"><span class='ocrx_word' id='word_1_168' title='bbox 210 2347 308 2423; x_wconf 76' lang='lat' dir='ltr'>dexo,</span> <span class='ocrx_word' id='word_1_169' title='bbox 334 2341 425 2427; x_wconf 92' lang='lat' dir='ltr'>quod</span> <span class='ocrx_word' id='word_1_170' title='bbox 447 2338 638 2408; x_wconf 84' lang='lat' dir='ltr'>Eustathius</span> <span class='ocrx_word' id='word_1_171' title='bbox 666 2340 700 2405; x_wconf 92' lang='lat' dir='ltr'>in</span> <span class='ocrx_word' id='word_1_172' title='bbox 726 2340 928 2430; x_wconf 80' lang='lat' dir='ltr'>antigraphis</span> <span class='ocrx_word' id='word_1_173' title='bbox 955 2341 1209 2409; x_wconf 76' lang='lat' dir='ltr'>accuratioribus</span> <span class='ocrx_word' id='word_1_174' title='bbox 1231 2340 1320 2431; x_wconf 77' lang='lat' dir='ltr'>legit,</span> 
     </span>
     <span class='ocr_line' id='line_1_21' title="bbox 209 2441 1319 2531; baseline -0.002 -19"><span class='ocrx_word' id='word_1_175' title='bbox 209 2456 242 2513; x_wconf 86' lang='lat' dir='ltr'>et</span> <span class='ocrx_word' id='word_1_176' title='bbox 267 2442 493 2531; x_wconf 78' lang='grc' dir='ltr'><strong><em>τριςκαί-δεκα,</em></strong></span> <span class='ocrx_word' id='word_1_177' title='bbox 523 2442 613 2527; x_wconf 93' lang='lat' dir='ltr'>quod</span> <span class='ocrx_word' id='word_1_178' title='bbox 635 2441 777 2508; x_wconf 89' lang='lat' dir='ltr'>Wolfius</span> <span class='ocrx_word' id='word_1_179' title='bbox 808 2452 840 2509; x_wconf 90' lang='lat' dir='ltr'>et</span> <span class='ocrx_word' id='word_1_180' title='bbox 867 2443 1037 2510; x_wconf 83' lang='lat' dir='ltr'>Bekkerus</span> <span class='ocrx_word' id='word_1_181' title='bbox 1066 2467 1107 2510; x_wconf 88' lang='lat' dir='ltr'>ex</span> <span class='ocrx_word' id='word_1_182' title='bbox 1133 2443 1223 2510; x_wconf 83' lang='lat' dir='ltr'>Edd.</span> <span class='ocrx_word' id='word_1_183' title='bbox 1246 2454 1319 2511; x_wconf 78' lang='lat' dir='ltr'>vett.</span> 
     </span>
     <span class='ocr_line' id='line_1_22' title="bbox 208 2537 1320 2634; baseline -0.002 -21"><span class='ocrx_word' id='word_1_184' title='bbox 208 2546 416 2613; x_wconf 88' lang='lat' dir='ltr'>restituerunt</span> <span class='ocrx_word' id='word_1_185' title='bbox 446 2541 730 2631; x_wconf 83' lang='lat' dir='ltr'>praemonentibus</span> <span class='ocrx_word' id='word_1_186' title='bbox 761 2544 1006 2614; x_wconf 84' lang='lat' dir='ltr'>Grammaticis:</span> <span class='ocrx_word' id='word_1_187' title='bbox 1035 2546 1072 2613; x_wconf 87' lang='grc' dir='ltr'>τὸ</span> <span class='ocrx_word' id='word_1_188' title='bbox 1101 2552 1192 2631; x_wconf 82' lang='grc' dir='ltr'><strong><em>τρεῖς</em></strong></span> <span class='ocrx_word' id='word_1_189' title='bbox 1209 2537 1258 2613; x_wconf 67' lang='grc' dir='ltr'>’ἓν</span> <span class='ocrx_word' id='word_1_190' title='bbox 1283 2547 1320 2634; x_wconf 74' lang='grc' dir='ltr'>τῇ</span> 
     </span>
     <span class='ocr_line' id='line_1_23' title="bbox 208 2634 1317 2735; baseline -0.002 -19"><span class='ocrx_word' id='word_1_191' title='bbox 208 2650 364 2732; x_wconf 79' lang='grc' dir='ltr'><strong><em>συνθέσει</em></strong></span> <span class='ocrx_word' id='word_1_192' title='bbox 392 2644 577 2729; x_wconf 75' lang='grc' dir='ltr'><strong><em>ἀποβάλλει</em></strong></span> <span class='ocrx_word' id='word_1_193' title='bbox 607 2647 644 2711; x_wconf 83' lang='grc' dir='ltr'>τὸ</span> <span class='ocrx_word' id='word_1_194' title='bbox 671 2634 710 2726; x_wconf 65' lang='grc' dir='ltr'>ἶ,</span> <span class='ocrx_word' id='word_1_195' title='bbox 737 2639 837 2734; x_wconf 73' lang='grc' dir='ltr'><strong><em>ἤγουν</em></strong></span> <span class='ocrx_word' id='word_1_196' title='bbox 865 2647 899 2714; x_wconf 88' lang='grc' dir='ltr'><strong><em>έν</em></strong></span> <span class='ocrx_word' id='word_1_197' title='bbox 923 2653 971 2735; x_wconf 76' lang='grc' dir='ltr'>τῷ</span> <span class='ocrx_word' id='word_1_198' title='bbox 999 2646 1210 2732; x_wconf 80' lang='grc' dir='ltr'><strong><em>τριςκαέδεκα</em></strong></span> <span class='ocrx_word' id='word_1_199' title='bbox 1239 2647 1317 2714; x_wconf 76' lang='lat' dir='ltr'>EM</span> 
     </span>
     <span class='ocr_line' id='line_1_24' title="bbox 211 2747 1320 2840; baseline -0.002 -26"><span class='ocrx_word' id='word_1_200' title='bbox 211 2750 282 2828; x_wconf 86' lang='grc'><strong>705,</strong></span> <span class='ocrx_word' id='word_1_201' title='bbox 301 2750 350 2840; x_wconf 90' lang='grc'>17.</span> <span class='ocrx_word' id='word_1_202' title='bbox 394 2747 484 2812; x_wconf 89' lang='lat' dir='ltr'>Inter</span> <span class='ocrx_word' id='word_1_203' title='bbox 502 2758 673 2831; x_wconf 89' lang='lat' dir='ltr'>utrumque</span> <span class='ocrx_word' id='word_1_204' title='bbox 693 2748 789 2814; x_wconf 87' lang='lat' dir='ltr'>codd.</span> <span class='ocrx_word' id='word_1_205' title='bbox 808 2759 931 2814; x_wconf 90' lang='lat' dir='ltr'>tantum</span> <span class='ocrx_word' id='word_1_206' title='bbox 949 2772 1016 2813; x_wconf 91' lang='lat' dir='ltr'>non</span> <span class='ocrx_word' id='word_1_207' title='bbox 1034 2771 1146 2815; x_wconf 88' lang='lat' dir='ltr'>omnes</span> <span class='ocrx_word' id='word_1_208' title='bbox 1163 2749 1320 2816; x_wconf 87' lang='lat' dir='ltr'>fluctuant</span> 
     </span>
     <span class='ocr_line' id='line_1_25' title="bbox 209 2849 1317 2936; baseline -0.003 -17"><span class='ocrx_word' id='word_1_209' title='bbox 209 2852 346 2919; x_wconf 86' lang='lat' dir='ltr'>Aristot.</span> <span class='ocrx_word' id='word_1_210' title='bbox 371 2852 416 2916; x_wconf 90' lang='lat' dir='ltr'>Il.</span> <span class='ocrx_word' id='word_1_211' title='bbox 445 2851 510 2915; x_wconf 82' lang='lat' dir='ltr'>An.</span> <span class='ocrx_word' id='word_1_212' title='bbox 532 2850 592 2916; x_wconf 94' lang='lat' dir='ltr'>VI.</span> <span class='ocrx_word' id='word_1_213' title='bbox 618 2850 667 2915; x_wconf 87' lang='grc'><strong>19.</strong></span> <span class='ocrx_word' id='word_1_214' title='bbox 696 2873 729 2936; x_wconf 90' lang='lat' dir='ltr'>p.</span> <span class='ocrx_word' id='word_1_215' title='bbox 751 2850 824 2917; x_wconf 89' lang='grc'><strong>573.</strong></span> <span class='ocrx_word' id='word_1_216' title='bbox 846 2849 879 2915; x_wconf 93' lang='lat' dir='ltr'>b.</span> <span class='ocrx_word' id='word_1_217' title='bbox 900 2851 952 2915; x_wconf 88' lang='grc'><strong>29.</strong></span> <span class='ocrx_word' id='word_1_218' title='bbox 983 2850 1122 2916; x_wconf 91' lang='lat' dir='ltr'>Lucian.</span> <span class='ocrx_word' id='word_1_219' title='bbox 1152 2851 1195 2918; x_wconf 92' lang='lat' dir='ltr'>de</span> <span class='ocrx_word' id='word_1_220' title='bbox 1215 2853 1317 2919; x_wconf 86' lang='lat' dir='ltr'>Mero.</span> 
     </span>
     <span class='ocr_line' id='line_1_26' title="bbox 211 2951 1318 3042; baseline -0.001 -21"><span class='ocrx_word' id='word_1_221' title='bbox 211 2954 307 3021; x_wconf 88' lang='lat' dir='ltr'>cond.</span> <span class='ocrx_word' id='word_1_222' title='bbox 334 2957 359 3038; x_wconf 74' lang='grc' dir='ltr'>ξ.</span> <span class='ocrx_word' id='word_1_223' title='bbox 381 2954 433 3018; x_wconf 90' lang='grc'>37.</span> <span class='ocrx_word' id='word_1_224' title='bbox 457 2964 490 3018; x_wconf 91' lang='lat' dir='ltr'>et</span> <span class='ocrx_word' id='word_1_225' title='bbox 514 2952 565 3018; x_wconf 92' lang='lat' dir='ltr'>all.</span> <span class='ocrx_word' id='word_1_226' title='bbox 588 2975 617 3018; x_wconf 87' lang='lat' dir='ltr'><strong>v.</strong></span> <span class='ocrx_word' id='word_1_227' title='bbox 641 2952 775 3020; x_wconf 84' lang='lat' dir='ltr'>Jacobs.</span> <span class='ocrx_word' id='word_1_228' title='bbox 799 2951 841 3017; x_wconf 94' lang='lat' dir='ltr'>ad</span> <span class='ocrx_word' id='word_1_229' title='bbox 860 2951 1015 3018; x_wconf 87' lang='lat' dir='ltr'>Philostr.</span> <span class='ocrx_word' id='word_1_230' title='bbox 1040 2976 1072 3039; x_wconf 94' lang='lat' dir='ltr'>p.</span> <span class='ocrx_word' id='word_1_231' title='bbox 1095 2953 1167 3019; x_wconf 89' lang='grc'><strong>314.</strong></span> <span class='ocrx_word' id='word_1_232' title='bbox 1197 2954 1318 3042; x_wconf 89' lang='lat' dir='ltr'>Poppo</span> 
     </span>
     <span class='ocr_line' id='line_1_27' title="bbox 209 3054 1317 3142; baseline 0.001 -20"><span class='ocrx_word' id='word_1_233' title='bbox 209 3056 310 3122; x_wconf 89' lang='lat' dir='ltr'>Proll.</span> <span class='ocrx_word' id='word_1_234' title='bbox 339 3055 444 3122; x_wconf 86' lang='lat' dir='ltr'>Thuc.</span> <span class='ocrx_word' id='word_1_235' title='bbox 468 3054 543 3121; x_wconf 92' lang='lat' dir='ltr'>Vol.</span> <span class='ocrx_word' id='word_1_236' title='bbox 564 3054 593 3119; x_wconf 93' lang='lat' dir='ltr'>I.</span> <span class='ocrx_word' id='word_1_237' title='bbox 615 3054 688 3118; x_wconf 88' lang='grc'><strong>471.</strong></span> <span class='ocrx_word' id='word_1_238' title='bbox 717 3065 749 3118; x_wconf 89' lang='lat' dir='ltr'>et</span> <span class='ocrx_word' id='word_1_239' title='bbox 776 3055 950 3142; x_wconf 86' lang='lat' dir='ltr'>scriptores</span> <span class='ocrx_word' id='word_1_240' title='bbox 979 3055 1064 3141; x_wconf 83' lang='lat' dir='ltr'>ipsi:</span> <span class='ocrx_word' id='word_1_241' title='bbox 1095 3054 1136 3120; x_wconf 82' lang='grc' dir='ltr'>τὰ</span> <span class='ocrx_word' id='word_1_242' title='bbox 1165 3054 1317 3140; x_wconf 86' lang='grc' dir='ltr'><strong><em>τριακαί-</em></strong></span> 
     </span>
     <span class='ocr_line' id='line_1_28' title="bbox 210 3153 1318 3242; baseline -0.004 -17"><span class='ocrx_word' id='word_1_243' title='bbox 210 3161 290 3227; x_wconf 85' lang='grc' dir='ltr'><strong><em>δεκα</em></strong></span> <span class='ocrx_word' id='word_1_244' title='bbox 317 3157 404 3223; x_wconf 88' lang='lat' dir='ltr'>Plut.</span> <span class='ocrx_word' id='word_1_245' title='bbox 434 3158 474 3222; x_wconf 89' lang='lat' dir='ltr'>de</span> <span class='ocrx_word' id='word_1_246' title='bbox 501 3157 611 3222; x_wconf 89' lang='lat' dir='ltr'>Auim.</span> <span class='ocrx_word' id='word_1_247' title='bbox 632 3156 746 3221; x_wconf 86' lang='lat' dir='ltr'>Procr.</span> <span class='ocrx_word' id='word_1_248' title='bbox 768 3156 852 3222; x_wconf 91' lang='lat' dir='ltr'><strong>XII.</strong></span> <span class='ocrx_word' id='word_1_249' title='bbox 876 3157 949 3223; x_wconf 90' lang='grc'><strong>299.</strong></span> <span class='ocrx_word' id='word_1_250' title='bbox 978 3168 1009 3221; x_wconf 90' lang='lat' dir='ltr'>et</span> <span class='ocrx_word' id='word_1_251' title='bbox 1038 3155 1147 3242; x_wconf 92' lang='lat' dir='ltr'>paullo</span> <span class='ocrx_word' id='word_1_252' title='bbox 1175 3168 1256 3242; x_wconf 89' lang='lat' dir='ltr'>post</span> <span class='ocrx_word' id='word_1_253' title='bbox 1282 3153 1318 3223; x_wconf 88' lang='grc' dir='ltr'>τὰ</span> 
     </span>
     <span class='ocr_line' id='line_1_29' title="bbox 208 3255 1318 3348; baseline -0.001 -23"><span class='ocrx_word' id='word_1_254' title='bbox 208 3257 431 3346; x_wconf 80' lang='grc' dir='ltr'><strong><em>τριςκαίδεκα.</em></strong></span> <span class='ocrx_word' id='word_1_255' title='bbox 474 3258 562 3323; x_wconf 89' lang='lat' dir='ltr'>Illud</span> <span class='ocrx_word' id='word_1_256' title='bbox 584 3280 656 3323; x_wconf 93' lang='lat' dir='ltr'>cum</span> <span class='ocrx_word' id='word_1_257' title='bbox 670 3257 799 3324; x_wconf 84' lang='lat' dir='ltr'>usitato</span> <span class='ocrx_word' id='word_1_258' title='bbox 820 3267 908 3348; x_wconf 80' lang='grc' dir='ltr'><strong><em>τρεῖς</em></strong></span> <span class='ocrx_word' id='word_1_259' title='bbox 929 3259 1146 3345; x_wconf 87' lang='lat' dir='ltr'>compositum</span> <span class='ocrx_word' id='word_1_260' title='bbox 1164 3255 1318 3343; x_wconf 86' lang='lat' dir='ltr'>estquod</span> 
     </span>
     <span class='ocr_line' id='line_1_30' title="bbox 210 3359 1317 3448; baseline -0.001 -23"><span class='ocrx_word' id='word_1_261' title='bbox 210 3372 347 3448; x_wconf 87' lang='lat' dir='ltr'>apparet</span> <span class='ocrx_word' id='word_1_262' title='bbox 374 3360 408 3424; x_wconf 91' lang='lat' dir='ltr'>in</span> <span class='ocrx_word' id='word_1_263' title='bbox 436 3382 513 3425; x_wconf 90' lang='lat' dir='ltr'>casu</span> <span class='ocrx_word' id='word_1_264' title='bbox 540 3360 685 3424; x_wconf 90' lang='lat' dir='ltr'>secundo</span> <span class='ocrx_word' id='word_1_265' title='bbox 712 3363 812 3446; x_wconf 82' lang='grc' dir='ltr'><strong><em>τριῶν</em></strong></span> <span class='ocrx_word' id='word_1_266' title='bbox 835 3361 889 3426; x_wconf 85' lang='grc' dir='ltr'>καὶ</span> <span class='ocrx_word' id='word_1_267' title='bbox 912 3362 992 3429; x_wconf 84' lang='grc' dir='ltr'><strong><em>δέκα</em></strong></span> <span class='ocrx_word' id='word_1_268' title='bbox 1016 3359 1121 3425; x_wconf 81' lang='lat' dir='ltr'>Thuc.</span> <span class='ocrx_word' id='word_1_269' title='bbox 1146 3359 1192 3424; x_wconf 89' lang='lat'><strong>11.</strong></span> <span class='ocrx_word' id='word_1_270' title='bbox 1216 3359 1270 3439; x_wconf 89' lang='grc'>97,</span> <span class='ocrx_word' id='word_1_271' title='bbox 1291 3359 1317 3425; x_wconf 88' lang='grc'>2.</span> 
     </span>
     <span class='ocr_line' id='line_1_31' title="bbox 208 3459 1317 3545; baseline -0.005 -15"><span class='ocrx_word' id='word_1_272' title='bbox 208 3462 310 3530; x_wconf 91' lang='lat' dir='ltr'>Diod.</span> <span class='ocrx_word' id='word_1_273' title='bbox 322 3462 423 3528; x_wconf 86' lang='lat' dir='ltr'><strong>XIII.</strong></span> <span class='ocrx_word' id='word_1_274' title='bbox 435 3463 487 3527; x_wconf 83' lang='lat'><strong>38.</strong></span> <span class='ocrx_word' id='word_1_275' title='bbox 511 3473 543 3527; x_wconf 89' lang='lat' dir='ltr'>et</span> <span class='ocrx_word' id='word_1_276' title='bbox 564 3462 657 3527; x_wconf 90' lang='lat' dir='ltr'>tertio</span> <span class='ocrx_word' id='word_1_277' title='bbox 681 3459 768 3545; x_wconf 84' lang='grc' dir='ltr'><strong><em>τρισὶ</em></strong></span> <span class='ocrx_word' id='word_1_278' title='bbox 792 3461 848 3527; x_wconf 85' lang='grc' dir='ltr'>καὶ</span> <span class='ocrx_word' id='word_1_279' title='bbox 871 3462 950 3528; x_wconf 83' lang='grc' dir='ltr'><strong><em>δέκα</em></strong></span> <span class='ocrx_word' id='word_1_280' title='bbox 967 3462 1139 3528; x_wconf 83' lang='lat' dir='ltr'>Demosth.</span> <span class='ocrx_word' id='word_1_281' title='bbox 1155 3459 1245 3527; x_wconf 87' lang='lat' dir='ltr'>Phil.</span> <span class='ocrx_word' id='word_1_282' title='bbox 1257 3460 1317 3527; x_wconf 90' lang='lat' dir='ltr'><strong>III.</strong></span> 
     </span>
     <span class='ocr_line' id='line_1_32' title="bbox 211 3562 1317 3650; baseline 0 -21"><span class='ocrx_word' id='word_1_283' title='bbox 211 3566 283 3643; x_wconf 88' lang='grc'><strong>117,</strong></span> <span class='ocrx_word' id='word_1_284' title='bbox 307 3566 356 3629; x_wconf 86' lang='grc'>14.</span> <span class='ocrx_word' id='word_1_285' title='bbox 377 3564 513 3631; x_wconf 89' lang='lat' dir='ltr'>alterum</span> <span class='ocrx_word' id='word_1_286' title='bbox 535 3586 608 3629; x_wconf 88' lang='lat' dir='ltr'>cum</span> <span class='ocrx_word' id='word_1_287' title='bbox 629 3562 737 3650; x_wconf 73' lang='lat' dir='ltr'>prleca</span> <span class='ocrx_word' id='word_1_288' title='bbox 757 3584 836 3627; x_wconf 88' lang='lat' dir='ltr'>voce</span> <span class='ocrx_word' id='word_1_289' title='bbox 859 3569 939 3648; x_wconf 79' lang='grc' dir='ltr'><strong><em>τρῖς,</em></strong></span> <span class='ocrx_word' id='word_1_290' title='bbox 964 3587 1047 3648; x_wconf 86' lang='lat' dir='ltr'>quae</span> <span class='ocrx_word' id='word_1_291' title='bbox 1070 3588 1111 3630; x_wconf 85' lang='lat' dir='ltr'>ex</span> <span class='ocrx_word' id='word_1_292' title='bbox 1132 3563 1221 3649; x_wconf 84' lang='grc' dir='ltr'><strong><em>τρίες</em></strong></span> <span class='ocrx_word' id='word_1_293' title='bbox 1244 3586 1317 3631; x_wconf 87' lang='lat' dir='ltr'>con·</span> 
     </span>
     <span class='ocr_line' id='line_1_33' title="bbox 210 3667 1318 3751; baseline 0 -21"><span class='ocrx_word' id='word_1_294' title='bbox 210 3675 312 3730; x_wconf 84' lang='lat' dir='ltr'>tracta</span> <span class='ocrx_word' id='word_1_295' title='bbox 339 3689 437 3731; x_wconf 88' lang='lat' dir='ltr'>unam</span> <span class='ocrx_word' id='word_1_296' title='bbox 466 3689 525 3751; x_wconf 91' lang='lat' dir='ltr'>per</span> <span class='ocrx_word' id='word_1_297' title='bbox 554 3667 663 3731; x_wconf 87' lang='lat' dir='ltr'>omnia</span> <span class='ocrx_word' id='word_1_298' title='bbox 691 3686 813 3750; x_wconf 82' lang='lat' dir='ltr'>genera</span> <span class='ocrx_word' id='word_1_299' title='bbox 842 3674 874 3727; x_wconf 89' lang='lat' dir='ltr'>et</span> <span class='ocrx_word' id='word_1_300' title='bbox 902 3688 997 3731; x_wconf 88' lang='lat' dir='ltr'>casus</span> <span class='ocrx_word' id='word_1_301' title='bbox 1025 3668 1160 3734; x_wconf 82' lang='lat' dir='ltr'>sormam</span> <span class='ocrx_word' id='word_1_302' title='bbox 1188 3667 1318 3734; x_wconf 86' lang='lat' dir='ltr'>retinet:</span> 
     </span>
     <span class='ocr_line' id='line_1_34' title="bbox 210 3762 1318 3856; baseline 0.003 -22"><span class='ocrx_word' id='word_1_303' title='bbox 210 3762 342 3855; x_wconf 77' lang='grc' dir='ltr'><strong><em>ἡμερῶν</em></strong></span> <span class='ocrx_word' id='word_1_304' title='bbox 362 3765 573 3852; x_wconf 81' lang='grc' dir='ltr'><strong><em>τριςκαῖδεκα</em></strong></span> <span class='ocrx_word' id='word_1_305' title='bbox 594 3768 756 3853; x_wconf 89' lang='lat' dir='ltr'>Hippocr.</span> <span class='ocrx_word' id='word_1_306' title='bbox 777 3763 931 3832; x_wconf 90' lang='lat' dir='ltr'>Muliebr.</span> <span class='ocrx_word' id='word_1_307' title='bbox 953 3767 999 3833; x_wconf 92' lang='lat' dir='ltr'>II.</span> <span class='ocrx_word' id='word_1_308' title='bbox 1015 3769 1087 3835; x_wconf 90' lang='grc'><strong>807.</strong></span> <span class='ocrx_word' id='word_1_309' title='bbox 1109 3768 1150 3835; x_wconf 88' lang='grc' dir='ltr'>Τ.</span> <span class='ocrx_word' id='word_1_310' title='bbox 1164 3769 1212 3835; x_wconf 88' lang='lat' dir='ltr'><strong>IL</strong></span> <span class='ocrx_word' id='word_1_311' title='bbox 1232 3793 1318 3856; x_wconf 82' lang='grc' dir='ltr'><strong><em>τρις·</em></strong></span> 
     </span>
     <span class='ocr_line' id='line_1_35' title="bbox 211 3866 1317 3956; baseline 0.003 -21"><span class='ocrx_word' id='word_1_312' title='bbox 211 3866 351 3935; x_wconf 83' lang='grc' dir='ltr'><strong><em>καίδεκα</em></strong></span> <span class='ocrx_word' id='word_1_313' title='bbox 379 3870 464 3946; x_wconf 84' lang='grc' dir='ltr'><strong><em>νέαις</em></strong></span> <span class='ocrx_word' id='word_1_314' title='bbox 490 3867 645 3934; x_wconf 89' lang='lat' dir='ltr'>Philostr.</span> <span class='ocrx_word' id='word_1_315' title='bbox 672 3869 750 3934; x_wconf 87' lang='lat' dir='ltr'>Son.</span> <span class='ocrx_word' id='word_1_316' title='bbox 775 3868 904 3954; x_wconf 86' lang='lat' dir='ltr'><strong>Imagg.</strong></span> <span class='ocrx_word' id='word_1_317' title='bbox 928 3871 1044 3938; x_wconf 89' lang='lat' dir='ltr'><strong>XVII.</strong></span> <span class='ocrx_word' id='word_1_318' title='bbox 1072 3872 1143 3935; x_wconf 94' lang='grc'><strong>790.</strong></span> <span class='ocrx_word' id='word_1_319' title='bbox 1173 3869 1317 3956; x_wconf 84' lang='grc' dir='ltr'><strong><em>τριςκαῖ·</em></strong></span> 
     </span>
     <span class='ocr_line' id='line_1_36' title="bbox 211 3959 1318 4060; baseline -0.002 -23"><span class='ocrx_word' id='word_1_320' title='bbox 211 3973 292 4038; x_wconf 86' lang='grc' dir='ltr'><strong><em>δεκα</em></strong></span> <span class='ocrx_word' id='word_1_321' title='bbox 315 3973 403 4052; x_wconf 77' lang='grc' dir='ltr'><strong><em>μνῶν</em></strong></span> <span class='ocrx_word' id='word_1_322' title='bbox 429 3970 543 4035; x_wconf 84' lang='lat' dir='ltr'>Isaeus</span> <span class='ocrx_word' id='word_1_323' title='bbox 568 3971 609 4033; x_wconf 89' lang='lat' dir='ltr'>‹le</span> <span class='ocrx_word' id='word_1_324' title='bbox 630 3969 754 4034; x_wconf 90' lang='lat' dir='ltr'>Hered.</span> <span class='ocrx_word' id='word_1_325' title='bbox 778 3968 884 4035; x_wconf 88' lang='lat' dir='ltr'>Cirrh.</span> <span class='ocrx_word' id='word_1_326' title='bbox 908 3972 964 4048; x_wconf 88' lang='grc'>72,</span> <span class='ocrx_word' id='word_1_327' title='bbox 980 3959 1036 4037; x_wconf 82' lang='grc'>35.</span> <span class='ocrx_word' id='word_1_328' title='bbox 1060 3984 1092 4037; x_wconf 90' lang='lat' dir='ltr'>et</span> <span class='ocrx_word' id='word_1_329' title='bbox 1113 3970 1228 4060; x_wconf 90' lang='lat' dir='ltr'>paucis</span> <span class='ocrx_word' id='word_1_330' title='bbox 1251 3991 1318 4037; x_wconf 86' lang='lat' dir='ltr'>ver·</span> 
     </span>
     <span class='ocr_line' id='line_1_37' title="bbox 210 4069 1319 4156; baseline 0.002 -19"><span class='ocrx_word' id='word_1_331' title='bbox 210 4072 300 4137; x_wconf 86' lang='lat' dir='ltr'>sibus</span> <span class='ocrx_word' id='word_1_332' title='bbox 324 4075 519 4156; x_wconf 69' lang='lat' dir='ltr'>antevortit</span> <span class='ocrx_word' id='word_1_333' title='bbox 543 4071 597 4136; x_wconf 78' lang='grc' dir='ltr'>καὶ</span> <span class='ocrx_word' id='word_1_334' title='bbox 621 4069 710 4137; x_wconf 87' lang='grc' dir='ltr'><strong><em>δέκα.</em></strong></span> <span class='ocrx_word' id='word_1_335' title='bbox 755 4071 812 4137; x_wconf 88' lang='lat' dir='ltr'>Sic</span> <span class='ocrx_word' id='word_1_336' title='bbox 834 4071 929 4137; x_wconf 87' lang='lat' dir='ltr'>etiam</span> <span class='ocrx_word' id='word_1_337' title='bbox 950 4072 1178 4139; x_wconf 83' lang='lat' dir='ltr'>indeclinabile</span> <span class='ocrx_word' id='word_1_338' title='bbox 1200 4097 1319 4142; x_wconf 89' lang='grc' dir='ltr'><strong><em>τεσσα-</em></strong></span> 
     </span>
     <span class='ocr_line' id='line_1_38' title="bbox 210 4169 1320 4261; baseline -0.001 -22"><span class='ocrx_word' id='word_1_339' title='bbox 210 4173 405 4258; x_wconf 77' lang='grc' dir='ltr'><strong><em>ρεςκαῖδτκα</em></strong></span> <span class='ocrx_word' id='word_1_340' title='bbox 435 4169 537 4250; x_wconf 83' lang='grc' dir='ltr'><strong><em>ξόανα</em></strong></span> <span class='ocrx_word' id='word_1_341' title='bbox 569 4171 669 4236; x_wconf 88' lang='lat' dir='ltr'>Paus.</span> <span class='ocrx_word' id='word_1_342' title='bbox 694 4171 822 4250; x_wconf 87' lang='lat' dir='ltr'><strong>IX.·3‚</strong></span> <span class='ocrx_word' id='word_1_343' title='bbox 850 4174 881 4238; x_wconf 89' lang='grc'>4.</span> <span class='ocrx_word' id='word_1_344' title='bbox 913 4175 1210 4261; x_wconf 80' lang='grc' dir='ltr'><strong><em>τεσσαρεςκαῖδεκα</em></strong></span> <span class='ocrx_word' id='word_1_345' title='bbox 1241 4172 1320 4242; x_wconf 79' lang='grc' dir='ltr'><strong><em>ἑτῶν</em></strong></span> 
     </span>
     <span class='ocr_line' id='line_1_39' title="bbox 209 4271 1320 4367; baseline 0 -26"><span class='ocrx_word' id='word_1_346' title='bbox 209 4275 389 4341; x_wconf 85' lang='lat' dir='ltr'>Herodian.</span> <span class='ocrx_word' id='word_1_347' title='bbox 401 4274 480 4341; x_wconf 89' lang='lat' dir='ltr'><strong>VII.</strong></span> <span class='ocrx_word' id='word_1_348' title='bbox 495 4276 523 4342; x_wconf 92' lang='lat' dir='ltr'>l.</span> <span class='ocrx_word' id='word_1_349' title='bbox 535 4273 658 4340; x_wconf 88' lang='lat' dir='ltr'>Athen.</span> <span class='ocrx_word' id='word_1_350' title='bbox 672 4277 712 4341; x_wconf 91' lang='lat' dir='ltr'><strong>V.</strong></span> <span class='ocrx_word' id='word_1_351' title='bbox 728 4275 796 4340; x_wconf 90' lang='grc'><strong>198.</strong></span> <span class='ocrx_word' id='word_1_352' title='bbox 812 4274 851 4341; x_wconf 80' lang='lat'><strong>0.</strong></span> <span class='ocrx_word' id='word_1_353' title='bbox 867 4277 1164 4360; x_wconf 83' lang='grc' dir='ltr'><strong><em>τεσσαρεςκαῖδεκα</em></strong></span> <span class='ocrx_word' id='word_1_354' title='bbox 1179 4271 1320 4367; x_wconf 80' lang='grc' dir='ltr'><strong><em>ἡμέραις</em></strong></span> 
     </span>
    </p>
   </div>
   <div class='ocr_carea' id='block_1_9' title="bbox 0 0 1372 4778">
    <p class='ocr_par' dir='ltr' id='par_1_9' title="bbox 0 0 1372 4778">
     <span class='ocr_line' id='line_1_40' title="bbox 0 0 1372 4778; baseline 0 0"><span class='ocrx_word' id='word_1_355' title='bbox 0 0 1372 4778; x_wconf 95' lang='lat' dir='ltr'> </span> 
     </span>
    </p>
   </div>
  </div>
 </body>
</html>
