2736 4778
154 329 217 396 nu
235 326 453 397 smcorn
475 330 619 396 nurus
642 328 862 399 vocans.
890 331 1004 401 clv.
1021 335 1086 419 §.a
1117 339 1192 412 sou

82 511 111 576 si
136 512 264 597 quidem
291 513 391 579 verba
423 536 442 576 a
472 510 612 576 librariis
638 524 791 599 corrupta
820 525 907 579 recte
934 517 1192 603 interpretamur.

80 611 163 679 Sunt
175 636 252 679 vero
268 613 367 680 haec:
390 611 563 694 Πίνδαρος
578 604 636 679 οὐκ
659 604 738 677 οἶδα
760 609 848 678 ὅπου
863 617 948 702 φησὶ
966 615 1061 694 κλεός
1081 614 1193 697 κελοός

77 712 134 780 καὶ
154 717 309 803 συγκοπῇ
333 709 445 788 κλεός·
470 704 594 791 ὀξύνειν
616 710 654 778 δὲ
676 711 737 778 δεῖ.
780 713 848 778 Pro
873 708 986 791 κελεός
1011 714 1194 782 Absensius

75 811 164 878 Dial.
180 814 267 881 Dor.
284 811 357 877 235.
381 811 479 876 tacite
500 810 666 877 substituit
686 813 799 893 κλέεος
824 832 886 879 neo
906 823 1010 878 mutat
1030 814 1194 899 Bergkius

73 911 177 978 Pind.
202 914 260 979 Fr.
288 934 322 997 p.
344 911 418 978 297.
448 914 506 979 sed
533 925 697 999 repugnat
729 913 918 1000 oxytonesis
951 925 984 979 et
1015 936 1057 979 ex
1082 913 1193 981 Schol.

74 1011 180 1077 Pind.
201 1013 297 1077 Nem.
319 1011 365 1076 H.
389 1012 439 1078 77.
460 1006 571 1101 ὀρειᾶν
594 1009 687 1098 (ἀντὶ
707 1019 765 1082 τοῦ
790 1010 942 1100 σύρειιῖν)
964 1013 1051 1079 κατὰ
1074 1012 1196 1100 ὕφεσιν

77 1108 126 1190 ὡς
152 1109 192 1178 τὸ
217 1109 312 1189 κλέος
337 1111 431 1178 ἕκατι
456 1126 594 1201 apparet
621 1138 689 1180 non
718 1115 759 1182 de
786 1115 931 1201 genitivo
960 1113 1107 1180 neutrius
1134 1116 1193 1181 τοῦ

74 1212 197 1290 κλέους
218 1212 273 1296 agi
294 1212 353 1278 sed
375 1213 416 1277 de
437 1213 592 1281 feminino
615 1219 673 1304 τῆς
688 1218 827 1295 Κλεοῦς,
852 1215 909 1302 qui
926 1214 1052 1300 integre
1073 1213 1194 1300 legitur

74 1312 173 1376 Nem.
187 1311 253 1376 111.
269 1313 340 1377 145.
361 1309 524 1399 εὐθρόνου
541 1318 670 1393 Κλεοῦς
691 1315 879 1393 ἐθελοίσας.
918 1315 987 1381 Ubi
1007 1338 1107 1400 quum
1126 1315 1191 1380 duo

75 1412 175 1476 codd.
199 1408 306 1490 Κλεός
332 1413 526 1501 praebeant,
560 1438 684 1479 summe
712 1415 867 1480 credibile
896 1426 946 1480 est
976 1415 1193 1482 Scholiastam

76 1512 165 1578 hunc
192 1512 302 1578 locum
332 1513 367 1577 in
397 1515 505 1581 animo
536 1514 690 1582 habuisse
723 1516 782 1580 sed
812 1516 904 1600 quod
937 1515 1070 1601 saepius
1103 1516 1193 1602 apud

75 1613 259 1679 Pindarum
288 1613 424 1699 legisset
454 1612 612 1700 Χαρίτων
640 1615 751 1693 ἕκατι,
784 1619 936 1682 Μουσῶν
964 1616 1075 1697 ἕκατι,
1108 1618 1194 1696 Διὸς

77 1712 184 1792 ἕκατι,
206 1713 242 1777 id
262 1715 437 1780 memoriae
458 1716 554 1802 lapsu
576 1714 782 1781 substituisse
805 1739 865 1803 pro
888 1740 1081 1805 synonymo,
1103 1719 1194 1804 quod

77 1812 133 1876 illo
151 1811 225 1878 loco
239 1813 369 1899 legitur,
389 1813 580 1902 ἐθελούσης.
615 1816 810 1901 Eodemque
825 1829 862 1881 ut
877 1819 996 1905 opinor
1012 1820 1193 1905 scripturae

75 1911 156 1977 vitio
180 1912 338 1999 deceptus
359 1914 413 1978 ille
435 1915 469 1978 in
490 1915 571 1978 EM.
591 1915 655 1980 huc
679 1939 714 1981 se
735 1917 860 2001 recepit
882 1929 918 1980 ut
936 1909 1114 2003 postumo
1130 1922 1192 1984 mi·

78 2034 157 2077 cron
187 2014 322 2098 genitivi
354 2014 532 2080 exclusisse
564 2015 706 2079 diceret:
739 2012 848 2091 Κλιός
880 2011 953 2080 ἀντὶ
981 2022 1040 2082 τοῦ
1066 2017 1194 2097 Κλεόος

78 2114 129 2200 (id
151 2124 201 2179 est
223 2118 364 2201 Κλεοῦς)
393 2116 545 2202 σογκοπῇ
569 2112 693 2192 Κλεός,
723 2114 814 2198 quod
841 2136 908 2178 non
937 2115 1109 2180 defendam
1136 2140 1193 2181 cx·

78 2215 188 2301 emplo
221 2216 356 2301 genitivi
384 2211 505 2290 Λατός
535 2213 570 2276 in
596 2213 699 2278 Inscr.
728 2237 758 2278 v.
782 2213 865 2279 Ahr.
892 2216 974 2281 Dor.
999 2217 1071 2282 174.
1092 2200 1194 2286 ’.Ιοιιι

77 2315 262 2402 profligatis
285 2315 482 2403 simplicium
503 2315 658 2400 syncopis
682 2316 723 2380 de
737 2315 905 2395 vocabulis
925 2317 1098 2405 duplicatis
1114 2320 1194 2403 quid

77 2417 254 2482 tenendum
275 2417 318 2481 sit
340 2417 448 2482 dicere
471 2414 628 2500 experiar.

163 2522 188 2603 ξ.
211 2519 242 2584 3.
286 2518 375 2583 Huic
396 2516 510 2604 generi
533 2516 618 2580 duae
641 2516 833 2602 suppositae
855 2528 931 2582 sunt
952 2518 1079 2604 species
1087 2543 1096 2594 ;
1118 2541 1194 2584 nam

78 2607 245 2685 omicron
265 2630 322 2683 sut
342 2619 465 2706 primae
485 2617 570 2703 parti
592 2617 784 2682 subducitur
804 2629 860 2681 aut
879 2619 1054 2684 secundae.
1099 2619 1193 2701 Quas

77 2720 222 2785 rationes
244 2720 375 2804 sequuti
397 2718 572 2804 scriptores
592 2718 736 2782 vocalem
759 2719 926 2784 nominum
946 2741 1014 2784 non
1037 2743 1193 2806 purorum

77 2820 225 2885 ultimam
245 2831 320 2885 ante
341 2818 487 2884 vocalem
509 2817 675 2902 sequentis
696 2819 795 2882 modo
818 2840 892 2883 cum
914 2841 954 2883 ea
975 2821 1194 2886 contraxerint

76 2931 116 2985 ut
137 2917 308 3005 ἶσουργός,
338 2919 437 2984 modo
466 2917 632 2982 omiserint
657 2913 848 3004 ἰσάργυρσς,
879 2921 977 2984 modo
1004 2921 1195 2987 retinuerint

75 3020 274 3086 incolumem
303 3016 449 3106 ἷσοϋψὴς
473 3039 503 3081 v.
528 3017 572 3080 ad
595 3016 676 3081 Phr.
701 3015 774 3080 675.
802 3019 952 3099 quaestio
980 3018 1119 3104 amplior
1144 3029 1196 3084 est

77 3143 177 3206 quam
199 3142 284 3204 quae
310 3117 373 3182 hoc
397 3117 432 3180 in
454 3115 591 3179 transitu
613 3114 743 3180 tractari
765 3116 872 3201 possit
879 3138 888 3191 ;
913 3116 967 3180 hic
988 3117 1087 3182 modo
1111 3139 1194 3203 pau·

78 3243 192 3287 corum
205 3217 404 3284 mentionem
416 3215 533 3280 faciam
547 3237 633 3299 quae
643 3214 854 3281 Grammatici
868 3216 1032 3303 attingunt
1048 3217 1195 3283 affectio·

78 3323 130 3386 nis
162 3319 297 3386 incerti:
329 3310 515 3403 ἇγρόαυλσς
544 3313 603 3381 καὶ
631 3321 784 3406 συγιοιτῇ
817 3307 980 3404 ἄγραυλος
1010 3317 1121 3404 Epim.
1148 3318 1196 3386 Π.

77 3424 154 3499 343,
176 3423 207 3486 3.
231 3441 371 3505 quorum
398 3416 567 3483 nominum
587 3416 750 3503 posterius
773 3416 851 3483 solis
873 3417 981 3502 poetis
1003 3439 1197 3485 concessum

80 3533 145 3599 est,
178 3521 313 3585 alterum
339 3539 382 3584 ne
409 3518 460 3583 his
488 3517 639 3602 quidem
671 3511 848 3603 αὖτοέντης
871 3518 928 3583 καὶ
953 3522 1105 3609 συγκσπῇ
1131 3508 1208 3587 αὖ·Ι

79 3623 203 3706 θένιης
222 3620 252 3684 Ι.
272 3618 346 3697 427,
368 3619 399 3683 8.
427 3616 635 3704 Phrynichus
657 3637 733 3682 vero
752 3616 844 3702 App.
865 3616 916 3695 15,
939 3617 990 3683 11.
1021 3622 1197 3708 Σοφοκλῆς

78 3716 185 3796 λύσας
210 3710 356 3799 τοῦνομα
382 3714 558 3804 αιἰτοέισης
582 3710 693 3784 εἶπεν·
722 3710 794 3781 ἔστι
817 3715 855 3783 δὲ
876 3715 1136 3806 πολιτικώτερον
1157 3718 1196 3787 τὸ

79 3815 262 3905 αὐθέντης,
285 3818 370 3885 siout
389 3814 579 3906 αι’·τερέτης,
601 3811 765 3903 αὐτάρκης
787 3826 848 3882 stc.
890 3818 1018 3884 Eadem
1037 3840 1114 3884 vero
1136 3839 1195 3883 vo·

79 3918 161 3984 calis
186 3928 224 3982 ut
251 3930 326 3984 ante
352 3939 532 3985 consonam
560 3917 789 3982 exterminetur
814 3917 1012 3986 rarissimum
1039 3928 1105 3984 est:
1136 3916 1197 4003 τὴν

83 4014 301 4107 Χλρρόνησσν
316 4016 486 4107 Χὲρνησον
505 4013 634 4105 εἴρηκεν
648 4011 693 4095 ὡς
708 4014 744 4082 ἐν
758 4022 805 4104 τῷ
820 4016 946 4107 πρώτῳ
961 4017 1073 4086 Sohol.
1081 4016 1196 4102 Apoll

80 4119 144 4187 IV.
166 4118 259 4184 1175.
303 4119 345 4183 ln
362 4118 468 4206 primo
486 4116 569 4182 libro
591 4139 621 4181 v.
634 4114 706 4182 925.
728 4139 747 4182 e
766 4117 875 4182 multis
898 4117 995 4183 codd.
1016 4117 1197 4203 repositum

84 4227 134 4284 est
149 4214 352 4306 Χιρόνησος,
368 4218 427 4284 sed
445 4217 481 4283 in
499 4219 600 4285 altero
615 4239 682 4283 nou
697 4216 854 4303 permittit
871 4227 1025 4293 metrum;
1047 4219 1198 4305 adjectivi
