2736 4778
451 962 867 1049 PROOEMIUM

578 1211 746 1225 -ο

187 1396 289 1495 Quid
310 1411 354 1478 sit
374 1433 521 1500 syncope
541 1411 755 1478 Herodianus
777 1410 819 1477 de
832 1412 943 1480 Genit.
956 1413 1077 1501 Parag.
1100 1438 1133 1502 p.
1145 1417 1218 1485 230.

101 1515 231 1584 Anecd.
256 1514 368 1583 Oxon.
391 1511 433 1579 T.
454 1511 520 1578 111.
543 1512 639 1578 nimis
662 1512 803 1579 breviter
823 1513 954 1580 definitr
977 1512 1128 1604 σομιοιιῆ
1150 1517 1222 1586 ἐστι

102 1613 220 1696 πάθος
243 1611 392 1702 περὶτὰ
420 1614 524 1698 μέσον
552 1609 735 1701 γινόμενον,
766 1611 913 1695 ἔξοινος,
944 1606 1117 1703 ἄρσαντες.
1164 1618 1221 1687 Sic

103 1718 190 1786 enim
207 1714 391 1783 excluditur
408 1714 543 1801 quidem
559 1713 747 1803 aphaeresis
769 1726 803 1782 et
824 1738 986 1804 apocope,
1009 1741 1146 1804 quarum
1164 1719 1221 1788 illa

104 1818 267 1907 principia
290 1815 524 1884 vocabulorum
548 1815 710 1904 decerpit,
737 1815 820 1883 llaec
842 1817 964 1896 exitus,
991 1819 1051 1884 sed
1071 1843 1138 1886 uon
1161 1845 1219 1888 sx-

104 1919 244 1986 cluditur
277 1917 480 2005 synaeresis,
515 1939 600 2003 quae
631 1917 829 2003 syllabarum
859 1940 1030 1984 numerum
1060 1919 1222 1985 imminuit

103 2019 271 2088 vocalibus
292 2018 440 2106 integris,
460 2040 569 2104 neque
590 2018 700 2096 erasis,
720 2040 806 2105 quac
824 2040 941 2085 sonum
958 2038 1090 2103 quoquc
1107 2030 1219 2098 mutat,

104 2145 166 2189 uec
193 2143 270 2188 vero
299 2120 421 2187 demtio
452 2119 635 2196 literarum,
668 2140 735 2204 qua
765 2114 908 2202 syllabae
935 2139 1004 2184 non
1034 2119 1222 2188 minuuntur

104 2218 246 2310 μάρναο,
265 2220 424 2307 κρέσσων.
467 2219 666 2288 Accuratius
685 2220 796 2286 Draco
817 2241 851 2306 p.
864 2218 936 2285 156.
957 2217 1108 2308 συμιοπῆ
1131 2221 1222 2291 ἐστιν

105 2317 287 2412 ἀφαίρεσις
306 2325 389 2405 μιᾶς
406 2322 572 2410 συλλαβῆς
592 2317 677 2387 κατὰ
695 2319 801 2408 μέσην
819 2320 907 2401 λέξιν
928 2313 974 2400 ὡς
993 2317 1032 2387 τὸ
1055 2320 1222 2407 ἕρατιινόν

105 2416 250 2511 ἐραννάν,
272 2423 437 2492 κατέπεσε
455 2418 621 2503 κάππεσε,
643 2431 677 2488 ct
692 2419 864 2509 «Iosephus
886 2422 920 2486 in
936 2422 1082 2508 Synopsi
1102 2444 1135 2509 p.
1147 2422 1221 2490 567.

104 2545 275 2610 syncopen
297 2521 410 2589 dicens
430 2515 604 2609 ἀποβολὴν
624 2523 790 2610 συλλαβῆς
811 2519 904 2599 ἐντὸς
923 2524 983 2610 τῆς
1003 2516 1139 2610 πρώτης
1164 2525 1221 2590 καὶ

103 2623 297 2701 τελευταίας
317 2618 339 2710 l
360 2616 546 2712 φωνήεντος
567 2624 746 2700 ποιοῦντος
771 2616 950 2709 συλλαβῆν·
973 2622 1140 2709 συλλαβῆς
1160 2621 1222 2706 μὲν

105 2718 274 2808 ὅπαιρος,
303 2715 450 2807 dromas·
478 2715 666 2808 φωνήεντος
693 2720 731 2788 δὲ
759 2723 873 2810 φέρτε,
904 2718 1050 2809 πατρός,
1082 2746 1221 2810 quorum

103 2821 273 2889 nominum
306 2822 371 2888 duo
405 2821 516 2909 priora
549 2819 706 2907 syllabam
738 2844 823 2908 quae
855 2823 988 2909 proprie
1023 2823 1070 2888 ita
1103 2825 1221 2890 dicitur

103 2923 297 3001 amiserunt,
316 2922 383 2989 duo
400 2922 501 2989 altera
516 2922 740 3010 impropriam.
783 2924 859 2987 Hac
875 2933 984 2987 autem
1001 2922 1222 3010 descriptione

104 3024 286 3093 occurritur
313 3024 413 3091 errori
441 3045 570 3101 eorum,
599 3025 673 3108 qui,
702 3033 740 3087 ut
766 3021 802 3085 in
828 3021 997 3107 prooemio
1024 3021 1120 3106 hujus
1146 3025 1222 3092 libri

105 3125 317 3205 dictumest,
344 3146 512 3213 syncopae
532 3123 666 3189 nomine
691 3119 900 3209 aphaeresin,
929 3142 1103 3210 apocopen
1124 3135 1222 3211 atque

67 3277 75 3308 ,
103 3227 189 3294 adso
206 3225 376 3293 elisionem
392 3246 612 3292 consonarum
625 3223 806 3290 mediarum
821 3221 1112 3312 comprehendunt.
1135 3227 1224 3294 Illud

102 3326 158 3392 vix
182 3349 267 3415 opus
294 3337 363 3395 erat
389 3324 469 3393 addi
492 3323 527 3393 lv
547 3329 610 3417 μιᾷ
634 3325 738 3406 λέξει,
768 3325 847 3413 quia
869 3323 933 3394 hoo
955 3325 1029 3394 loco
1052 3328 1160 3415 agitur
1182 3331 1224 3399 de

104 3427 336 3496 affectionibus
355 3424 571 3515 simplicibus,
592 3426 747 3513 aquibus
764 3427 812 3493 illi
828 3427 1036 3514 distinguunt
1052 3431 1223 3520 copulatus

103 3529 245 3618 ἐγῷμαι,
266 3527 302 3596 ἐν
321 3523 495 3617 σαλθοπλᾳ
509 3524 636 3615 Tryplu
652 3530 679 3614 t.
689 3528 750 3601 24,
776 3527 846 3597 Sed
859 3527 1004 3595 medium
1018 3529 1102 3599 inter
1117 3544 1222 3605 uuae

106 3653 172 3717 que
194 3629 304 3698 locum
325 3627 454 3698 obtinet
472 3649 627 3718 apocope
647 3628 929 3718 praepositionum
948 3641 987 3697 ut
1006 3627 1048 3699 dr
1069 3628 1224 3717 δόνακας,

106 3728 160 3797 dn
180 3731 347 3818 πατέρων,
369 3728 413 3798 de
433 3751 501 3816 qua
521 3729 668 3821 disputat
682 3729 936 3799 chauoboscus
955 3731 1084 3801 inEM.
1102 3735 1155 3815 93,
1169 3735 1224 3805 25.

104 3829 145 3898 τὸ
167 3824 321 3921 ἆμφόνον
341 3824 381 3900 οὗ
403 3828 489 3899 κατὰ
510 3828 679 3921 συγκοσῆν
699 3829 837 3918 ἐγένετο,
858 3830 977 3921 ἐπειδὴ
999 3831 1036 3902 ul
1056 3833 1226 3919 συμισιιαλ

105 3929 141 3998 ἐν
161 3934 225 4021 μιᾷ
250 3931 338 4014 λέξαι
357 3930 505 4018 γίνονται
526 3919 599 4000 οἷον
619 3929 767 4018 πατέρος
787 3929 932 4020 πατρός,
958 3928 1138 4016 ἀναμεῖναι
1158 3922 1225 4018 ἆμ-

104 4034 234 4114 μιῖναι·
253 4023 330 4097 ἀλλ’
350 4023 429 4101 οὐδὲ
450 4023 527 4097 κατ’
546 4026 716 4122 ἔκθλιψιν,
734 4031 852 4121 ἐπειδὴ
873 4031 910 4103 ul
931 4029 1111 4120 λκβλίψεις
1129 4023 1226 4116 midde

105 4154 192 4200 ποτε
210 4125 395 4221 συμφώνου
412 4128 557 4217 γίνονται
578 4125 665 4200 ἀλλὰ
683 4128 869 4223 φωνήεντος
888 4127 1137 4220 ἐπιφερομένου
1152 4123 1225 4205 οἷον

105 4223 183 4301 κατ’
205 4225 275 4316 ἐμέ.
315 4232 478 4322 meror
499 4228 537 4299 δέ
561 4228 781 4301 latrocimis
803 4231 860 4301 ὅτι
882 4229 922 4298 τὸ
943 4232 1094 4308 τοιοῦτον
1114 4230 1224 4324 σχῆμά
