2736 4778
130 368 205 446 338
420 363 739 438 DISSERTATIO
770 363 815 435 [Ι.
859 365 900 435 P.
922 363 950 435 Ι.

129 579 205 620 vera
223 554 382 641 scriptura
401 568 450 620 est
469 550 606 642 ἁλικράς
626 579 655 620 v.
672 556 792 621 Psmll.
809 555 934 619 221-
959 553 1253 637 Quemadmodum

129 657 296 722 nominum
318 655 555 743 compositores
578 657 740 721 interdum
758 657 800 720 ad
816 657 977 742 primitiva
998 657 1139 721 redeunt
1161 657 1253 722 deri·

128 772 203 823 vato
221 757 430 842 transgressi,
453 756 500 821 sio
520 768 637 844 poetae
658 758 749 822 latini
767 757 856 822 urbis
878 780 998 822 nomen
1010 753 1252 843 Δικαιάρχεια,

128 860 185 929 ubi
201 872 303 925 metro
317 858 423 924 minus
440 859 638 939 conveniret,
649 859 682 922 in
694 859 866 925 Dicarcheo
880 871 1043 924 mutarunt
1055 881 1086 924 v.
1095 859 1251 946 Interpp.

129 963 170 1026 ad
193 961 251 1029 Sil.
272 960 368 1027 vm.
391 961 464 1025 533.
490 960 567 1045 quia
587 972 787 1047 prototypon
811 970 860 1024 est
882 961 966 1048 δίκη.

207 1062 266 1144 ¹De
296 1060 503 1148 diphthongo
531 1048 582 1128 ὦ
604 1062 704 1126 semel
735 1061 948 1125 admonemur
976 1062 1010 1125 in
1037 1060 1151 1128 Sehol.
1177 1060 1249 1149 Od

127 1165 207 1232 XV.
229 1163 303 1228 479.
331 1163 407 1247 κίηξ
431 1159 449 1228 ὁ
477 1157 579 1248 λάρος
600 1164 657 1228 καὶ
679 1167 833 1252 σσγκσπῇ
855 1162 925 1250 κήξ.
969 1161 1036 1226 Hic
1065 1161 1152 1225 enim
1178 1182 1249 1226 non

128 1261 223 1354 κήῧξ,
246 1276 283 1328 ut
298 1263 516 1328 Buttmannus
539 1264 663 1340 suadet,
687 1263 746 1328 sed
767 1263 921 1328 usitatum
940 1259 1046 1350 καῦηξ
1065 1261 1117 1326 vel
1138 1256 1251 1346 κάβσξ

128 1365 354 1452 reponendum
372 1376 435 1443 est,
460 1366 583 1449 dequo
606 1387 673 1430 non
695 1376 833 1430 statuum
855 1375 961 1428 utrum
984 1387 1057 1429 cum
1078 1360 1249 1447 κάβαισσς

127 1467 163 1533 id
187 1478 237 1531 est
261 1457 432 1553 ἄπληστος
461 1478 637 1553 cognatum
662 1467 704 1531 sit
727 1469 816 1550 (narn
842 1488 935 1531 ovem
958 1466 1045 1529 illam
1070 1463 1245 1529 voracissi-

127 1592 213 1634 mum
236 1591 309 1632 esse
335 1566 461 1653 dicunt)
489 1592 530 1633 an
558 1591 597 1633 ex
621 1568 820 1654 proprietate
849 1568 922 1632 soni
951 1565 1107 1631 naturalis
1132 1566 1246 1630 fictum

127 1695 157 1734 v.
181 1668 221 1735 C.
243 1669 284 1735 V.
310 1671 336 1752 §.
361 1670 389 1733 1.
433 1670 509 1734 Ηοα
532 1682 640 1733 αα1αια
662 1670 982 1756 onomatopoeticum
1003 1690 1107 1754 genus
1129 1667 1245 1753 regulo

127 1770 285 1854 adstringi
308 1792 375 1833 non
398 1769 527 1855 patitur.

212 1870 322 1936 Multo
346 1870 477 1957 saepius
501 1870 726 1958 diphthongus
756 1872 877 1958 templo
899 1870 1064 1958 Delphico
1086 1869 1245 1956 inscripta

126 1976 161 2039 in
183 1973 453 2059 disceptationem
471 1984 618 2050 vocatum
641 1970 687 2050 ὡς
708 1975 816 2060 θῆλυς
836 1970 961 2060 θήλεια
986 1968 1071 2039 σῖτω
1093 1968 1245 2056 πρέσβυς

127 2075 290 2159 αρέσβεια
310 2076 367 2141 καὶ
391 2073 476 2142 κατὰ
500 2075 670 2163 σαγκαπὴν
691 2076 824 2158 πρέσβα
847 2068 867 2160 ἢ
886 2067 955 2139 ἀπὸ
974 2074 1033 2138 τοῦ
1055 2072 1242 2154 πρέσβειρα

125 2177 205 2242 ΕΜ.
232 2175 305 2249 687,
329 2177 359 2240 3.
388 2176 499 2245 Sehol.
526 2177 566 2242 Π.
588 2176 686 2242 XIV.
711 2175 782 2238 194.
806 2172 843 2239 τὸ
867 2174 1030 2259 πρέσβεια
1056 2171 1141 2237 κατὰ
1164 2195 1243 2256 σαγ-

128 2277 234 2364 uour'p
256 2275 397 2360 γίγνεται
419 2278 519 2361 (adde
535 2277 681 2361 πρέσβα)
702 2272 854 2350 σπανίως
870 2276 905 2340 δὲ
922 2270 1054 2360 εὕρηται
1075 2271 1241 2337 Choerob.

129 2376 226 2445 Orth.
256 2376 334 2454 253,
366 2377 416 2441 16.
449 2379 508 2442 sed
536 2378 623 2442 idem
651 2377 732 2443 Can.
762 2377 835 2450 234,
864 2375 914 2438 14.
945 2373 1077 2438 omnino
1105 2372 1242 2438 inveniri

127 2491 226 2565 negat
249 2477 413 2563 hodieque
435 2501 477 2542 ne
499 2479 598 2543 semel
621 2479 752 2563 quidem
771 2476 931 2540 invenitur
956 2498 1062 2560 neque
1083 2474 1160 2540 hine
1183 2476 1241 2540 de·

126 2583 262 2645 rivatum
289 2590 338 2644 est
368 2581 500 2665 πρέσβα
531 2581 589 2643 sed
619 2580 815 2666 primitivum
837 2589 872 2642 ut
896 2576 1059 2663 πρέσβυς,
1088 2575 1240 2662 πρέσβις,

126 2683 286 2764 πρέσβυς,
311 2680 398 2744 unde
420 2703 486 2744 non
508 2680 643 2744 multum
666 2679 758 2744 abest
780 2679 890 2746 Sehol.
915 2679 986 2757 BL.
1010 2679 1049 2742 11.
1075 2677 1176 2742 XIX.
1188 2679 1240 2742 21.

126 2781 256 2862 πρέσβα
280 2779 500 2862 συγκέκοπται
518 2777 589 2868 -ἢ
612 2779 811 2866 παράκειται.
835 2784 880 2866 τῷ
904 2782 1058 2863 πρέσβυς.
1096 2779 1240 2865 Stepha-

127 2905 188 2947 nus
214 2881 347 2946 veroin
375 2881 476 2946 Thes.
507 2884 638 2967 πρέσβα
663 2893 695 2947 et
723 2883 814 2967 quod
840 2882 915 2946 huic
945 2881 1094 2966 adjungit
1117 2881 1239 2969 βασίλη

126 2985 168 3049 ad
189 2985 411 3072 synaloephen
437 2985 603 3060 transfert;
625 2984 665 3048 de
686 3007 751 3068 quo
776 2983 896 3048 dictum
915 2995 964 3048 est
981 2984 1015 3047 in
1031 2983 1151 3049 Parall.
1166 2984 1239 3048 321.

126 3100 158 3152 et
183 3087 283 3152 Proll.
300 3089 352 3153 43.
381 3089 530 3152 Eandem
554 3086 800 3152 haesitationem
817 3086 909 3150 affert
928 3080 1079 3153 ἀσπαλία
1102 3081 1121 3171 ἡ
1144 3081 1240 3151 ditio

124 3192 202 3254 Arc.
226 3190 278 3253 99.
301 3190 390 3273 quod
413 3190 439 3253 si
463 3191 530 3272 iota
551 3188 647 3254 breve
671 3188 770 3254 habet
792 3182 1050 3264 utc'wnatatg,
1073 3207 1239 3270 syncopae

123 3291 354 3355 vindicandum
385 3303 449 3367 est,
484 3291 511 3354 si
537 3293 686 3375 longum,
724 3291 809 3356 erasi
838 3300 875 3353 ut
902 3284 1028 3364 εὗδαός
1060 3298 1092 3351 et
1113 3281 1241 3372 ‘meig

124 3392 224 3458 Proll.
248 3393 320 3456 190.
351 3391 409 3455 sed
432 3391 568 3469 πεδινός
591 3391 727 3455 trihreve
750 3415 769 3454 a
793 3389 896 3456 πέδον
918 3401 1044 3466 natum,
1073 3385 1240 3465 πεδιεινός

125 3493 286 3559 arcadios
313 3505 348 3557 ut
377 3491 417 3557 ab
449 3488 545 3557 er'dr'u
577 3488 737 3570 sridrsrvo'g
764 3515 793 3555 v.
820 3491 921 3556 Proll.
953 3492 1024 3555 189.
1063 3487 1150 3554 ’Ami
1179 3493 1238 3556 τοῦ

125 3588 177 3669 ὄϊς
198 3591 235 3656 ui
261 3593 412 3678 κωμικὸν
434 3589 539 3670 σῖεισς
560 3588 649 3659 σιέία
674 3591 729 3657 καὶ
753 3594 838 3659 κατὰ
860 3591 1030 3679 σαγκσπῆν
1054 3592 1111 3657 καὶ
1135 3585 1238 3675 ohgr]-

124 3715 177 3758 σιν
200 3695 259 3757 τοῦ
283 3679 421 3771 heich
445 3686 494 3780 ᾦα
518 3695 597 3759 ΕΜ.
622 3694 694 3769 820,
715 3695 764 3757 10.
808 3696 897 3759 Huic
920 3694 1079 3779 originem
1102 3693 1239 3776 eandem

124 3793 183 3858 sed
205 3792 363 3857 diversam
380 3794 584 3862 affectionem
602 3795 712 3859 tribuit
730 3794 970 3882 Aristophanes
980 3798 1061 3881 Byz.
1075 3819 1127 3882 ap.
1143 3796 1237 3860 Eust.

124 3896 217 3973 1828,
239 3895 290 3958 57.
314 3896 372 3981 τὴν
395 3893 575 3979 προβάτων
597 3897 698 3983 δορὰν
723 3893 804 3962 ἔνιαι
829 3893 907 3980 top
930 3899 1088 3964 καλοῦσι·
1117 3897 1238 3964 τῶνδὲ

123 3996 270 4083 ἀρχαίων
300 3990 439 4062 <intentio
469 4020 554 4073 τινες
576 3997 760 4086 ametegis
782 3996 978 4080 ποιούμενοι
1002 3994 1135 4083 (duest)
1159 3994 1237 4064 ἐκά-

193 4237 237 4299 11)
254 4235 300 4288 Sic
316 4234 398 4289 otiam
416 4233 606 4306 scriptumest
623 4233 651 4289 in
665 4234 756 4308 Epim.
771 4235 807 4289 II.
824 4237 881 4288 tto.
896 4253 1006 4306 unaque
1023 4233 1145 4306 ὐπερώα,
1159 4235 1237 4305 quod

122 4319 244 4377 correxit
263 4321 407 4376 Beldrerus
426 4320 648 4377 turnultus.
685 4323 739 4379 Pro
758 4325 812 4378 hoo
833 4320 861 4375 in
881 4322 954 4377 Gud.
970 4325 1088 4389 571,11.
1109 4322 1237 4396 ἐσπερῶα
