2736 4778
203 382 246 449 aa
305 334 322 379 ⁵
583 373 862 443 nrssnsnnmo
895 373 950 440 vr

203 544 256 611 hic
277 542 367 609 addit
386 541 559 607 Pindarum
580 534 701 606 nostr·
717 555 907 620 usurpasse,
940 537 974 602 id
1004 555 1062 619 pro
1089 554 1150 601 usu
1173 537 1338 603 commum

204 652 239 712 et
258 645 426 710 Homerico
458 648 545 710 certe
571 641 651 708 nihil
680 640 774 706 valet
833 638 982 705 Curatius
1014 638 1095 703 haec
1127 637 1274 705 dissensi
1306 640 1336 704 in

204 748 348 814 Rhemat
370 744 434 813 290
456 745 527 811 adm
551 742 580 809 3.

290 848 329 914 In
349 848 408 914 hoc
430 847 535 929 amplo
557 845 700 927 catalogo
720 843 841 909 nullum
863 844 954 923 inest
976 843 1009 908 in
1028 843 1256 925 qno'o'micro
1273 845 1335 910 iota

153 937 160 945 ’
205 952 333 1033 longum
360 950 506 1030 accedat,
540 949 635 1031 idque
657 945 860 1013 Hermannus
890 946 931 1011 de
960 945 1029 1011 Em.
1052 944 1107 1011 Gr.
1129 946 1203 1011 Rat
1238 964 1272 1029 p.
1295 945 1333 1012 42

205 1054 330 1121 omnino
352 1051 423 1118 lieri
443 1068 536 1134 posse
553 1048 698 1132 negavit,
732 1066 840 1113 omnes
863 1047 1073 1131 diphthongos
1099 1048 1230 1115 literam
1253 1065 1334 1131 quaa

205 1155 318 1222 ultima
339 1159 391 1219 est
409 1153 539 1220 brevem
559 1150 679 1217 habere
701 1149 868 1231 dictitans;
891 1155 986 1233 atque
1007 1151 1067 1216 hac
1076 1151 1203 1217 ratione
1214 1151 1335 1234 colligit

207 1256 342 1323 nominis
362 1254 510 1337 bisyllabi
536 1247 656 1331 Οἰλεύς
681 1251 822 1318 vocalem
844 1252 999 1319 initialem
1020 1257 1128 1318 mutae
1149 1252 1258 1320 instar
1279 1253 1333 1321 ha·

206 1358 306 1424 bitum
339 1374 409 1423 esse
444 1361 654 1439 praesonante
681 1354 760 1434 iota⁴
793 1354 845 1420 cni
876 1354 964 1419 illam
996 1354 1193 1421 extrinsecus
1221 1373 1333 1439 snper·

205 1461 331 1542 venisse
364 1464 451 1525 certe
484 1458 506 1522 ii
539 1457 754 1536 crediderunt,
788 1456 843 1537 qui
867 1450 969 1534 Ἰλεύς
995 1457 1191 1538 scripserunt
1223 1458 1334 1525 addito

208 1568 312 1645 etymo
342 1555 415 1628 dud
443 1563 501 1627 τοῦ
522 1557 629 1640 ἵλαος,
652 1558 824 1623 uElemm
847 1555 863 1621 1
884 1554 936 1622 85.
979 1556 1112 1623 Praeter
1137 1557 1199 1626 hoc
1226 1559 1334 1627 herois

206 1680 321 1729 nomen
342 1662 409 1728 iota
428 1646 557 1744 longum
579 1678 652 1727 cnm
664 1661 698 1732 ὀ·
710 1658 905 1740 colliquescit
925 1658 958 1724 in
972 1658 1131 1725 nonnullis
1144 1660 1333 1744 bubeneto,

207 1783 289 1851 quae
311 1763 491 1846 Stephanus
513 1763 630 1844 promit
651 1762 768 1845 duplici
782 1760 875 1827 modo
887 1761 1007 1844 scripta
1019 1758 1137 1828 Βουτώ
1147 1762 1334 1853 Bourdepa

211 1861 234 1953 ἢ
243 1863 429 1954 Βουτοίτης
450 1861 495 1945 ὥς
516 1871 575 1953 τῆς
596 1869 728 1950 Σαβοῦς
742 1862 905 1951 Σαβαΐτης
926 1861 982 1929 καὶ
993 1859 1159 1951 Σαβοίτης
1184 1869 1220 1931 et
1235 1864 1334 1949 Ψτβῶ

212 1965 385 2055 Ψεβοΐτης,
397 1965 486 2033 codd
496 1963 660 2055 Ψεβοίτης
671 1974 730 2034 ete
744 1962 951 2052 [Proll.38t];
968 1965 1025 2032 sed
1036 1965 1184 2032 distincte
1195 1970 1334 2037 sonatio

209 2067 411 2137 Graecanicis
423 2063 714 2159 Εὐβοΐτηςὸααα,
733 2064 1069 2157 ἹπποθοΐιηςΡααα.,
1092 2068 1170 2133 item
1191 2069 1226 2134 in
1249 2088 1333 2137 eom·

207 2171 354 2239 munibus
367 2166 536 2257 displicer,
559 2178 594 2239 et
615 2189 633 2238 e
650 2172 806 2238 contrario
817 2171 1000 2261 τρίγαατος.
1023 2168 1334 2241 Dativoo'i‘similem

208 2291 320 2340 sonum
351 2272 501 2341 habuisse
526 2274 778 2341 interiectionem
800 2275 941 2342 ionicam
975 2267 1264 2357 dempserimus
1296 2295 1333 2344 ea

208 2375 430 2459 Aristophanis
451 2377 525 2442 lusu
546 2376 618 2442 Pac
641 2375 704 2444 928
726 2373 834 2460 (933),
862 2377 917 2443 nbi
938 2377 1091 2460 Didymus
1113 2378 1251 2446 adnotat
1271 2381 1334 2447 iota

209 2479 249 2546 ab
271 2478 399 2544 Ionibus
422 2478 561 2560 produci.
617 2479 667 2544 Ad
695 2496 753 2545 nos
781 2479 883 2546 solum
909 2479 1055 2560 pervenit
1081 2480 1333 2563 monosyllabum

172 2637 176 2645 .
208 2582 394 2664 plerumque
422 2581 528 2646 dativo
550 2582 743 2663 pronominis
766 2582 942 2663 personalis
964 2582 1185 2664 praemissum,
1208 2583 1251 2650 ab
1274 2584 1333 2651 Ae·

210 2682 316 2765 schylo
343 2701 418 2747 vero
441 2682 608 2763 aliquoties
630 2681 773 2750 absolute
794 2685 932 2766 positum
960 2690 1017 2749 aut
1037 2682 1239 2752 circumflexo
1261 2691 1334 2753 tono

208 2787 296 2851 Pers.
319 2781 381 2848 673
404 2789 439 2850 et
459 2781 532 2863 974,
554 2784 921 2866 qnomodoHermannus
943 2787 1078 2867 scripsit
1100 2791 1164 2866 eut
1187 2791 1226 2852 nt
1240 2789 1334 2871 vulgo

154 2920 156 2925 ·
210 2887 254 2968 fit
277 2892 378 2952 acuto.

291 2990 331 3060 ᾶ,
354 2985 489 3070 figurem
511 2986 696 3070 diphthongi
724 2987 837 3066 habet,
873 2988 931 3054 sed
962 2993 1153 3069 potestatem
1182 2989 1335 3074 simplicis

210 3092 335 3160 vocalis.
368 3090 495 3155 literae
517 3093 534 3162 i
562 3095 595 3154 et
616 3094 874 3173 §nonnunquam
895 3107 930 3154 se
941 3090 1126 3172 contingunt
1146 3091 1179 3155 in
1191 3095 1334 3175 synthesi

211 3191 445 3280 (dispoliasse),
468 3192 525 3258 sed
539 3210 700 3274 nunqnam
711 3192 947 3258 contrahuntur.
974 3191 1087 3274 Itaque
1098 3193 1159 3259 alio
1170 3197 1334 3262 vertimur.

296 3297 324 3380 ᾖ.
347 3294 376 3360 5.
420 3293 468 3358 De
492 3293 756 3376 diphthongorum
773 3300 865 3360 sexta
878 3295 1067 3377 multiplices
1083 3299 1334 3365 suntcautionee

211 3406 244 3465 et
255 3397 402 3478 scrupuli.
424 3394 565 3461 Primum
576 3394 812 3463 Choeroboseus
823 3395 905 3464 Dict
920 3396 980 3462 123
993 3404 1021 3468 ὅ.
1036 3397 1070 3462 in
1086 3395 1147 3462 fine
1164 3400 1333 3467 vocabulo

211 3520 283 3566 rum
298 3499 469 3565 consistere
483 3517 577 3580 posse
587 3503 697 3581 negat:
717 3498 757 3566 τὰ
776 3495 824 3578 εἷς
840 3501 874 3578 i}
890 3493 1132 3588 inonopeouao?
1147 3495 1206 3566 οἰκ
1220 3501 1335 3584 ἔχουσι

211 3602 269 3690 τὴν
281 3602 414 3691 δοτικὴν
427 3598 471 3679 εἷς
484 3603 501 3671 ι’
517 3595 748 3689 ἆνεκφώνητον
760 3599 935 3690 λήγουσαν,
947 3606 994 3689 τῷ
1006 3604 1120 3675 Διονῦ,
1134 3606 1181 3691 τῷ
1192 3607 1334 3688 Καμμῦ,

211 3706 258 3791 τῷ
268 3707 406 3790 Λαρδῦ·
429 3700 586 3770 οὐδέποτε
608 3703 671 3791 γὰρ
694 3697 713 3789 ἡ
736 3704 763 3774 αἶ
785 3703 819 3771 ἐν
835 3705 924 3773 τέλει
935 3706 1055 3785 λέξεως
1070 3699 1279 3794 εὑρίσκεται·
1302 3705 1334 3774 ἐν

212 3805 274 3895 γὰρ
296 3809 343 3893 τῷ
367 3805 476 3873 νέκυι
498 3808 818 3872 κατατεθνηῶτι
846 3805 898 3889 (ll
920 3807 997 3873 XVI
1019 3806 1082 3873 526
1109 3814 1143 3874 et
1164 3804 1245 3891 565)
1274 3805 1335 3876 otia

211 3906 298 3974 ’ἔστιν
330 3905 364 3973 ἐν
386 3904 564 3993 (ἴα-φθόγγῳ
597 3905 635 3972 τὸ
654 3907 755 3976 {sui
776 3905 862 3991 τὸῖζ
880 3903 963 3974 ἀλλὰ
986 3909 1020 3976 ἐν
1047 3913 1093 3996 τῷ
1114 3908 1226 3995 μέτρῳ
1250 3911 1334 3977 κατὰ

212 4007 378 4094 novilunio
398 4011 595 4094 μετροῦνται
624 4003 671 4085 εἰς
699 4005 780 4091 μίαν
802 4008 977 4097 συλλαβήν.
1022 4012 1105 4077 illud
1126 4012 1334 4093 hypocoristi-

176 4189 178 4193 .
213 4128 284 4176 cnm
306 4127 415 4192 genus,
438 4111 521 4192 qnod
543 4111 575 4175 in
597 4109 730 4176 Dissert
754 4110 792 4176 de
814 4112 1017 4177 substantiata
1039 4113 1073 4176 io
1094 4115 1127 4190 a}
1148 4113 1335 4178 ammom

211 4211 368 4279 illustravi
389 4213 421 4279 in
443 4211 536 4279 Wolf.
559 4212 660 4279 Anall.
683 4212 732 4278 III
754 4214 811 4296 52,
844 4219 1047 4296 monoptoton
1069 4220 1120 4281 est
1155 4219 1189 4281 et
1211 4214 1253 4282 ab
1276 4217 1336 4284 hoo

212 4319 353 4380 tractatu
375 4316 520 4382 alienum.
564 4315 669 4384 Νέκυι
702 4322 737 4382 et
767 4319 904 4401 quinque
937 4336 1100 4400 compares
1133 4319 1246 4401 dativi,
1281 4320 1335 4402 qui
