2736 4778
213 345 269 412 DE
293 343 536 430 sYNlnRusl,
559 347 760 416 DIAERESI
782 357 840 418 etc.
873 353 906 419 P.
918 353 943 421 Ι.
966 353 1000 421 C.
1012 354 1053 421 11.
1076 356 1103 442 ᾗ.
1120 357 1149 422 2.
1205 357 1246 422 31

126 511 223 594 igitur
243 527 300 595 pro
314 511 411 577 'brevi
427 510 626 593 ,habuemnt
662 514 743 580 sieut
764 522 814 582 est
837 517 922 599 apud
942 518 1115 586 Homerum
1137 522 1169 586 in
1192 540 1244 587 ea·

126 616 212 683 sibus
235 615 406 698 trisyllabis
432 615 586 704 Θρήϊκες,
610 617 775 699 ipsumque
797 619 1023 687 nominativum
1044 642 1109 688 non
1136 622 1245 712 Θρήϊξ

125 727 161 787 ut
182 719 311 802 quidam
332 719 542 800 posteriorum
564 720 766 802 scripserunt,
790 721 846 785 sed
863 722 979 807 Θρῆῖξ,
1002 725 1085 789 unde
1107 727 1247 793 nascitur

126 823 374 906 monosyllabum
399 858 434 869 ·-
463 822 634 890 πέπονθεν
658 814 715 887 odo
738 820 775 886 τὸ
802 819 897 912 Θρᾴξ
910 825 1038 914 (Θρᾷξ)
1060 827 1246 913 συναίρεσιν

125 925 256 1010 Epiml
271 924 344 991 204.
360 963 395 973 —-
411 924 572 991 Minervae
595 924 757 1007 epitheton
769 927 930 1003 Πυλαῑιις
940 927 1093 1011 Lycophr.
1106 927 1168 995 356
1181 931 1246 996 sive

113 1030 167 1096 'ab
189 1028 378 1112 appellativo
401 1024 489 1117 πύλη
513 1028 656 1116 ductum,
675 1028 740 1093 sive
763 1047 783 1093 a
804 1029 931 1110 proprio
943 1027 1066 1111 Πύλαι,
1088 1033 1244 1098 incertum
1307 1019 1310 1022 ’

125 1133 278 1199 habemus
300 1136 406 1198 uuum
429 1150 467 1198 ex
487 1121 654 1210 Πυλαῖεις
676 1135 870 1196 contractum
892 1133 935 1197 sit
957 1135 1071 1217 (neque
1094 1154 1155 1200 non
1178 1133 1246 1199 fieri

99 1240 240 1318 ,potest
263 1240 299 1300 ut
309 1241 403 1317 poeta
413 1235 481 1317 ipse
493 1235 539 1301 sie
549 1233 850 1317 scripseritsyllabis
862 1235 1056 1319 disparatis),
1068 1256 1108 1301 an
1121 1237 1246 1302 Aeoliae

128 1337 280 1405 diffictum
302 1343 338 1403 ut
359 1336 525 1420 μαχαίιας
545 1358 602 1421 pro
623 1334 780 1425 μαχητής,
805 1334 841 1400 Cf·
866 1336 996 1403 Ahrens.
1020 1340 1107 1405 Aeol.
1131 1338 1181 1405 96.

211 1442 238 1526 §.
272 1441 301 1507 2.
356 1441 628 1525 Diphthongorum
660 1439 902 1521 impropriamm
934 1443 1073 1507 secunda
1105 1445 1253 1510 nascitur¹

125 1561 163 1608 ex
196 1543 358 1624 synaeresi
389 1542 544 1609 vocalium
569 1547 591 1628 'o
622 1551 655 1611 et
675 1546 709 1629 T,
731 1542 771 1608 de
789 1541 903 1624 quibus
926 1544 1043 1630 duplex
1070 1546 1251 1627 proseritur-

124 1645 276 1727 quaestio,
298 1664 363 1711 una
385 1646 424 1713 de
446 1647 623 1729 quantitate
645 1647 760 1717 vocalis
783 1646 974 1727 suppositae,
998 1648 1100 1712 altera
1122 1646 1161 1712 de
1183 1655 1244 1728 eta,

124 1748 305 1814 nativumne
335 1748 378 1815 sit
399 1769 439 1815 an
462 1769 501 1816 ex
523 1750 622 1832 epsilo
644 1767 837 1815 conversum.
893 1749 1066 1833 Utriusque
1089 1751 1245 1834 discepta—

125 1852 218 1916 tionis
251 1853 446 1919 oocasionem
473 1853 606 1936 praebet
631 1870 746 1918 nomen
768 1851 978 1932 Homericum,
1011 1871 1073 1935 quo
1096 1855 1246 1920 alimenta

128 1955 193 2020 sive
216 1953 334 2022 cibaria
356 1955 571 2040 significantur
593 1975 656 2022 non
678 1954 779 2021 solum
800 1954 975 2020 hominum:
993 1955 1071 2041 νηὸς
1083 1955 1245 2045 ἐξέφθιτο

127 2048 183 2143 ἤϊα
206 2052 325 2141 πάντα,
361 2062 417 2128 sed
451 2060 547 2126 etiam
574 2058 732 2125 ferarum:
762 2052 868 2123 λύκων
895 2050 953 2144 ἤϊα
987 2059 1163 2140 πέλονται,
1195 2061 1246 2127 hic

124 2160 216 2243 longo
240 2162 471 2245 ῖ,1111σ1)τειί;
493 2163 565 2228 hine
587 2166 694 2227 autem
716 2160 905 2226 translatum
927 2166 1058 2243 putatur
1080 2162 1121 2228 ad
1137 2163 1244 2246 fruges

124 2261 310 2348 frugumque
332 2267 477 2347 calamos,
500 2265 613 2348 spicas,
636 2266 753 2347 paleas,
787 2263 900 2346 quibus
922 2259 1037 2346 pecora
1057 2272 1243 2348 pascuntur:

123 2355 206 2452 ’ἠΐων
238 2372 381 2458 θημῶνα
416 2365 531 2457 τινάξῃ
564 2367 622 2433 0d.
655 2368 684 2433 V
717 2363 795 2446 368,
836 2366 920 2448 quod
952 2368 1027 2449 quia
1059 2374 1159 2435 metro
1191 2387 1242 2435 re·

124 2478 256 2553 pugnat,
296 2475 371 2536 sunt
409 2471 463 2554 qui
494 2475 619 2537 mutent
651 2471 684 2535 in
716 2467 905 2551 bisyllabum
936 2461 1022 2557 ᾔειν,
1061 2489 1123 2554 qno
1161 2471 1242 2537 Phe·

123 2580 264 2641 recrates
295 2594 352 2657 pro
386 2573 523 2657 spondeo
546 2591 622 2638 usus
646 2578 704 2638 est
762 2572 882 2637 Verum
915 2578 1058 2639 veterum
1079 2574 1244 2640 nonnullos

123 2678 183 2744 hoc
213 2677 280 2744 loeo
313 2675 390 2744 ἐΐων
423 2676 586 2760 scripsisse
619 2675 774 2756 colligitur
806 2692 845 2739 ex
873 2675 979 2756 glossa
1007 2675 1156 2761 Hesychii
1171 2672 1243 2743 ’‘Ei'o

124 2781 256 2868 λέγεται
280 2779 335 2847 καὶ
358 2777 563 2863 δισυλλάβως
584 2770 647 2845 εἷα·
670 2776 890 2846 ἐπισκεπτέον
913 2779 950 2847 δὲ
973 2775 1003 2845 εἶ
1025 2775 1244 2846 εαίαόνέσιιν

124 2875 180 2971 ἤϊα
203 2883 259 2950 καὶ
281 2881 351 2950 ἔῖα·
374 2880 452 2949 ὅταν
474 2881 535 2969 γὰρ
558 2885 596 2947 ab
618 2883 654 2966 ’ᾗ
675 2884 795 2968 βρῶμα
818 2879 982 2967 σημαίνει,
1007 2878 1086 2947 ὅταν
1109 2882 1145 2949 δὲ
1164 2881 1245 2964 ab}

122 2982 247 3074 χόρτον,
270 2987 304 3052 id
325 2991 375 3052 est
395 2985 519 3068 pabula.
562 2984 645 3049 Hine
677 2984 888 3048 coniecturam
919 2984 1075 3049 duxerunt
1097 2977 1154 3070 ἤϊα
1178 2987 1244 3051 sive
1293 3072 1296 3077 j

124 3095 318 3156 contractum
338 3081 384 3178 ᾖα
406 3088 532 3173 proprie
563 3086 678 3151 naboe
699 3083 876 3167 significare
897 3104 918 3150 a
938 3085 1035 3152 verbo
1064 3083 1139 3162 allo,
1175 3079 1243 3168 εἶμι
1331 3115 1333 3121 ·

124 3193 308 3273 derivatum,
338 3193 433 3257 latius
456 3195 562 3257 numm
584 3188 698 3254 edulia.
753 3187 941 3272 synaeresin
962 3190 1106 3272 quamvis
1129 3189 1243 3271 proba-

124 3295 220 3372 bilem
242 3296 452 3362 exterminant
472 3294 642 3360 Passovius
665 3297 698 3358 et
713 3290 893 3375 Geppertus
914 3293 948 3357 in
969 3292 1050 3357 libro
1077 3289 1243 3378 Uraproap

125 3395 182 3461 der
212 3397 423 3462 temeritatem
451 3395 597 3484 Geadnqe
627 3395 662 3461 Τ.
688 3395 721 3462 II
749 3414 778 3478 p.
801 3394 831 3476 5,
864 3395 918 3462 ille
950 3399 1076 3478 poetam
1109 3395 1243 3477 synizesi

123 3519 215 3567 usum
238 3520 309 3567 esse
332 3506 484 3582 statuens,
507 3519 588 3585 quae
610 3501 776 3583 utriusque
797 3499 913 3565 vocalis
936 3515 1064 3564 sensum
1086 3496 1244 3578 quendam

123 3603 320 3670 auditoribus
340 3605 542 3687 relinqueret,
565 3621 663 3687 quare
686 3604 782 3669 etiam
797 3595 879 3690 ἤιων
891 3601 1000 3667 scribit
1018 3606 1111 3666 acuta
1122 3600 1244 3683 syllaba

123 3709 233 3790 prima,
256 3707 338 3773 alter
359 3707 523 3774 violentior
544 3708 610 3773 iota
632 3706 761 3772 elisione
781 3705 872 3772 tollit.
930 3704 1071 3770 Tertium
1094 3703 1243 3785 quiddam

124 3811 271 3894 proponit
291 3809 471 3877 Nitasehius
494 3811 535 3876 ad
557 3808 669 3892 Odyss.
692 3807 721 3872 V
744 3805 816 3888 368,
839 3809 904 3874 iota
925 3825 987 3873 non
1008 3805 1149 3872 vocalem
1171 3824 1243 3870 esse

123 3915 181 3981 sed
203 3932 370 3980 consonam
391 3913 521 3978 remotis
537 3911 705 3995 punctulis,
727 3911 873 3992 idemque
888 3910 1049 3975 existimat
1070 3908 1108 3973 de
1121 3906 1243 3971 duobus

124 4017 270 4085 adieetivi
298 4011 392 4102 όὴιος
424 4013 549 4079 casibus
582 4015 652 4097 pavi
683 4013 959 4097 interpretantium
992 4017 1083 4077 aestu
1108 4010 1242 4074 iactatis.

123 4119 172 4186 De
195 4120 332 4204 genitivo
345 4113 499 4205 θώρηκας
511 4114 621 4206 ῥήξειν
633 4113 736 4205 δηΐων
751 4117 787 4181 Il.
799 4116 832 4180 ΙΙ
844 4113 906 4181 tlt
917 4113 1103 4180 Eustathius
1116 4110 1188 4178 282.
1201 4111 1242 4177 30

124 4224 257 4289 adnotat
278 4218 307 4288 οἱ
330 4218 471 4286 παλαιαὶ
495 4214 623 4300 ἀξιοῦσι
646 4218 748 4304 δηΐων
772 4216 1004 4303 ἀναγινώσκειν
1035 4212 1109 4298 δίχα
1134 4214 1241 4303 irpro—
1305 4210 1310 4219 ’

125 4325 249 4416 νὴσειας
273 4328 343 4390 τσῦ
362 4320 384 4408 ζ
406 4341 468 4408 quo
490 4321 582 4387 modo
605 4321 751 4407 syntheta
774 4317 952 4411 δῃάλωισς,
977 4315 1146 4407 Δῃάνειρα
1170 4338 1238 4384 ver·
