2736 4778
233 380 290 445 DE
313 376 562 458 SYNAERESI,
584 374 785 442 nmnnnsl
806 381 865 442 ete
899 375 968 441 P.I.
992 375 1063 441 C.L
1088 376 1115 459 ξ.
1130 371 1159 436 5.
1216 375 1257 440 27

138 546 338 626 (ιισπῶνταιε
371 544 468 624 μυῖα,
491 543 583 605 etsta.
630 537 698 605 Hoc
725 538 776 603 uel
797 537 881 603 idem
904 544 954 603 est
980 555 1017 604 at
1037 523 1160 620 plurale¹
1181 539 1259 604 illud

137 665 199 728 quo
222 644 336 711 Strabo
358 643 460 709 utitur
483 639 611 722 Βάκχαι
634 641 688 707 καὶ
717 643 832 716 Θυῖαι,
861 639 1095 722 velproprium
1118 642 1258 707 mulieris

137 766 261 827 nomen,
283 764 365 829 quae
376 744 483 810 Liberi
493 744 593 826 patris
605 745 693 825 orgia
703 744 878 809 instituisse
888 741 998 822 fertur,
1025 739 1112 809 Θυία
1125 743 1191 809 sive
1202 763 1257 826 po

138 851 202 916 tius
213 852 299 917 Θυῖα
307 845 746 932 Paus[Agl285];Bacchac
759 846 847 928 ipsae
858 846 1109 927 vulgovocantur
1118 842 1260 925 Θυιάδες

140 951 233 1042 παρὰ
260 950 298 1018 τὸ
326 949 423 1017 odeo
450 951 651 1035 πλεονασμῷ
678 951 736 1014 τοῦ
763 951 778 1017 ἶ
801 948 873 1014 ΕΜ.
896 948 969 1014 457.
996 948 1043 1014 19.
1087 947 1170 1013 illud
1196 966 1259 1013 non

137 1072 210 1119 raro
233 1046 330 1130 δυάς,
354 1049 444 1136 thyas
456 1049 604 1116 scribitur
614 1053 731 1117 omissa
741 1053 850 1132 vocali,
872 1069 954 1133 quac
976 1051 1044 1117 sine
1066 1050 1132 1116 ulla
1150 1068 1258 1116 neces-

140 1157 234 1221 sitate
265 1155 389 1220 adiecta
416 1158 467 1218 est
492 1153 589 1220 verbo
620 1155 652 1219 in
679 1155 824 1220 diastasi:
861 1150 894 1220 αἱ
917 1149 945 1220 δ’
971 1151 1027 1219 b'rr
1048 1153 1108 1234 μὲν
1136 1152 1259 1221 dortour

139 1257 179 1323 lh
200 1256 241 1323 H.
263 1257 297 1323 in
317 1254 414 1321 Mero.
435 1253 514 1334 558,
549 1256 606 1321 sed
630 1255 704 1321 libri
731 1257 856 1323 variant
884 1252 1015 1323 θύσωσι
1048 1261 1083 1321 et
1104 1253 1259 1334 θιιΐσωσι,

138 1360 339 1426 Hermannns
365 1357 462 1424 tacite
489 1353 649 1437 θύϊσωσι,
683 1363 828 1439 quartam
861 1357 901 1423 ab
934 1362 1075 1423 extrema
1107 1356 1260 1453 syllabam

138 1479 263 1541 acuens,
286 1479 348 1542 quo
369 1460 527 1542 synizesin
548 1457 742 1540 significasse
764 1460 897 1525 videtum.
936 1456 1029 1537 Θυάς
1050 1460 1105 1541 qni
1126 1460 1259 1540 scripse·

138 1569 230 1643 ruant,
263 1563 399 1629 tortasse
419 1562 486 1627 iota
519 1559 578 1626 sub
600 1561 701 1643 ypailo
722 1562 768 1627 sic
795 1562 885 1627 utin
906 1564 974 1645 μῦα
997 1561 1182 1626 delitescere
1205 1566 1261 1627 ant

139 1667 214 1749 quia
235 1668 252 1737 ὗ
274 1664 414 1731 inverbo
430 1660 506 1729 orio
529 1663 721 1744 producitur,
742 1682 806 1728 non
821 1664 1034 1729 necessarium
1051 1664 1260 1730 crediderumt

141 1767 204 1834 Sed
225 1768 327 1835 nostri
349 1765 450 1833 critici
471 1765 559 1831 illam
581 1765 771 1846 scripturam
792 1766 860 1832 sinc
883 1764 1079 1831 dubitatione
1100 1767 1260 1833 damnant

138 1870 242 1936 Arbor
263 1870 395 1936 odorata
416 1868 510 1947 vulgo
532 1863 620 1932 θύον
641 1871 780 1947 uocatur,
802 1887 830 1933 v.
852 1865 993 1932 Nitzsch.
1016 1867 1058 1932 ad
1081 1866 1140 1933 Od.
1157 1868 1186 1932 V
1207 1865 1259 1948 59,

139 1973 245 2038 Latini
254 1971 402 2038 feminine
419 1969 536 2054 cloiam
547 1968 710 2051 appellant
723 1970 789 2036 iota
799 1970 935 2050 inserto3
957 1969 1156 2052 inTheophr.
1169 1968 1226 2036 19.
1240 1969 1259 2037 3

139 2074 227 2140 codd
250 2079 283 2139 et
297 2074 366 2139 edd
383 2077 458 2138 vett
481 2070 565 2137 θυΐα
588 2071 745 2152 exhibent
768 2077 896 2138 nostrae
919 2070 1014 2148 doto,
1038 2073 1095 2138 sed
1116 2074 1260 2156 inaltero

47 2258 50 2262 y
78 2182 80 2185 ’
138 2176 205 2242 loco
227 2174 276 2240 111
304 2174 333 2240 4.
355 2176 377 2240 2
405 2171 517 2239 θιῖιια.
575 2172 664 2239 Haec
696 2192 768 2240 cum
799 2173 896 2240 verbo
930 2173 1096 2241 sacrificali
1128 2182 1261 2258 cognata

137 2283 299 2360 putantur.
342 2277 488 2358 ignotam
510 2276 662 2358 originem
684 2275 1069 2358 habetmortariinomen,
1091 2280 1181 2345 cuius
1202 2280 1260 2344 tri·

138 2381 210 2462 plex
233 2380 398 2461 scriptura,
419 2379 637 2474 rudgatissima
658 2377 769 2452 doeio.
794 2380 883 2446 cuius
899 2381 1002 2461 prima
1018 2381 1140 2463 syllaba
1155 2382 1260 2448 brevis

13 2556 16 2561 Δ
140 2486 199 2560 cst,
221 2481 351 2546 tertiam
372 2481 497 2563 longam
519 2497 591 2546 esse
613 2481 753 2546 ostendit
774 2487 923 2548 accentus
945 2487 997 2547 sat
1018 2488 1176 2562 cenetens,
1198 2484 1260 2551 nisi

141 2584 225 2665 quod
252 2582 486 2648 Chooroboscus
511 2581 601 2648 Orth.
623 2581 687 2648 220
714 2588 986 2666 proparoxytonon
1014 2584 1155 2667 praebet
1198 2584 1261 2651 Pro

140 2703 177 2751 eo
198 2685 232 2750 in
253 2685 442 2764 comicorum
463 2686 541 2753 locis
564 2685 653 2751 codd
674 2685 861 2767 plerumque
884 2685 967 2752 θυΐα
990 2686 1153 2767 exhibent,
1176 2688 1260 2770 qnod

140 2786 321 2880 lteinelxius
346 2788 492 2854 universe
513 2788 628 2854 Atticis
655 2788 794 2853 vindicat
819 2789 852 2854 in
875 2787 960 2855 Gom
983 2790 1031 2856 ed
1053 2791 1173 2856 minore
1196 2789 1260 2856 hd-

140 2888 232 2955 dcnd
253 2907 283 2971 p.
305 2889 344 2969 X,
367 2889 405 2955 ci
426 2891 566 2958 Vindice.
589 2888 693 2955 Strab.
709 2888 781 2954 237.
809 2889 1005 2972 Bisyllabum
1026 2908 1090 2956 non
1111 2892 1258 2974 indagari

139 2995 266 3073 praeter
288 2990 429 3056 dativum
452 2989 535 3080 θυίῃ
561 2989 646 3073 apud
667 2982 923 3056 Andromachum
948 2992 981 3056 in
1002 2992 1198 3071 hexametro,
1230 3014 1259 3059 v.

140 3092 305 3175 aderyn.
321 3093 390 3173 165,
412 3094 496 3175 quod
519 3112 558 3160 ex
580 3090 663 3159 evea
685 3095 796 3156 natum
816 3092 917 3157 videri
938 3097 1097 3174 potcst—
1113 3093 1259 3175 Ignotum

140 3200 190 3260 est
212 3192 302 3273 θυΐς,
325 3195 414 3260 cuius
425 3195 598 3276 genitivum
608 3194 816 3260 Democrates
826 3195 992 3275 usurpavit
1014 3193 1049 3260 ἐκ
1072 3195 1261 3282 erigentem

139 3291 326 3374 sigbotonis
353 3293 562 3381 dyyea‘dror‘),
596 3297 647 3362 cui
668 3296 787 3361 Hasius
817 3295 850 3360 in
879 3296 971 3361 Tbes.
994 3298 1121 3378 θινῖδος
1143 3300 1258 3366 substi-

139 3399 202 3464 tuit
222 3398 366 3481 neglecto
388 3398 488 3463 altero
503 3399 598 3465 metri
611 3398 687 3465 vitio
708 3399 742 3463 in
757 3399 894 3464 secundo
905 3399 1104 3467 hemistichio
1115 3398 1259 3491 σμύρναν

140 3496 185 3577 εἰς
209 3498 358 3577 baddone,
395 3500 479 3581 quod
499 3499 752 3566 Bussemakerus
783 3501 817 3565 in
837 3499 924 3567 Poet.
946 3501 1053 3570 Bucol.
1082 3510 1116 3570 et
1136 3503 1259 3570 Didcct.

139 3602 276 3667 editione
297 3600 396 3666 Paris.
418 3601 453 3665 P.
474 3600 508 3666 11
529 3619 560 3682 p.
585 3601 645 3670 123
668 3621 697 3667 r.
719 3600 761 3666 la
789 3603 986 3670 emendatius
1013 3606 1140 3695 scripsit
1163 3607 1259 3673 dvei-

141 3705 221 3770 διον.
243 3763 246 3765 .
266 3702 334 3768 Hoc
356 3703 497 3769 Atticum
518 3709 570 3770 est
589 3709 628 3769 nt
648 3703 884 3771 Choeroboscus
905 3706 925 3772 l.
948 3725 973 3774 c
996 3709 1096 3775 tradit
1117 3727 1137 3775 a
1159 3706 1259 3775 θυεία

116 3804 324 3885 „derivatum
347 3804 430 3887 quod
450 3806 576 3888 proprie
597 3803 702 3870 todem
723 3805 901 3889 significare
924 3810 1058 3891 videtin,
1080 3809 1215 3875 tortasse
1237 3830 1258 3876 a

140 3906 279 3973 themate
304 3902 378 3972 θύω
400 3905 511 3987 anm,
544 3908 629 3973 unde
650 3907 819 3992 Dionysius
840 3915 993 3993 tyrannus
1014 3911 1182 3993 pistillum,
1204 3913 1259 3994 qni

139 4010 232 4093 vulgo
254 4005 380 4094 ὕπερος
401 4014 434 4074 et
449 4010 562 4090 δοῖδυξ
573 4011 700 4091 dicitur,
721 4012 1149 4097 transnominavitdoricrpv.

224 4262 253 4332 6)
271 4267 359 4335 Vulgo
377 4266 476 4320 aditum
494 4263 622 4335 ἀγγεῖον,
649 4268 720 4336 quod
743 4268 846 4322 scribae
871 4270 958 4336 potius
980 4270 1160 4339 imputandum
1179 4246 1273 4341 qum¹

141 4359 234 4420 poetes
251 4355 372 4421 quamvis
388 4354 516 4422 impolito.
