2736 4778
182 347 228 413 1v
626 342 874 410 PRAEFATIO.

186 511 304 576 tionem
326 511 434 575 venire
456 526 551 590 posse
574 507 736 572 videretur
756 508 937 590 indicarem,
964 509 1040 590 quid
1062 509 1131 590 ipsc
1154 508 1314 589 scriptum

184 631 379 712 reliquisset,
403 632 517 694 ceteris
539 628 655 692 tacitus
682 628 883 695 emendarem
917 629 945 693 si
977 628 1053 709 quid
1086 628 1133 693 ita
1164 632 1312 692 erratum

185 749 431 830 deprehendisse
460 749 547 813 visus
573 766 674 827 eram,
709 752 745 813 ut
767 745 958 813 Lobeokium
991 749 1095 829 ipsum
1129 752 1312 812 correctum

183 871 319 935 voluisse
342 869 523 947 arbitrarer.
567 867 605 931 In
633 885 694 948 quo
717 869 842 949 negotio
875 869 935 933 etsi
957 873 1049 933 tanta
1081 886 1132 932 me
1154 869 1311 950 religione

185 1009 278 1056 usum
301 1008 372 1054 esse
395 994 509 1079 testor,
533 993 652 1070 quauta
674 988 755 1053 tanti
776 988 836 1053 viri
857 989 1027 1054 memoriae
1049 1006 1086 1054 ac
1107 989 1227 1054 nomini
1251 989 1309 1054 de-

182 1110 291 1189 betur,
324 1115 431 1174 tamen
453 1107 522 1174 fieri
545 1127 606 1173 non
628 1109 732 1190 potuit
759 1109 835 1190 quin
867 1127 930 1173 nou
962 1127 1035 1173 raro
1068 1109 1140 1189 plus
1173 1110 1309 1190 singulis

185 1229 290 1294 verbis
313 1233 478 1309 mutarem,
501 1232 538 1293 ut
559 1228 608 1293 rel
630 1227 752 1292 hiantia
763 1233 1016 1310 coagmentarem
1037 1229 1088 1294 vel
1099 1228 1309 1295 exuberantia

183 1354 381 1431 amputarem
403 1348 454 1412 vel
476 1347 690 1428 discrepantia
712 1347 918 1413 conciliarem.

268 1468 350 1534 Nam
373 1487 413 1533 nc
436 1468 506 1550 quis
529 1467 662 1533 miretur
685 1487 722 1532 eo
745 1486 886 1533 errorum
898 1487 1014 1550 genere
1036 1487 1097 1533 non
1112 1467 1307 1535 abstinuisse

185 1590 391 1669 Lobeckium,
425 1606 487 1652 non
508 1588 719 1669 negligentiae
741 1587 773 1652 id
795 1589 906 1653 vitium
928 1587 997 1668 fuit,
1020 1589 1077 1653 sed
1104 1589 1306 1654 coniunctum

180 1729 251 1778 cum
273 1709 425 1790 singulari
446 1709 514 1772 eius
537 1708 700 1789 diligentia
712 1713 807 1789 atque
820 1708 1017 1773 assiduitate.
1063 1708 1199 1773 Tauium
1218 1709 1304 1775 enim

181 1830 273 1896 abest
294 1827 517 1895 utoonfectum
529 1833 624 1910 atque
637 1828 682 1892 sic
704 1833 740 1891 ut
751 1827 874 1893 solebat
885 1827 1073 1910 perpolitum
1092 1827 1176 1892 hunc
1185 1827 1305 1894 librum

181 1950 360 2032 reliquerit,
395 1953 432 2013 ut
464 1948 545 2013 aliae
567 1947 670 2028 operis
703 1953 811 2028 partes
844 1953 894 2012 ter
921 1951 1096 2029 quaterque
1128 1949 1306 2029 rescriptae

184 2076 301 2150 extent,
324 2068 457 2134 aliarum
479 2086 518 2133 ea
540 2072 626 2134 certe
647 2069 804 2147 tractatio,
828 2066 1304 2150 quampostremoprobarerat,

180 2209 221 2256 ne
243 2189 284 2256 ad
307 2187 401 2255 finem
423 2187 550 2270 quidem
571 2188 726 2269 perducta
752 2189 809 2268 sit,
846 2188 933 2253 velut
967 2192 1075 2253 sextae
1104 2191 1138 2251 et
1170 2192 1303 2255 octavae

180 2309 412 2376 dissertationis
434 2307 505 2374 finis
528 2309 640 2375 deesse
673 2307 810 2388 videtur,
844 2327 872 2372 v.
906 2311 1073 2389 praeterea
1104 2325 1134 2391 p.
1159 2306 1220 2373 133
1243 2327 1302 2390 ea,

179 2431 272 2496 adun.
296 2429 337 2495 ad
352 2448 403 2510 pp.
430 2427 500 2509 138,
522 2427 594 2507 209,
618 2426 681 2495 248
697 2432 780 2507 cett,
802 2429 834 2492 in
857 2427 928 2492 aliis
940 2427 1221 2508 emendationibus,
1243 2429 1302 2494 ad-

180 2551 376 2628 ditamentis,
410 2548 515 2613 lituris
538 2548 578 2612 de
600 2565 694 2612 cursu
717 2545 838 2612 deflexa
861 2548 903 2612 sit
925 2548 1033 2612 oratio.
1079 2547 1212 2614 Accedit
1239 2549 1303 2614 elia

179 2687 239 2748 res,
267 2686 348 2750 quae
371 2668 447 2732 mihi
471 2667 700 2748 quodammodo
723 2668 932 2747 interpolandi
955 2669 1177 2733 necessitatem
1200 2668 1302 2750 impo-

115 2768 118 2778 ’
179 2788 257 2868 suit,
292 2787 577 2852 additamentorum
599 2784 633 2849 id
655 2803 768 2866 geum,
803 2787 842 2850 de
865 2806 926 2867 quo
953 2805 1024 2852 cum
1047 2788 1122 2853 alibi
1145 2787 1209 2853 dixi
1231 2796 1302 2854 tum

177 2910 209 2973 in
233 2907 303 2973 adn.
327 2907 367 2971 ad
389 2926 418 2987 p.
442 2904 492 2970 94.
538 2904 629 2982 Quod
650 2923 708 2987 ego
731 2924 801 2971 cum
823 2908 912 2971 nefas
945 2906 1095 2972 haberem
1127 2908 1222 2988 plane
1244 2927 1301 2974 ne-

178 3029 306 3110 gligere,
331 3028 376 3092 ita
399 3045 435 3091 oo
459 3044 528 3091 sum
550 3043 642 3105 usus,
666 3031 715 3106 ut,
739 3026 889 3108 quidquid
914 3027 1074 3092 commode
1097 3045 1190 3108 posse
1212 3027 1301 3094 vide-

176 3148 248 3228 bar,
282 3148 416 3212 maxime
439 3152 581 3211 veterum
605 3146 791 3227 scriptorum
814 3148 958 3228 exempla
981 3152 1076 3228 atque
1108 3147 1301 3229 testimonia,

176 3268 208 3331 in
231 3265 367 3331 mediam
390 3266 563 3331 orationem
586 3267 772 3346 insererem,
807 3271 913 3332 cetera
944 3273 980 3332 ut
1013 3274 1105 3332 eraut
1136 3267 1302 3333 horridula

177 3393 274 3469 atque
297 3386 455 3466 incompta
477 3404 652 3467 proponere
674 3387 801 3451 mallem
824 3406 919 3468 quam
941 3406 1010 3453 meo
1034 3388 1139 3470 aliquo
1167 3385 1302 3453 artificio

180 3506 286 3571 conari
309 3506 354 3570 ita
377 3523 537 3586 exornare,
561 3510 597 3571 ut
619 3524 677 3572 nec
698 3506 847 3572 Lobecldi
870 3511 978 3572 essent
999 3525 1058 3572 neo
1079 3526 1161 3573 mea.
1205 3507 1300 3573 Eius-

177 3625 261 3689 modi
284 3630 392 3689 autem
414 3626 532 3706 omnia,
565 3627 703 3709 undique
738 3628 925 3709 conquisita,
959 3628 1093 3693 maxime
1127 3628 1301 3710 exprimis

175 3744 406 3826 postremisque
430 3745 623 3827 singularum
646 3748 904 3812 dissertationum
928 3749 1059 3830 paginis,
1083 3753 1119 3811 ut
1141 3766 1161 3812 a
1183 3750 1301 3815 ceteris

176 3862 431 3929 adnotationibus
443 3864 483 3929 ab
506 3865 574 3945 ipso
586 3865 743 3931 Lobeckio
767 3868 833 3930 suis
856 3868 994 3931 numeris
1006 3867 1164 3949 insignitis
1178 3886 1300 3950 suoque

176 3985 243 4050 loco
267 3986 377 4066 positis
400 3984 492 4050 facile
506 3985 640 4051 discerni
653 3994 791 4068 possent,
815 3988 998 4069 compendio
1021 3989 1133 4068 „adn.“
1158 3994 1191 4053 et
1213 3994 1299 4055 aste-

180 4104 261 4169 risco
283 4107 478 4188 praescripto
502 4106 580 4172 satis
603 4106 763 4188 provisum
786 4107 929 4174 arbitror.
984 4108 1105 4174 Eodem
1138 4109 1228 4192 siguo
1262 4129 1302 4178 ac

180 4227 347 4301 praeterea
368 4228 491 4292 uariata
512 4227 690 4293 litterarum
712 4226 812 4292 forma
834 4229 940 4294 notavi
963 4247 1001 4295 ea
1033 4248 1114 4311 quae
1137 4230 1213 4293 mihi
1236 4230 1299 4312 ipsi

177 4341 353 4411 adiicienda
385 4347 587 4430 videbantur3
625 4367 759 4431 quarum
792 4347 1029 4416 adnotationum
1067 4367 1217 4417 numerus
1256 4369 1299 4417 ne
