2736 4778
186 378 237 452 aa
554 368 872 440 ursanarsmo
901 368 929 439 1.

187 557 405 650 pugnantium
431 554 653 623 conflictiones
686 556 802 624 eodem
825 556 1032 645 appellentur
1051 556 1210 622 vocabulo
1234 579 1300 643 quo

188 662 354 749 colloquia
374 658 557 724 amantium.
601 658 665 723 His
686 658 869 724 refellendis
895 659 946 725 vel
967 661 1048 725 illud
1070 660 1190 725 sufficit
1210 662 1301 746 quod

187 764 390 832 substantiva
415 760 452 825 in
466 749 534 840 ἶῖιξ
555 760 722 841 exeuntia,
750 759 930 847 dequibus
952 763 1006 847 egi
1027 762 1062 826 in
1083 763 1202 828 Parall.
1225 764 1299 831 439.

184 865 230 932 ab
259 862 426 950 adjectivis
455 860 530 927 duci
558 861 725 928 insolitum
753 873 812 928 est.
855 864 909 929 Ex
929 863 1009 928 EM,
1031 863 1104 940 612,
1123 865 1176 930 43.
1199 858 1301 947 ι’ίαροι

185 964 224 1036 αἱ
246 965 386 1051 γαμεταὶ
408 959 511 1031 cinaei
531 958 678 1049 ὑμόαροι
705 962 800 1050 παρὰ
819 962 858 1031 τὸ
883 959 972 1047 ὁμοῦ
1000 958 1100 1042 εἶναι,
1127 976 1217 1051 patet
1237 965 1301 1031 hoo

187 1053 291 1156 ἦρτο
322 1064 507 1151 copulative
533 1063 659 1144 haberi,
689 1065 779 1151 quod
802 1065 837 1132 iu
857 1065 1022 1131 nonnullis
1043 1065 1177 1131 vocibus
1199 1067 1301 1131 fixum

185 1179 224 1236 et
235 1165 434 1233 immutabile
450 1176 508 1244 est,
521 1160 674 1252 ’Όθροος
688 1163 873 1253 ὑμόθροος,
885 1163 1026 1248 Ὄξυλος
1050 1165 1204 1248 ίσιίξολος
1217 1171 1300 1234 Hes.

189 1263 357 1355 ι’ίπατρος,
385 1261 482 1349 ίίζοξ,
514 1261 629 1351 ὑθριξ,
658 1263 780 1357 οἰέτης,
805 1268 883 1333 alias
913 1290 987 1334 eum
1008 1269 1107 1357 alpha
1127 1272 1301 1359 participat

186 1365 345 1457 ἂγαίατιορ
367 1363 531 1456 syriacae,
552 1368 726 1456 ipsumque
743 1391 862 1434 nomen
882 1370 1060 1456 perfectum
1078 1371 1149 1457 ὑίμα
1165 1367 1252 1456 &pag
1269 1383 1303 1439 et

189 1494 274 1561 quae
290 1471 366 1537 bine
378 1471 560 1558 composita
572 1479 647 1535 sunt
663 1467 796 1559 ἁμαρτῇ
808 1467 950 1559 ὁμαρτῇ,
971 1468 1131 1556 ἁμαρτεῖν
1145 1467 1301 1556 (ἀκολου-

185 1567 664 1660 θεῖν)ὑμαρτεῖν,αἰμορβιύειι
675 1565 1085 1654 ὁμορμτῖιίᾶκολοοθεῖι),
1094 1568 1301 1661 ἁμαμηλίδες

189 1670 395 1762 ὁμομηλίδας
419 1671 541 1738 Athen.
557 1671 655 1738 XIV.
672 1670 746 1734 650.
774 1670 819 1735 D.
841 1681 873 1736 et
895 1670 1016 1758 spiritu·
1031 1671 1097 1737 leni
1121 1664 1246 1758 ι’ίμηροι
1270 1673 1299 1742 oi

183 1772 314 1860 ῑιλμηροι
330 1773 412 1837 ΕΜ.
433 1772 485 1849 83,
509 1772 559 1837 19.
576 1766 726 1858 ἂμμορίρ
747 1793 807 1856 pro
829 1768 952 1858 ὑμορίη
971 1774 1074 1839 Anth.
1090 1775 1155 1841 IX.
1173 1775 1244 1840 786.
1261 1813 1302 1824 ·-

187 1873 247 1940 Ad
263 1884 430 1939 accentum
444 1873 634 1938 mutandum
655 1895 733 1937 num
749 1873 828 1957 quid
843 1874 1015 1939 contulerit
1026 1864 1055 1942 ο
1067 1877 1303 1964 pleonastieum

186 1975 348 2063 'exemplis
370 1975 502 2060 quidem
524 1974 621 2039 nullis
645 1973 810 2060 probatur,
831 1996 907 2039 nam
935 1971 1055 2055 Οἰλιὺς
1080 1990 1113 2042 et
1129 1973 1216 2058 ὀδάξ
1235 2001 1303 2044 non

184 2077 282 2144 ¹aliter
306 2078 516 2165 pronunciari
547 2086 699 2165 poterant
724 2099 822 2162 quam
850 2088 957 2142 cetera
985 2077 1080 2163 hujus
1111 2081 1241 2166 generis
1268 2082 1302 2146 in

186 2166 297 2259 ἷὺξαι
309 2170 535 2260 α’ξακαααιία,
558 2180 617 2245 sed
638 2202 679 2244 ex
695 2180 810 2265 regula
827 2178 893 2257 illa,
917 2202 983 2264 qua
999 2179 1063 2248 ὑόο
1081 2182 1124 2247 ad
1142 2181 1303 2250 diaeresin

191 2281 394 2360 transfertur,
416 2282 626 2367 consequitur
646 2291 760 2346 tonum
781 2302 849 2345 non
869 2279 998 2346 retrahi.

642 2547 753 2616 CAP.
789 2548 849 2617 VI.

466 2703 518 2778 De
540 2685 585 2792 a,
610 2685 641 2778 'si
665 2702 767 2778 etde
794 2702 1030 2803 ίζιιλίλοοριὺ.

277 2893 303 2977 ξ.
327 2890 356 2956 1.
399 2891 496 2957 Duae
518 2912 602 2975 quae
622 2898 745 2956 restant
765 2885 894 2953 vocales
916 2909 1023 2973 neque
1042 2885 1228 2952 redundent
1247 2910 1304 2952 us-

192 2993 280 3083 piam
302 3015 409 3079 neque
432 2992 585 3058 deliciunt
601 2991 665 3056 nisi
690 2991 725 3056 in
746 2990 878 3056 nomine
894 2987 985 3073 regis
1007 2987 1134 3053 barbari
1148 2983 1305 3055 Ὑσποοί-

184 3093 257 3186 ινρς,
281 3094 337 3181 qui
358 3094 456 3180 vulgo
479 3093 649 3180 Σπασίιης
672 3093 856 3159 nominatur
878 3090 964 3155 etin
987 3112 1135 3155 sermone
1156 3088 1305 3156 barbarie

193 3207 363 3282 eorrupt0;
387 3196 512 3280 βρίζειν
528 3218 587 3282 pro
611 3191 753 3279 ὑβρίζειν
770 3195 869 3259 hodie
888 3193 1006 3258 dicitur
1021 3214 1051 3257 v.
1069 3191 1184 3258 Corais
1195 3194 1304 3258 Atact.

192 3298 221 3363 I.
243 3298 317 3364 364.
342 3296 458 3378 etjam
480 3296 604 3380 aliquot
623 3295 741 3359 abhinc
763 3295 881 3361 seculis
910 3295 969 3382 τὴν
995 3290 1192 3380 ὑπερτερίητ
1214 3291 1306 3361 ἐθνι-

193 3400 247 3467 κοὶ
270 3395 414 3464 ίταλικοὶ
436 3393 713 3483 παρακόπτοντες
732 3398 890 3485 βιριίρηο
911 3399 995 3486 φασί
1017 3394 1103 3463 κατὰ
1120 3402 1308 3481 παραφθο-

195 3495 256 3585 ροίι
282 3499 376 3564 Eust.
409 3497 507 3574 1550,
538 3496 591 3562 25.
623 3495 740 3579 quibus
771 3497 888 3562 similia
913 3510 1061 3565 recenset
1080 3499 1138 3565 Du
1160 3495 1306 3582 Congius

161 3589 163 3592 ’
195 3595 250 3682 μία
277 3620 337 3684 pro
369 3594 477 3684 ὑγεία,
507 3598 609 3683 οιίρα
637 3620 697 3685 pro
730 3593 865 3683 ὑστέρα,
893 3599 1026 3668 idoneas
1053 3622 1114 3686 pro
1143 3595 1307 3675 ὑλάοκειι,

194 3697 296 3784 idque
321 3699 453 3764 fortuito
480 3699 631 3785 congruit
658 3722 732 3766 cum
756 3702 886 3789 poetico
910 3701 1055 3780 λάσκειι,
1090 3700 1179 3786 quod
1209 3699 1306 3763 latius

194 3800 328 3888 quidem
355 3811 446 3887 patet
472 3801 530 3866 sed
555 3800 731 3889 praecipue
759 3803 876 3868 dicitur
901 3804 942 3869 de
969 3803 1102 3867 latratu:
1127 3798 1306 3866 Λάακοοοι

185 3898 290 3981 *arisae
318 3898 496 3968 ὑλακτοῦσι
513 3903 658 3989 Hesych.
687 3900 810 3989 σκύλλη
835 3906 993 3971 λελακυῖα
1014 3907 1114 3969 Hom.
1136 3900 1231 3976 κύνες
1256 3899 1308 3964 λε-

185 3999 336 4071 λάκοντο
356 4004 402 4068 Η.
424 4003 470 4066 Η.
493 4004 527 4067 in
547 4006 650 4069 Mero.
676 4003 746 4068 145.
790 4004 933 4070 Perinde
963 4005 1096 4071 fortuita
1116 4003 1243 4066 videtur
1263 3999 1307 4064 si-

193 4103 344 4169 militudo
364 4104 533 4170 nominum
553 4100 672 4191 μήνιγξ
696 4113 729 4168 et
752 4098 847 4189 ὑμήν.
895 4102 1049 4193 Φηλητής
1069 4103 1110 4171 e'x
1134 4099 1309 4190 ὑφειλέτρς

195 4217 308 4270 natum
336 4226 409 4272 esse
436 4203 677 4291 Moschopulus
706 4204 859 4290 opinatur
886 4206 928 4269 ad
957 4207 1038 4271 Hes.
1064 4206 1156 4291 Opp.
1178 4202 1252 4268 373.
1276 4211 1309 4265 et

185 4305 399 4375 ‘conclamant
426 4307 481 4374 alii
509 4304 675 4374 Choerob.
707 4305 866 4393 Orthogr.
892 4307 964 4385 271,
983 4309 1044 4374 ·30.
1075 4328 1104 4373 τ.
1132 4306 1243 4373 Vates.
1265 4300 1309 4367 ad
