2736 4778
148 348 222 427 558
331 371 334 378 ’
397 416 403 426 1
508 338 828 413 DISSER'IA'I'IO
851 339 895 412 V.

133 530 375 619 ’όοριμήστωρ,
417 526 652 617 πυρικαάτωρ,
693 515 942 617 νοκττκλέπτης,
981 537 1051 594 tum
1093 526 1264 612 adJ‘ectisis

148 633 390 719 ἁλίπλαγκτος,
420 629 680 715 νυκτίπλαγκτος
701 641 734 698 et
764 632 843 709 alia,
872 653 1010 717 quorum
1035 630 1193 694 omnium
1216 651 1264 695 ac·

149 745 261 802 centus
288 732 392 798 estin
414 732 668 820 antepenultima
687 745 818 820 praeter
839 729 1015 820 όορικτητή
1036 730 1077 796 Il.
1099 730 1173 796 [Χ.
1195 732 1264 797 343.

147 835 238 923 quod
259 834 336 900 alibi
358 845 510 920 gravatur
529 856 559 899 v.
581 834 699 900 Parall.
717 835 792 901 456.
812 832 1064 921 suffragantibus
1087 832 1263 900 Gramma

88 1024 90 1029 ⁴
147 939 219 1004 ticis
246 936 302 1022 qui
322 959 424 1001 unum
451 931 664 1013 ναυσικλοτός
686 947 823 1014 acuunt,
851 933 1068 1021 δουρικλυτός
1096 935 1264 1001 autemIn

148 1041 231 1106 duas
252 1060 350 1105 voces
375 1035 509 1103 dissolvi
523 1034 643 1122 jubent
664 1058 723 1102 suo
734 1049 905 1124 utramque
916 1047 1051 1103 accentu
1063 1037 1262 1103 distinctam

146 1141 259 1208 Unum
284 1139 400 1205 horum
426 1136 701 1203 substantivorum
729 1160 802 1204 cum
838 1139 1020 1228 participiis
1049 1140 1263 1227 conjungitur

148 1238 272 1331 duplici
291 1240 410 1317 modo;
436 1262 512 1304 nam
534 1239 624 1304 fluvii
651 1262 770 1306 nomen
792 1239 1059 1329 Πυριφλεγέθων
1079 1241 1262 1308 indissolu-

145 1342 212 1410 bilc
244 1352 294 1409 est
325 1340 386 1407 sed
425 1339 528 1406 levius
561 1339 736 1406 cohaerent
771 1341 917 1429 epitheta
951 1341 1262 1428 πυριφλεγέθοντος

147 1439 308 1532 έςότττρον
329 1441 604 1528 inAgesianactis
625 1464 721 1508 versu
733 1452 795 1531 ap.
810 1441 976 1509 Plutarch.
1000 1441 1042 1508 dc
1064 1442 1150 1511 Fac.
1176 1444 1259 1510 Luu.

146 1567 174 1611 c.
198 1542 250 1611 lll.
273 1541 357 1611 λέων
385 1542 599 1630 πυριφλέγων
619 1544 735 1631 Eurip.
766 1542 1018 1630 ποριπνείοντες
1039 1537 1157 1612 όίστοί
1174 1547 1258 1611 Mus.

147 1640 246 1736 ἠελίῳ
265 1640 673 1733 πυριπλὴθοντιΜοαοιλτ.
697 1667 783 1731 quae
804 1669 824 1710 a
841 1644 975 1710 diastasi
992 1666 1061 1710 non
1072 1645 1258 1725 abhorrent,

134 1746 206 1814 'sed
232 1741 489 1832 incomparabile
518 1755 568 1809 est
593 1745 727 1811 verbum
754 1745 951 1835 πυραίθειν·
979 1748 1153 1826 συνθέτως
1183 1743 1257 1818 ἀνο-

130 1845 307 1936 ’γνωστέον
327 1843 438 1914 Sohol.
457 1845 537 1911 Eur.
559 1844 659 1913 Rhes.
680 1849 734 1913 41.

229 1951 254 2034 ξ.
275 1945 307 2012 5.
344 1946 539 2013 ·Aocusativi
564 1949 708 2037 speciem
733 1948 871 2035 praebet
895 1971 1014 2015 nomen
1041 1945 1135 2016 urbis
1151 1944 1256 2034 ³de-

146 2051 256 2130 πολις,
283 2048 312 2115 si
333 2049 531 2136 primitivum
553 2049 615 2115 fuit
636 2051 733 2136 Hya,·
749 2060 782 2114 et
804 2050 905 2117 luisse
927 2051 983 2137 qui
1011 2051 1058 2116 ita
1079 2061 1257 2117 statuerent

145 2149 308 2238 colligitur
329 2173 348 2216 e
371 2150 482 2219 Schol.
504 2154 548 2219 A.
574 2152 617 2217 ad
635 2150 675 2218 Il.
693 2149 730 2217 ll.
754 2150 826 2218 521.
844 2147 1032 2237 Ὑάμπολιν
1053 2148 1162 2232 οὕτως
1184 2147 1255 2221 cirs-

144 2253 297 2341 γνιόσθη·
316 2247 352 2319 έν
373 2248 436 2340 γάρ
459 2251 557 2320 ἔστιν.
598 2252 668 2320 Alii
688 2252 788 2341 Igitur
810 2249 895 2319 ‘'ch
918 2250 1018 2321 πάλιν
1044 2254 1254 2342 scripserunt.

144 2355 214 2424 Sed
223 2354 322 2442 vulgo
344 2365 480 2422 vocatur
496 2348 681 2439 Ὑάμπολις
704 2377 765 2443 per
786 2376 899 2422 omnes
921 2376 1027 2434 casus,
1045 2355 1150 2441 idquc
1164 2355 1255 2423 Pau·

145 2455 254 2524 sanias
285 2455 344 2522 lX.
366 2455 424 2535 35,
448 2455 481 2520 4.
509 2475 551 2520 ex
572 2450 717 2522 Ὑάντων
747 2453 849 2535 πόλις
876 2466 1076 2522 contractum
1099 2467 1199 2544 putat
1217 2458 1254 2525 cf.

130 2560 187 2625 ‘ad
208 2561 263 2644 Aj.
287 2582 320 2646 p.
342 2556 416 2624 367.
460 2556 634 2643 Vulgatius
664 2566 713 2621 est
741 2554 968 2639 νοονεχόντως,
999 2559 1089 2643 quod
1112 2560 1254 2648 Apollo·

143 2660 217 2725 nius
247 2657 289 2724 de
310 2658 397 2723 Adv.
421 2656 494 2723 587.
524 2678 542 2721 e
570 2658 753 2724 Menandro
783 2658 876 2724 affert
899 2659 1071 2739 Isocratis,
1104 2663 1164 2748 qui
1194 2662 1255 2729 hoc

143 2761 264 2848 septies
286 2781 365 2824 usus
389 2770 454 2838 est,
478 2757 614 2838 oblitus,
636 2760 736 2845 idque
759 2754 942 2827 ἀσύστατον
966 2784 1039 2829 esse
1063 2785 1132 2829 non
1156 2775 1255 2852 negat

143 2862 202 2928 sed
231 2860 376 2928 defendit
404 2861 467 2927 hoc
494 2861 613 2927 modo:
648 2857 812 2938 πολλάκις
839 2854 992 2949 σχήματά
1026 2888 1102 2930 τινα
1132 2864 1170 2932 ἐκ
1196 2866 1252 2934 δύο

144 2958 332 3033 διεστώτων
342 2960 391 3043 είς
403 2958 540 3052 ἑνότητα
552 2956 997 3050 παραλαμβάνεταιῖίρειος
1008 2959 1252 3053 πάγοςἍριιο-

142 3063 368 3155 παγίτηςη),
404 3067 477 3135 Νέα
504 3060 605 3144 πόλις
629 3062 858 3152 Νεαπολίτης,
891 3062 928 3128 τό
964 3057 1045 3131 αὐτό
1076 3062 1251 3157 ταυτότης·

143 3167 249 3246 οὕτως
271 3159 328 3235 οίνν
351 3166 490 3253 συσταίη
515 3163 633 3233 καὶτὸ
657 3158 873 3246 νοονεχόντως
887 3162 981 3248 παρὰ
1004 3164 1041 3232 τό
1062 3170 1140 3234 νοῦν
1162 3165 1250 3252 ἔχων,

143 3269 233 3356 quod
255 3280 359 3333 ratum
388 3265 488 3331 habet
507 3268 655 3334 Joanncs
685 3268 726 3332 de
749 3266 835 3331 Tou.
858 3264 916 3342 39,
946 3266 998 3330 24.
1024 3265 1061 3333 τό
1084 3265 1251 3351 νοονεχόν-

141 3396 208 3450 τως
236 3364 306 3438 άπό
337 3363 397 3436 delo
430 3365 514 3433 κατὰ
545 3364 720 3435 διάστασιν
754 3364 876 3444 λέξεων
904 3361 1065 3455 παρήχθη
1089 3373 1152 3455 τῆς
1179 3373 1252 3436 νοῦν

143 3471 279 3558 καὶτῆς
301 3464 448 3553 ἐχόντων.
493 3467 617 3534 Contra
638 3465 722 3532 hanc
744 3464 953 3553 scriptionem
973 3466 1108 3554 hyphen
1128 3469 1251 3537 Sohae-

140 3568 227 3635 Icrus
249 3571 284 3636 in
308 3569 629 3657 Appar.Dem.886.
652 3577 781 3655 pugnat
802 3569 952 3656 exemplo
970 3568 1138 3656 platonico
1162 3568 1251 3654 ἐχόν-

141 3694 206 3749 τως
227 3674 315 3750 νοόν,
344 3694 385 3737 ex
415 3694 481 3756 quo
509 3671 572 3737 hoc
593 3670 692 3737 modo
716 3670 852 3736 eflicitur
878 3693 944 3736 non
966 3694 1101 3738 necesse
1124 3682 1252 3739 esseut

140 3767 355 3853 νοονεχόντως
378 3770 544 3838 scribatur.
587 3772 757 3838 Bekkerus
783 3793 860 3838 vero
882 3795 949 3839 non
979 3773 1043 3839 hoc
1073 3773 1181 3841 solum
1201 3795 1250 3841 re·

140 3871 237 3937 tinuit
258 3870 317 3937 sed
339 3872 429 3960 apud
455 3875 595 3940 eundem
620 3873 799 3939 Isocratem
827 3875 923 3941 etiam
951 3872 1251 3962 λογονεχόντωςοι

212 4046 256 4114 18)
273 4044 320 4100 Sic
338 4041 540 4118 suprascripsi
565 4061 601 4099 cx
620 4040 684 4100 EM.
706 4042 770 4109 666,
786 4042 829 4099 36.
855 4041 902 4117 qui
919 4042 1066 4120 Apollonii
1091 4047 1181 4105 vsrba
1204 4065 1250 4105 ex·

142 4129 261 4202 carpsit3
275 4132 418 4202 vulgatum
431 4142 474 4188 est
484 4130 686 4207 Ἀρεοπαγίτης.
715 4127 851 4201 Ταυτότης
867 4129 912 4187 hic
929 4130 1075 4191 Bekksrus
1094 4134 1189 4191 edidit
1203 4137 1251 4191 scd

142 4233 204 4271 curn
216 4215 296 4287 signo
315 4218 457 4274 coronidis
472 4219 501 4275 in
513 4217 598 4274 Arist.
611 4214 718 4272 Nicon.
732 4213 809 4273 VIII.
824 4220 864 4274 tt.
881 4235 908 4288 p.
927 4221 1001 4274 1161.
1014 4221 1041 4276 b.
1056 4222 1099 4278 31.
1119 4219 1135 4294 ἦ
1155 4217 1251 4279 ταύτό-

141 4319 187 4371 της
199 4298 361 4360 ταίτοποιεῑ.
