2736 4778
216 340 257 389 v,
631 308 910 379 rmarsuo

216 499 257 564 de
282 496 479 564 dictionibus
509 495 728 582 singularibus
753 494 882 560 libellus
910 493 1012 559 multa
1037 517 1077 559 ex
1101 494 1162 559 hac
1186 492 1335 561 doctrina

216 623 359 689 delibata
387 621 494 687 habet
548 622 637 687 Huic
667 645 702 686 se
735 630 916 706 aggregant
945 620 1075 686 scholae
1105 618 1334 687 oecumenicae

217 749 367 813 ductores
389 747 508 834 partim
519 746 819 812 Alexandrinorum
838 742 939 829 dapes
958 745 1085 829 regales
1104 745 1232 832 depasti
1255 766 1333 831 par·

215 873 271 937 tim
292 873 358 938 suis
379 871 503 937 viribus
525 870 681 948 nitentes,
705 892 817 935 omnes
839 880 949 934 autern
971 870 1034 935 hoc
1056 871 1164 935 studio
1187 870 1277 935 ducti
1296 878 1337 937 ut

213 995 374 1062 vocabula
401 1018 421 1060 a
447 1007 536 1061 recta
560 1006 594 1060 et
620 994 758 1082 simplici
786 994 912 1060 ratione
941 993 1123 1060 abalienata
1151 994 1334 1087 affectionis

215 1121 452 1207 qualiscunque
474 1119 732 1207 praescriptione
754 1131 955 1185 excusarent.
999 1119 1111 1188 Prima
1134 1118 1234 1205 igitur
1255 1119 1334 1184 mihi

103 1292 106 1299 -
215 1258 248 1312 et
275 1245 500 1331 antiquissima
527 1267 606 1311 cura
633 1243 695 1309 luit
721 1256 759 1309 ut
785 1243 911 1323 omnia,
943 1243 1063 1329 quibus
1088 1244 1271 1309 Herodiani
1302 1254 1334 1309 et

213 1373 437 1460 proximorum
457 1370 595 1457 vestigia
616 1370 776 1457 impressa
797 1382 916 1446 essent,
939 1369 1085 1434 studiose
1107 1369 1333 1454 conquirerem

212 1497 331 1584 partim
367 1496 568 1582 antiquitatis
606 1496 786 1561 reverentia
814 1494 930 1560 ductus
963 1494 1082 1581 partim
1113 1493 1148 1557 id
1181 1493 1224 1556 ad
1254 1493 1332 1558 artis

211 1621 345 1687 literalis
358 1710 362 1722 Ι
376 1621 638 1709 arobaeologiam
666 1620 828 1710 pertinere
855 1631 945 1684 ratus
973 1631 1010 1684 nt
1037 1642 1104 1684 non
1135 1641 1175 1683 ea
1202 1619 1334 1682 demum

213 1770 298 1832 quae
323 1746 454 1813 scholae
479 1747 646 1835 principes
675 1747 886 1835 protulissent
908 1746 967 1810 sed
989 1745 1086 1810 ctiam
1108 1765 1334 1808 successorum

213 1883 246 1936 et
266 1871 522 1959 pedisequorum
547 1873 691 1960 pericula
718 1884 751 1939 et
778 1871 872 1958 qnasi
893 1869 1075 1957 crepundia
1095 1868 1173 1933 artis
1194 1867 1229 1933 in
1252 1890 1332 1933 con-

211 2007 327 2083 spectu
356 2018 513 2083 ponerem
542 1997 676 2082 abjectis
701 2007 809 2063 tamen
829 2019 912 2081 quae
936 1995 1031 2060 nimis
1056 2016 1207 2082 perverse
1227 1993 1334 2058 hallu·

211 2120 310 2186 cinati
343 2132 469 2197 essent3
502 2122 686 2204 cujusmodi
719 2123 810 2190 haud
842 2144 949 2210 pauca
979 2144 1046 2187 non
1079 2121 1185 2186 solum
1217 2119 1333 2186 novitii

212 2243 572 2329 Grammatosophistae
601 2247 785 2314 effuderunt
813 2250 873 2313 sed
895 2248 992 2312 etiam
1014 2247 1140 2330 antiqui
1162 2269 1267 2331 usque
1288 2245 1332 2312 ab

211 2366 379 2432 Heraclito
419 2369 601 2454 etymologi
634 2370 779 2435 omniurn
810 2368 1042 2434 vocabulorum
1075 2392 1189 2435 causas
1223 2371 1334 2439 dicere

211 2490 335 2566 conati3
363 2491 398 2555 in
418 2512 502 2576 qnos
528 2493 680 2558 convenit
700 2492 782 2557 illud
804 2493 894 2577 quod
912 2494 1098 2559 Hecataeus
1121 2497 1163 2561 de
1182 2496 1336 2563 universa

213 2625 311 2699 gente
335 2615 563 2701 pronunciavit
585 2614 616 2683 ol
634 2611 793 2703 Ἑλλήνων
814 2614 906 2701 λόγοι
931 2616 1055 2685 πολλοί
1075 2644 1111 2685 re
1129 2621 1186 2688 καὶ
1207 2620 1335 2705 γελοῖοί

213 2734 307 2805 εἰσιν.
359 2738 422 2804 His
456 2739 600 2806 omnium
629 2739 811 2805 seculorum
838 2741 991 2807 ramentis
1019 2743 1200 2833 interposui
1227 2746 1335 2812 variae

211 2861 253 2927 de
281 2861 449 2929 vocabulis
478 2864 696 2931 controversis
724 2852 945 2950 conjecturasss
979 2869 1019 2935 de
1046 2869 1165 2955 quibus
1195 2870 1332 2936 dubium

210 2998 260 3052 est
286 3008 365 3051 num
392 2985 450 3053 uni
469 2986 596 3054 illarum
619 2991 881 3078 corruptionum,
908 3017 990 3080 quas
1016 2996 1173 3063 Technici
1197 3018 1333 3063 enume-

209 3123 296 3191 rant,
321 3111 437 3197 subjici
464 3112 606 3180 debeant
635 3139 676 3180 an
707 3118 803 3183 simut
830 3119 977 3204 pluribus
1006 3145 1048 3187 an
1069 3145 1146 3188 vero
1167 3122 1248 3187 nun
1269 3094 1331 3187 see

208 3237 318 3325 potius
341 3260 361 3300 a
376 3239 541 3303 communi
562 3238 652 3309 tonte
669 3243 883 3329 profluxerint
903 3246 993 3311 nullo
1019 3246 1103 3311 inter
1121 3267 1157 3310 se
1178 3257 1332 3312 contactu

104 3383 113 3401 ·
208 3361 268 3427 sed
288 3360 391 3427 libero
414 3363 589 3449 solutoque
608 3365 645 3433 in
666 3366 810 3433 diversas
836 3381 945 3454 partes
964 3372 1070 3449 flexu,
1099 3372 1207 3457 qualia
1227 3371 1331 3439 multa

207 3486 300 3553 finxit
320 3487 492 3554 Archaeus
524 3489 592 3555 sive
620 3490 754 3577 spiritus
780 3504 886 3559 rector
915 3494 982 3560 sive
1010 3518 1075 3581 quo
1104 3497 1169 3563 alio
1195 3498 1330 3565 nomine

207 3612 424 3699 appellandus
446 3625 496 3678 est
516 3636 654 3681 arcanus
675 3616 729 3681 ille
749 3629 1000 3705 onomaturgus,
1025 3644 1180 3688 sonorum
1202 3623 1325 3709 quibus

206 3760 322 3804 sensus
345 3735 477 3802 humani
498 3750 690 3824 promuntur
710 3742 904 3809 modulator.
938 3744 1070 3812 Illarum
1084 3758 1192 3815 autem
1205 3771 1327 3817 vocum

203 3886 282 3952 pars
302 3884 422 3950 magna
443 3883 462 3927 e
482 3865 615 3933 remotis
631 3867 821 3953 regionibus
838 3867 976 3954 repetita
996 3871 1137 3957 ideoque
1158 3874 1213 3938 vix
1229 3898 1320 3941 surn-

203 3989 314 4056 matim
339 3988 473 4076 cognita
499 3999 566 4069 est,
597 3992 819 4077 cognoscendi
848 4002 956 4058 autem
975 3995 1111 4064 facultas
1141 4000 1229 4066 nulla
1251 4002 1317 4069 nisi

203 4115 364 4202 appositis
403 4098 560 4199 tanquam
592 4114 796 4182 adminiculis
831 4116 978 4202 ejusdem
1010 4123 1127 4194 coloris
1164 4127 1324 4214 exemplis
