2736 4778
315 369 373 435 DE
394 368 793 438 PROSGHEMATISMO.
835 373 917 438 P.L
1116 373 1176 439 145

62 635 174 719 μόναις
195 632 338 720 βίβλοις,
364 632 395 703 ολ
425 637 463 704 da
488 632 598 717 Ἴωνες
620 635 695 722 δίχα
718 643 778 705 τοῦ
798 643 824 711 3.
872 636 1013 718 Τούτοις
1034 631 1093 707 οὖν
1115 636 1178 724 άμ-

63 737 221 823 φοτέροις
253 733 285 804 ολ
319 738 457 826 ποιηταὶ
480 741 817 827 παρακολουθοῦντες
830 740 894 810 ’καὶ
917 742 957 830 δὴ
980 741 1035 810 καὶ
1055 745 1097 832 τῇ
1119 745 1179 810 roi

62 842 183 928 μέτρου
206 835 331 930 ἀνάγκῃ
353 838 513 922 πολλάκις
544 841 724 931 συμφώνου
744 845 805 928 μὲν
827 842 1077 933 ἐπιφερομένου
1097 845 1179 928 μετὰ

63 947 122 1009 τοῦ
153 943 173 1014 ἱ
199 939 377 1029 γράφουσι,
401 941 563 1024 πολλάκις
585 945 623 1013 di
648 945 703 1014 καὶ
731 945 919 1034 φωνήεντος
940 947 1181 1037 ἐπιφερομένου

64 1041 138 1127 diga
161 1046 266 1117 εοῦῐ.
323 1040 484 1112 Τοιοῦτον
512 1045 553 1134 δή
578 1073 611 1114 τι
633 1052 674 1136 τῇ
697 1053 756 1116 τοῦ
776 1051 899 1138 μέτρον
921 1045 1046 1139 ἀνάγκῃ
1069 1050 1124 1117 καὶ
1146 1045 1181 1117 ἐν

63 1152 130 1224 τοῖς
152 1144 235 1225 εἷς’,
255 1146 311 1214 καλ
327 1146 395 1227 ica
409 1144 562 1236 λήγουσιν
575 1146 780 1239 ἐπιρρήμασι
792 1156 963 1220 ποιοῦσινι
986 1149 1179 1240 πρόσθεν,
1280 1139 1286 1153 ’

64 1249 228 1335 νέρθεν,
262 1246 401 1330 οὕτως,
437 1243 575 1332 αὖθις,
611 1252 829 1337 πολλάκις,
863 1251 1004 1334 εάθός,
1040 1250 1179 1336 τάχός,

64 1346 261 1437 ἀτρέμας,
296 1371 376 1436 quae
409 1358 484 1420 sunt
506 1354 682 1421 Aristarchi
696 1357 834 1422 iunioris
868 1358 965 1423 verba
996 1358 1029 1422 in
1062 1340 1180 1422 Aneod.

64 1451 165 1519 Bekk.
191 1452 282 1519 1400.
1218 1464 1228 1478 ‘

149 1556 188 1621 In
208 1556 268 1624 hoc
289 1557 460 1622 summario
494 1547 556 1623 d'uo
589 1559 788 1636 continentur
810 1559 1033 1626 vocabulorum
1055 1579 1180 1642 genera,

65 1677 198 1742 quorum
230 1677 329 1725 unum
361 1667 398 1726 νῦ
421 1660 557 1725 .literam
595 1661 638 1725 ad
670 1679 704 1726 se
738 1662 869 1745 recipit,
903 1663 1039 1734 alterum
1071 1664 1181 1745 sigma,

65 1766 233 1843 utrumque
265 1761 451 1843 bipertitum
482 1781 541 1844 pro
562 1769 678 1828 natura
698 1765 825 1831 vocalis.
889 1765 954 1845 Ea,
984 1766 1181 1848 quaeadm

65 1863 198 1941 catalexi
220 1864 347 1944 habent,
381 1869 437 1930 aut
468 1883 525 1947 per
557 1882 650 1930 casus
683 1871 717 1931 et
741 1872 885 1949 tempora
907 1868 1105 1934 declinantur
1127 1873 1183 1932 aut

67 1967 204 2052 motione
226 1971 345 2032 carent
389 1965 504 2032 Ordiar
525 1966 566 2032 ab
587 1967 807 2036 immobilibus.

520 2144 683 2230 curor
717 2164 742 2229 1.

177 2304 234 2380 De
260 2328 309 2403 οφ
333 2303 572 2407 paragogico
596 2326 718 2377 οσοιινο
745 2270 1067 2400 indeclinabilium.

152 2488 179 2556 §-
205 2483 230 2546 λ.
274 2479 336 2545 Hic
362 2478 440 2544 nibil
473 2480 670 2561 conspectius
702 2485 753 2546 est
774 2498 869 2563 quam
891 2479 1041 2546 adverbia
1062 2480 1183 2559 localia,

68 2601 202 2665 quarum
235 2582 424 2663 scriptmam
456 2582 625 2665 ancipitem
659 2584 774 2650 cursim
807 2583 899 2664 attigi
921 2583 963 2648 ad
983 2583 1098 2665 Phryn.
1121 2581 1185 2648 284

68 2685 217 2750 adhibitis
251 2684 373 2750 duobus
399 2685 676 2766 grammaticorum
697 2686 896 2765 testimoniis,
920 2703 1001 2767 quae
1022 2684 1074 2749 hic
1095 2703 1184 2750 resu-

68 2807 154 2854 mere
176 2806 278 2870 cogor,
301 2807 364 2853 uno
386 2786 457 2853 EM.
480 2786 552 2853 385.
575 2784 618 2851 48
645 2785 836 2867 ἔκτοσθε,
861 2788 1107 2877 προνέρωθε
1130 2787 1185 2853 καὶ

68 2890 107 2956 τά
131 2886 234 2974 όμσιο
253 2891 353 2978 χωρὶς
375 2896 435 2956 τοῦ
456 2886 677 2977 ῖγράφετσι,
700 2885 797 2977 εἰμὴ
821 2893 951 2977 φωνῆεν
973 2885 1185 2977 ἐπεφέροντο,

69 2994 169 3059 altero
192 2992 410 3073 Choerobosci,
433 2991 517 3073 quod
538 2990 600 3057 huc
619 2990 717 3056 redit:
739 2992 960 3056 nonnullorum
973 3010 1012 3056 ex
1028 2992 1187 3056 sententia

69 3096 218 3163 adverbia
251 3090 397 3176 άνωθον,
431 3088 600 3174 κάτωθεν,
634 3089 837 3180 οὐρανόθεν,
873 3097 975 3179 γῆθεν
1008 3097 1042 3158 et
1074 3093 1188 3160 similia

70 3217 238 3265 consonam
259 3205 297 3264 νῦ
318 3216 380 3263 non
402 3215 421 3262 a
444 3197 543 3278 stirpe
568 3196 794 3278 ingeneratum,
828 3196 885 3261 sed
918 3197 1112 3261 extrinsecus
1134 3213 1185 3261 ac-

70 3308 195 3383 ceptam
227 3301 344 3367 babere
378 3299 528 3382 ideoque,
560 3299 622 3363 nisi
642 3297 759 3363 vocalis
792 3297 1019 3379 subsequatur,
1053 3299 1120 3363 sine
1149 3316 1188 3362 ea
1282 3368 1284 3373 ,

71 3402 237 3468 scribenda
257 3420 343 3483 esse3
366 3401 479 3483 quibus
501 3402 611 3468 relatis
632 3400 686 3466 ille
708 3399 797 3466 addit
819 3397 838 3487 ἡ
861 3401 899 3469 δὲ
921 3399 1082 3486 συνήθεια
1106 3397 1187 3466 πάν-

71 3529 144 3570 τοιε
177 3504 261 3589 μετὰ
295 3508 352 3571 νοῦ
384 3505 408 3576 ἶ
431 3505 470 3570 τὰ
506 3506 644 3570 τοιαῦτα
676 3499 807 3591 γράφει.
871 3503 940 3568 Hos
972 3503 1000 3566 si
1033 3502 1188 3581 audimus,

71 3612 214 3688 pugnant
235 3606 286 3671 hic
307 3613 431 3673 veteres
452 3605 577 3687 rivales,
611 3603 692 3669 ratio
714 3609 749 3668 et
769 3605 971 3673 consuetudo.
1030 3603 1094 3670 Sed
1116 3622 1187 3670 cou-

73 3707 178 3774 fundit
208 3713 343 3790 uterque
375 3709 501 3775 diversa
533 3724 662 3790 genera,
696 3723 779 3787 quae
810 3709 990 3774 accuratius
1024 3708 1190 3789 distinguit
1250 3692 1256 3701 “

73 3811 257 3893 Apollonius
280 3808 358 3875 Adv.
380 3809 445 3876 599
466 3809 686 3878 adverbiorum
707 3809 740 3874 in
762 3814 820 3883 οἵ
834 3811 1016 3877 exeuntium
1037 3809 1189 3890 originem

71 3912 203 3979 tradens
224 3912 393 3995 triplicem:
419 3907 540 4001 ἢπερ
567 3904 686 3995 όνσμαε
719 3912 886 3995 Διόθεν,
905 3908 1145 3997 Ἀβυδόθεν,
1169 3904 1190 3994 ἣ

73 4011 153 4101 παρ’
177 4011 359 4106 ἐπίρρημα
383 4010 429 4093 ὥς
450 4015 488 4081 τὸ
511 4011 708 4088 κάτωθεν,
732 4007 905 4096 άνωθεν,
939 4009 963 4100 ἢ
990 4010 1084 4098 παρά
1106 4007 1189 4096 πρό-

74 4123 185 4184 θεσινι
208 4115 402 4205 πρόσθεν,
426 4113 617 4202 ὕπερθεν.
651 4117 776 4182 'Primo
799 4117 906 4199 generi
928 4115 1009 4183 duae
1031 4113 1190 4179 subiectae

75 4226 150 4285 sunt
172 4220 308 4303 species,
341 4238 406 4285 una
427 4239 446 4284 a
467 4218 644 4285 nominibus
666 4217 811 4301 propriis
845 4216 933 4282 cuius
956 4221 1030 4281 sunt
1052 4216 1115 4281 duo
1135 4214 1191 4280 illa

76 4322 117 4387 ab
150 4322 288 4389 Homero
321 4328 425 4388 sumta
458 4325 491 4387 et
523 4325 690 4404 praeterea
722 4320 831 4386 decem
861 4318 1008 4472 εἰσειὶερρ)
1036 4319 1187 4387 auctoris:

128 4424 244 4475 Lobaek,
257 4426 340 4467 Petbol.
356 4424 383 4465 λλ.
