2736 4778
137 399 200 466 336
294 394 504 464 EPILOGUS
529 396 586 462 DE
608 393 982 462 INTERPUNGTIONE
1003 393 1107 462 CUM

138 561 232 627 Meno
255 561 443 626 sententiam
466 577 650 641 expromere
671 559 777 623 iussus
805 557 1071 639 deprecabundus
1096 558 1279 640 respondet

136 662 194 750 μή,
220 658 304 729 ἀλλὰ
327 662 378 742 or),
403 655 430 727 ὦ
453 658 634 746 Σώκρατες,
659 655 735 726 εἶπέ
756 666 790 726 et
811 661 911 726 Alcib.
932 659 1070 726 1114ss
1096 659 1164 747 μή·
1191 656 1278 726 ἀλλὰ

138 767 178 833 σὺ
202 760 301 842 αὐτὸς
325 764 415 848 λέγε,
447 765 524 829 ibem
549 758 847 828 Ar.Acha1·n.458
879 760 944 848 μή,
977 758 1068 828 ἄλλά
1105 787 1173 848 μοι
1210 758 1277 840 δός,

137 867 249 933 Aesch.
271 866 329 949 Ag.
351 865 414 935 915
447 863 509 952 μή,
544 859 615 932 ἀλλ’
645 860 712 951 εἴφ’
737 861 878 948 ὁμοίως,
913 865 967 931 ubi
988 865 1212 931 Hermuunus
1232 861 1276 951 μή

137 969 278 1035 exclusit
322 969 361 1034 ln
382 969 432 1034 bis
454 968 599 1035 omnibus
621 967 694 1032 libri
716 968 925 1047 consentiunt,
948 967 1007 1033 scd
1027 968 1141 1034 Rann.
1155 966 1224 1032 103
1246 972 1277 1032 et

137 1071 213 1137 Aru.
240 1070 300 1137 109
322 1068 435 1154 μάλλὰ
457 1070 606 1137 exhibere
628 1070 776 1136 videntur
800 1089 859 1152 per
880 1071 1000 1151 cresin,
1034 1088 1143 1153 quam
1167 1071 1273 1135 novis

137 1177 217 1242 simii
230 1175 368 1240 editores
389 1174 590 1255 adoptarunt.
635 1171 688 1237 Sic
708 1178 817 1238 tamen
837 1173 1008 1239 incurritur
1029 1173 1065 1237 in
1084 1172 1275 1238 similitudi

135 1296 209 1344 nem
229 1276 436 1359 pronominis,
470 1275 555 1357 quod
587 1275 689 1340 eidem
718 1276 927 1341 coniunctioni
954 1276 1176 1357 praeponitur
1198 1274 1274 1340 Eur.

136 1378 230 1446 Rhea.
255 1377 315 1446 145
350 1373 395 1456 ὡς
427 1373 469 1444 οὗ
494 1373 655 1461 μενοῦντά
681 1372 727 1460 μ’,
764 1374 846 1445 ἀλλὰ
871 1376 1057 1466 προσμίξω.
1107 1378 1273 1460 Equidem

139 1483 301 1565 suspicior,
324 1476 379 1567 μή,
403 1475 489 1546 ἀλλά
512 1479 546 1545 in
567 1481 710 1546 oratione
731 1481 985 1563 pleueexpressa
1000 1497 1085 1560 esse,
1110 1482 1145 1546 in
1158 1481 1272 1546 metris

135 1604 209 1651 vero
232 1584 292 1663 sic,
321 1588 358 1647 ut
378 1586 432 1647 eta
453 1582 568 1647 clarius
592 1582 755 1647 audiretur
776 1602 872 1665 quam
893 1582 996 1665 alpha
1039 1582 1087 1647 Et
1111 1582 1180 1649 fuit
1203 1585 1270 1648 siue

136 1687 231 1753 dubio
253 1685 411 1768 quoddam
434 1684 602 1750 discrimen
623 1686 708 1751 iuter
729 1686 808 1752 illud
829 1682 892 1774 μή,
916 1680 955 1751 οὐ
985 1690 1018 1750 et
1039 1685 1268 1751 indistinctum

48 1841 50 1845 .
133 1790 180 1872 μὴ
205 1785 259 1868 οὐ,
293 1786 376 1869 quod
397 1786 576 1852 Ellendtius
608 1787 642 1851 in
662 1788 737 1853 Len
761 1787 855 1871 Sopb.
877 1789 910 1853 ll
934 1787 995 1852 112
1027 1787 1101 1852 iure
1133 1787 1180 1853 ab
1215 1788 1267 1853 illo

106 1875 294 1957 'discernit
312 1923 321 1933 ·
337 1889 390 1954 llli
410 1890 606 1955 coniunctius
633 1895 684 1955 est
716 1886 805 1958 εἰδὲ
838 1886 893 1976 μή,
929 1885 1024 1977 ἡμεῖς
1059 1886 1265 1973 waldesmor

135 1993 260 2059 Thesm.
283 1989 347 2057 536
382 1998 416 2056 et
448 1988 488 2058 οὐ
522 1991 568 2057 τὼ
603 1989 682 2068 σιώ,
718 1988 789 2074 οὐχὶ
812 1989 921 2058 πάντα
944 1992 1016 2072 Lys.
1041 1990 1148 2072 1171,
1184 2010 1264 2074 quae

135 2097 255 2178 pariter
277 2113 297 2160 a
318 2094 401 2160 crasi
423 2095 601 2159 alienantur
619 2093 839 2176 hypostigmae
861 2094 1048 2160 accessione.
1092 2092 1190 2160 Haec
1212 2094 1262 2159 ubi

133 2198 238 2264 locum
258 2216 322 2262 non
342 2196 448 2275 babet,
471 2196 597 2276 vocalis,
624 2196 708 2262 unde
730 2196 916 2262 vocabulum
936 2195 1155 2278 postpositum
1179 2196 1261 2261 ordi·

133 2307 195 2380 tur,
218 2301 341 2365 codices
363 2299 506 2381 plerique
529 2296 678 2369 exhibent
698 2299 869 2381 integrum:
891 2297 936 2385 μὴ
950 2293 1088 2374 ἀδικεῖν,
1110 2296 1162 2384 μὴ
1175 2294 1259 2362 ἀπο-

135 2401 231 2470 δώσω
259 2408 334 2478 etc,
369 2420 397 2465 v.
422 2400 531 2465 Elmsl.
565 2401 606 2465 ad
628 2400 753 2469 Heracl.
776 2398 854 2479 160,
887 2400 1033 2483 idemque
1066 2400 1260 2481 praescribit

134 2505 229 2570 schol.
251 2503 362 2569 Aesclt
386 2503 477 2567 Eum.
494 2502 535 2566 85
558 2502 603 2585 μὴ
627 2497 750 2569 ἀδικεῖν
772 2500 937 2589 συνίζησις
960 2496 1004 2580 ὥς
1026 2501 1081 2567 καὶ
1103 2502 1153 2590 μὴ
1179 2498 1257 2583 ἆμε-

134 2614 214 2683 triv,
249 2617 281 2671 et
302 2626 403 2687 nuper
424 2606 570 2687 probavit
592 2605 792 2670 Hermannus
827 2606 867 2670 od
888 2605 964 2671 Hec.
990 2604 1072 2668 1218
1107 2610 1142 2669 et
1166 2605 1256 2669 Eum.

132 2710 152 2774 l.
166 2728 189 2774 c.
203 2710 282 2792 (88),
305 2710 392 2789 prius
405 2709 437 2771 in
450 2707 548 2787 praef.
560 2707 672 2772 Bacch.
687 2708 763 2772 XIV
774 2708 935 2773 elisionem
946 2712 1100 2788 sequutus
1121 2708 1172 2792 μὴ
1196 2703 1253 2772 'clr-

133 2817 264 2890 recinet
286 2811 401 2890 ubique
424 2809 593 2887 biarchiam
627 2808 806 2873 Dindortius
829 2828 902 2873 vero
926 2814 958 2873 et
979 2808 1139 2890 Bergkius
1163 2828 1255 2891 pree·

133 2913 274 2976 tulerunt
296 2912 398 2978 crasin
425 2908 642 2993 μᾶποδώσεις
674 2911 777 2975 Nubb.
803 2911 893 2975 1278.
937 2911 1155 2990 luterpunctio
1184 2930 1254 2975 con·

132 3016 217 3080 venit
238 3016 323 3080 illius
345 3015 430 3079 modi
453 3014 639 3091 enuntiatis,
667 3032 748 3094 quae
771 3033 808 3077 ex
830 3014 949 3093 protasi
972 3019 1005 3077 et
1026 3014 1160 3092 apodosi
1182 3032 1254 3078 cou-

131 3123 232 3197 stant,
270 3136 309 3181 ne
332 3118 402 3197 quis
425 3114 520 3201 εἰμὴ
545 3112 640 3199 ἡμεῖς
663 3112 855 3198 ψιλώσομεν
883 3115 943 3180 sibi
964 3115 1073 3178 audire
1096 3116 1255 3192 videatur,

130 3220 214 3300 quod
242 3220 282 3284 ab
305 3220 405 3283 altero
428 3218 494 3282 solo
523 3224 653 3282 accentu
675 3219 849 3298 particulae
872 3218 1011 3299 dignosci
1032 3224 1149 3298 potest
1197 3219 1254 3282 At·

131 3340 192 3402 que
215 3321 294 3387 haec
322 3321 375 3384 ubi
399 3320 499 3397 subit,
532 3320 766 3400 perspicuitatis
799 3321 879 3384 ratio
911 3319 1015 3384 nescio
1050 3337 1090 3382 an
1123 3320 1256 3399 gravior

129 3423 228 3486 videri
261 3422 377 3486 debeat
409 3440 502 3502 quam
537 3439 618 3502 quae
645 3422 886 3502 interpunctioni
914 3421 1071 3486 contraria
1092 3421 1256 3502 videntur,

129 3524 262 3605 enclysis
285 3530 317 3588 et
339 3522 537 3604 synaloephe.

216 3625 390 3709 [Hactenus
413 3626 583 3709 emplorcato
605 3625 760 3687 tractatio.
806 3624 930 3703 Restat,
964 3636 999 3687 ut
1020 3647 1059 3686 ex
1093 3647 1148 3705 ea,
1174 3649 1256 3711 quoe

128 3729 281 3812 reliquom
303 3728 513 3811 ocorurscrr‘pti
535 3737 660 3810 portem
683 3728 801 3811 couplet,
837 3727 929 3810 copia
952 3724 1256 3809 oddu'tomcntorum,

127 3831 358 3914 acceptorum,
399 3830 574 3892 brec-iorum
614 3828 888 3912 inchoatarumque
928 3829 1177 3912 seratcntiarurn,
1220 3830 1259 3894 r‘d

127 3944 306 4016 eoecerptum
338 3932 569 4016 stultitiamne,
592 3930 678 4013 quod
706 3931 806 3993 iustae
821 3931 1077 4015 perororatiour's
1106 3932 1256 4016 aliquam

126 4034 361 4097 simulitudinem
383 4033 494 4096 habere
516 4031 674 4111 videatur,
711 4035 853 4114 qooouco'c
876 4033 912 4097 id
932 4035 1037 4119 r'psom
1048 4032 1258 4117 festinanter

126 4149 289 4200 exoratum
323 4147 414 4219 atque
447 4136 480 4198 io
502 4147 655 4198 extremas
679 4134 814 4198 docorum
829 4136 1032 4221 poyellorum
1066 4157 1144 4197 oros
1178 4141 1258 4204 relc-

122 4239 253 4323 9otom.]
310 4237 465 4318 Equidem
498 4244 637 4303 veterem
670 4255 789 4302 morem
823 4238 1010 4302 seruandum
1043 4244 1138 4319 puto,
1191 4264 1259 4310 non

125 4344 268 4404 ueterum
291 4340 462 4403 editionum
474 4339 695 4420 superstitione
708 4340 830 4420 ductus
853 4358 932 4421 quas
955 4345 1259 4413 coustatcommata
