<?xml version="1.0" encoding="UTF-8"?>
<!DOCTYPE html PUBLIC "-//W3C//DTD XHTML 1.0 Transitional//EN"
    "http://www.w3.org/TR/xhtml1/DTD/xhtml1-transitional.dtd">
<html xmlns="http://www.w3.org/1999/xhtml" xml:lang="en" lang="en">
 <head>
  <title>
</title>
<meta http-equiv="Content-Type" content="text/html;charset=utf-8" />
  <meta name='ocr-system' content='tesseract 3.04.00' />
  <meta name='ocr-capabilities' content='ocr_page ocr_carea ocr_par ocr_line ocrx_word'/>
</head>
<body>
  <div class='ocr_page' id='page_1' title='image "./pathologiaegrae00lobegoog_0863.png"; bbox 0 0 2736 4778; ppageno 0'>
   <div class='ocr_carea' id='block_1_1' title="bbox 210 376 1185 480">
    <p class='ocr_par' dir='ltr' id='par_1_1' title="bbox 210 376 1185 480">
     <span class='ocr_line' id='line_1_1' title="bbox 210 376 1185 480; baseline -0.001 -20"><span class='ocrx_word' id='word_1_1' title='bbox 210 394 268 462; x_wconf 83' lang='lat' dir='ltr'>nn</span> <span class='ocrx_word' id='word_1_2' title='bbox 289 388 686 462; x_wconf 81' lang='lat' dir='ltr'>naosounmnmsno.</span> <span class='ocrx_word' id='word_1_3' title='bbox 729 376 809 461; x_wconf 80' lang='lat' dir='ltr'>nt</span> <span class='ocrx_word' id='word_1_4' title='bbox 823 392 909 461; x_wconf 87' lang='lat' dir='ltr'>cm</span> <span class='ocrx_word' id='word_1_5' title='bbox 932 394 960 480; x_wconf 71' lang='lat' dir='ltr'>s.</span> <span class='ocrx_word' id='word_1_6' title='bbox 974 392 1023 461; x_wconf 76' lang='lat' dir='ltr'>oo.</span> <span class='ocrx_word' id='word_1_7' title='bbox 1118 378 1185 460; x_wconf 73' lang='lat' dir='ltr'>aaa</span> 
     </span>
    </p>
   </div>
   <div class='ocr_carea' id='block_1_2' title="bbox 63 543 1189 2912">
    <p class='ocr_par' dir='ltr' id='par_1_2' title="bbox 63 543 1186 1771">
     <span class='ocr_line' id='line_1_2' title="bbox 63 543 1181 641; baseline -0.001 -18"><span class='ocrx_word' id='word_1_8' title='bbox 63 563 100 624; x_wconf 90' lang='lat' dir='ltr'>ut</span> <span class='ocrx_word' id='word_1_9' title='bbox 121 559 315 641; x_wconf 78' lang='lat' dir='ltr'>argumentis</span> <span class='ocrx_word' id='word_1_10' title='bbox 338 578 357 625; x_wconf 89' lang='lat' dir='ltr'>a</span> <span class='ocrx_word' id='word_1_11' title='bbox 383 558 552 625; x_wconf 76' lang='lat' dir='ltr'>vocalitate</span> <span class='ocrx_word' id='word_1_12' title='bbox 585 559 688 624; x_wconf 89' lang='lat' dir='ltr'>ductis</span> <span class='ocrx_word' id='word_1_13' title='bbox 720 576 834 641; x_wconf 88' lang='lat' dir='ltr'>parum</span> <span class='ocrx_word' id='word_1_14' title='bbox 860 543 1024 623; x_wconf 85' lang='lat' dir='ltr'>confidam.</span> <span class='ocrx_word' id='word_1_15' title='bbox 1068 546 1181 623; x_wconf 79' lang='lat' dir='ltr'>moon·</span> 
     </span>
     <span class='ocr_line' id='line_1_3' title="bbox 65 660 1184 746; baseline -0.001 -19"><span class='ocrx_word' id='word_1_16' title='bbox 65 663 183 728; x_wconf 83' lang='lat' dir='ltr'>stantia</span> <span class='ocrx_word' id='word_1_17' title='bbox 204 668 311 728; x_wconf 90' lang='lat' dir='ltr'>autem</span> <span class='ocrx_word' id='word_1_18' title='bbox 331 668 475 745; x_wconf 88' lang='lat' dir='ltr'>permeat</span> <span class='ocrx_word' id='word_1_19' title='bbox 495 661 574 727; x_wconf 89' lang='lat' dir='ltr'>illud</span> <span class='ocrx_word' id='word_1_20' title='bbox 596 661 732 729; x_wconf 88' lang='lat' dir='ltr'>alterum</span> <span class='ocrx_word' id='word_1_21' title='bbox 753 680 861 746; x_wconf 79' lang='lat' dir='ltr'>genus,</span> <span class='ocrx_word' id='word_1_22' title='bbox 884 680 946 745; x_wconf 92' lang='lat' dir='ltr'>quo</span> <span class='ocrx_word' id='word_1_23' title='bbox 967 660 1075 727; x_wconf 88' lang='lat' dir='ltr'>variae</span> <span class='ocrx_word' id='word_1_24' title='bbox 1085 661 1184 726; x_wconf 89' lang='lat' dir='ltr'>inter·</span> 
     </span>
     <span class='ocr_line' id='line_1_4' title="bbox 65 763 1184 848; baseline -0.001 -17"><span class='ocrx_word' id='word_1_25' title='bbox 65 767 269 848; x_wconf 87' lang='lat' dir='ltr'>punctionum</span> <span class='ocrx_word' id='word_1_26' title='bbox 292 766 413 848; x_wconf 89' lang='lat' dir='ltr'>species</span> <span class='ocrx_word' id='word_1_27' title='bbox 436 766 644 831; x_wconf 91' lang='lat' dir='ltr'>continentur.</span> <span class='ocrx_word' id='word_1_28' title='bbox 689 765 748 830; x_wconf 92' lang='lat' dir='ltr'>His</span> <span class='ocrx_word' id='word_1_29' title='bbox 771 767 856 832; x_wconf 89' lang='lat' dir='ltr'>enim</span> <span class='ocrx_word' id='word_1_30' title='bbox 876 782 951 848; x_wconf 87' lang='lat' dir='ltr'>pars</span> <span class='ocrx_word' id='word_1_31' title='bbox 982 763 1184 830; x_wconf 79' lang='lat' dir='ltr'>librariorum</span> 
     </span>
     <span class='ocr_line' id='line_1_5' title="bbox 65 866 1184 950; baseline -0.001 -17"><span class='ocrx_word' id='word_1_32' title='bbox 65 887 234 933; x_wconf 89' lang='lat' dir='ltr'>consonam</span> <span class='ocrx_word' id='word_1_33' title='bbox 257 870 382 934; x_wconf 91' lang='lat' dir='ltr'>omnino</span> <span class='ocrx_word' id='word_1_34' title='bbox 403 888 465 936; x_wconf 92' lang='lat' dir='ltr'>non</span> <span class='ocrx_word' id='word_1_35' title='bbox 490 866 632 949; x_wconf 84' lang='lat' dir='ltr'>adhibet,</span> <span class='ocrx_word' id='word_1_36' title='bbox 666 870 806 934; x_wconf 88' lang='lat' dir='ltr'>nonnulli</span> <span class='ocrx_word' id='word_1_37' title='bbox 828 888 891 934; x_wconf 93' lang='lat' dir='ltr'>non</span> <span class='ocrx_word' id='word_1_38' title='bbox 913 868 1007 933; x_wconf 87' lang='lat' dir='ltr'>aliter</span> <span class='ocrx_word' id='word_1_39' title='bbox 1028 868 1123 950; x_wconf 83' lang='lat' dir='ltr'>quam</span> <span class='ocrx_word' id='word_1_40' title='bbox 1157 867 1184 932; x_wconf 91' lang='lat' dir='ltr'>si</span> 
     </span>
     <span class='ocr_line' id='line_1_6' title="bbox 66 969 1184 1053; baseline 0 -17"><span class='ocrx_word' id='word_1_41' title='bbox 66 989 169 1036; x_wconf 92' lang='lat' dir='ltr'>sermo</span> <span class='ocrx_word' id='word_1_42' title='bbox 192 971 233 1035; x_wconf 90' lang='lat' dir='ltr'>ad</span> <span class='ocrx_word' id='word_1_43' title='bbox 255 969 349 1036; x_wconf 88' lang='lat' dir='ltr'>finem</span> <span class='ocrx_word' id='word_1_44' title='bbox 369 971 542 1053; x_wconf 89' lang='lat' dir='ltr'>perductus</span> <span class='ocrx_word' id='word_1_45' title='bbox 563 974 622 1052; x_wconf 88' lang='lat' dir='ltr'>est,</span> <span class='ocrx_word' id='word_1_46' title='bbox 645 971 699 1036; x_wconf 90' lang='lat' dir='ltr'>alii</span> <span class='ocrx_word' id='word_1_47' title='bbox 720 990 796 1037; x_wconf 86' lang='lat' dir='ltr'>vero</span> <span class='ocrx_word' id='word_1_48' title='bbox 816 973 867 1038; x_wconf 87' lang='lat' dir='ltr'>vel</span> <span class='ocrx_word' id='word_1_49' title='bbox 888 971 1106 1038; x_wconf 82' lang='lat' dir='ltr'>brevissimam</span> <span class='ocrx_word' id='word_1_50' title='bbox 1117 989 1184 1036; x_wconf 88' lang='lat' dir='ltr'>rno-</span> 
     </span>
     <span class='ocr_line' id='line_1_7' title="bbox 65 1071 1185 1156; baseline 0.003 -20"><span class='ocrx_word' id='word_1_51' title='bbox 65 1090 143 1152; x_wconf 86' lang='lat' dir='ltr'>rem,</span> <span class='ocrx_word' id='word_1_52' title='bbox 165 1090 261 1154; x_wconf 87' lang='lat' dir='ltr'>quam</span> <span class='ocrx_word' id='word_1_53' title='bbox 283 1090 405 1139; x_wconf 89' lang='lat' dir='ltr'>comma</span> <span class='ocrx_word' id='word_1_54' title='bbox 426 1071 527 1153; x_wconf 85' lang='lat' dir='ltr'>affert,</span> <span class='ocrx_word' id='word_1_55' title='bbox 550 1074 610 1139; x_wconf 88' lang='lat' dir='ltr'>hoc</span> <span class='ocrx_word' id='word_1_56' title='bbox 631 1075 723 1156; x_wconf 88' lang='lat' dir='ltr'>quasi</span> <span class='ocrx_word' id='word_1_57' title='bbox 737 1093 855 1156; x_wconf 89' lang='lat' dir='ltr'>pausae</span> <span class='ocrx_word' id='word_1_58' title='bbox 879 1074 1185 1156; x_wconf 82' lang='lat' dir='ltr'>signodistinguunt,</span> 
     </span>
     <span class='ocr_line' id='line_1_8' title="bbox 66 1175 1186 1259; baseline 0.003 -20"><span class='ocrx_word' id='word_1_59' title='bbox 66 1175 339 1256; x_wconf 90' lang='lat' dir='ltr'>quodnostrorum</span> <span class='ocrx_word' id='word_1_60' title='bbox 360 1193 484 1257; x_wconf 91' lang='lat' dir='ltr'>quoque</span> <span class='ocrx_word' id='word_1_61' title='bbox 496 1176 658 1241; x_wconf 88' lang='lat' dir='ltr'>doctorum</span> <span class='ocrx_word' id='word_1_62' title='bbox 680 1176 778 1259; x_wconf 85' lang='lat' dir='ltr'>aliqui</span> <span class='ocrx_word' id='word_1_63' title='bbox 798 1177 913 1244; x_wconf 88' lang='lat' dir='ltr'>imitati</span> <span class='ocrx_word' id='word_1_64' title='bbox 935 1181 1010 1243; x_wconf 91' lang='lat' dir='ltr'>sunt</span> <span class='ocrx_word' id='word_1_65' title='bbox 1026 1186 1186 1244; x_wconf 71' lang='lat' dir='ltr'>&#39;consensu</span> 
     </span>
     <span class='ocr_line' id='line_1_9' title="bbox 65 1276 1186 1363; baseline 0.004 -21"><span class='ocrx_word' id='word_1_66' title='bbox 65 1278 148 1343; x_wconf 89' lang='lat' dir='ltr'>inter</span> <span class='ocrx_word' id='word_1_67' title='bbox 170 1296 205 1343; x_wconf 93' lang='lat' dir='ltr'>se</span> <span class='ocrx_word' id='word_1_68' title='bbox 227 1279 322 1344; x_wconf 87' lang='lat' dir='ltr'>nullo.</span> <span class='ocrx_word' id='word_1_69' title='bbox 365 1279 476 1361; x_wconf 85' lang='lat' dir='ltr'>Neque</span> <span class='ocrx_word' id='word_1_70' title='bbox 498 1276 565 1345; x_wconf 89' lang='lat' dir='ltr'>iore</span> <span class='ocrx_word' id='word_1_71' title='bbox 592 1283 685 1360; x_wconf 89' lang='lat' dir='ltr'>puto,</span> <span class='ocrx_word' id='word_1_72' title='bbox 717 1281 772 1363; x_wconf 91' lang='lat' dir='ltr'>qui</span> <span class='ocrx_word' id='word_1_73' title='bbox 803 1280 886 1345; x_wconf 89' lang='lat' dir='ltr'>hanc</span> <span class='ocrx_word' id='word_1_74' title='bbox 916 1280 1006 1346; x_wconf 89' lang='lat' dir='ltr'>litem</span> <span class='ocrx_word' id='word_1_75' title='bbox 1038 1281 1186 1347; x_wconf 86' lang='lat' dir='ltr'>dirimere</span> 
     </span>
     <span class='ocr_line' id='line_1_10' title="bbox 66 1371 1185 1465; baseline 0.003 -21"><span class='ocrx_word' id='word_1_76' title='bbox 66 1380 190 1444; x_wconf 84' lang='lat' dir='ltr'>audeat.</span> <span class='ocrx_word' id='word_1_77' title='bbox 235 1380 318 1446; x_wconf 90' lang='lat' dir='ltr'>Nam</span> <span class='ocrx_word' id='word_1_78' title='bbox 340 1371 398 1448; x_wconf 87' lang='lat' dir='ltr'>nos</span> <span class='ocrx_word' id='word_1_79' title='bbox 421 1400 545 1465; x_wconf 90' lang='lat' dir='ltr'>quoque</span> <span class='ocrx_word' id='word_1_80' title='bbox 567 1382 599 1446; x_wconf 89' lang='lat' dir='ltr'>in</span> <span class='ocrx_word' id='word_1_81' title='bbox 622 1381 786 1449; x_wconf 85' lang='lat' dir='ltr'>scribendo</span> <span class='ocrx_word' id='word_1_82' title='bbox 820 1389 926 1449; x_wconf 88' lang='lat' dir='ltr'>certae</span> <span class='ocrx_word' id='word_1_83' title='bbox 958 1390 992 1448; x_wconf 89' lang='lat' dir='ltr'>et</span> <span class='ocrx_word' id='word_1_84' title='bbox 1013 1383 1185 1449; x_wconf 88' lang='lat' dir='ltr'>constantis</span> 
     </span>
     <span class='ocr_line' id='line_1_11' title="bbox 64 1483 1185 1566; baseline 0.005 -20"><span class='ocrx_word' id='word_1_85' title='bbox 64 1483 193 1564; x_wconf 85' lang='lat' dir='ltr'>regulae</span> <span class='ocrx_word' id='word_1_86' title='bbox 216 1491 361 1566; x_wconf 84' lang='lat' dir='ltr'>expertes</span> <span class='ocrx_word' id='word_1_87' title='bbox 384 1487 495 1551; x_wconf 91' lang='lat' dir='ltr'>eadem</span> <span class='ocrx_word' id='word_1_88' title='bbox 517 1484 614 1550; x_wconf 87' lang='lat' dir='ltr'>verba</span> <span class='ocrx_word' id='word_1_89' title='bbox 625 1486 736 1551; x_wconf 92' lang='lat' dir='ltr'>eodem</span> <span class='ocrx_word' id='word_1_90' title='bbox 747 1485 840 1551; x_wconf 93' lang='lat' dir='ltr'>modo</span> <span class='ocrx_word' id='word_1_91' title='bbox 850 1487 934 1551; x_wconf 87' lang='lat' dir='ltr'>inter</span> <span class='ocrx_word' id='word_1_92' title='bbox 956 1503 990 1552; x_wconf 93' lang='lat' dir='ltr'>se</span> <span class='ocrx_word' id='word_1_93' title='bbox 1006 1491 1185 1552; x_wconf 85' lang='lat' dir='ltr'>constructa</span> 
     </span>
     <span class='ocr_line' id='line_1_12' title="bbox 67 1586 1186 1675; baseline 0.005 -25"><span class='ocrx_word' id='word_1_94' title='bbox 67 1586 145 1651; x_wconf 87' lang='lat' dir='ltr'>alias</span> <span class='ocrx_word' id='word_1_95' title='bbox 168 1586 272 1675; x_wconf 88' lang='lat' dir='ltr'>medio</span> <span class='ocrx_word' id='word_1_96' title='bbox 295 1588 460 1654; x_wconf 86' lang='lat' dir='ltr'>intervallo</span> <span class='ocrx_word' id='word_1_97' title='bbox 483 1588 700 1670; x_wconf 84' lang='lat' dir='ltr'>disiungimus,</span> <span class='ocrx_word' id='word_1_98' title='bbox 723 1588 802 1654; x_wconf 90' lang='lat' dir='ltr'>alias</span> <span class='ocrx_word' id='word_1_99' title='bbox 824 1587 919 1669; x_wconf 80' lang='lat' dir='ltr'>nudlo,</span> <span class='ocrx_word' id='word_1_100' title='bbox 942 1590 1074 1673; x_wconf 81' lang='lat' dir='ltr'>parique</span> <span class='ocrx_word' id='word_1_101' title='bbox 1108 1590 1186 1656; x_wconf 83' lang='lat' dir='ltr'>certi</span> 
     </span>
     <span class='ocr_line' id='line_1_13' title="bbox 70 1689 1111 1771; baseline 0.007 -18"><span class='ocrx_word' id='word_1_102' title='bbox 70 1689 191 1754; x_wconf 88' lang='lat' dir='ltr'>consilii</span> <span class='ocrx_word' id='word_1_103' title='bbox 212 1690 319 1771; x_wconf 90' lang='lat' dir='ltr'>inopia</span> <span class='ocrx_word' id='word_1_104' title='bbox 339 1690 485 1757; x_wconf 85' lang='lat' dir='ltr'>librarios</span> <span class='ocrx_word' id='word_1_105' title='bbox 507 1691 568 1755; x_wconf 92' lang='lat' dir='ltr'>huc</span> <span class='ocrx_word' id='word_1_106' title='bbox 590 1690 664 1756; x_wconf 91' lang='lat' dir='ltr'>illuc</span> <span class='ocrx_word' id='word_1_107' title='bbox 686 1697 799 1757; x_wconf 88' lang='lat' dir='ltr'>nutare</span> <span class='ocrx_word' id='word_1_108' title='bbox 822 1692 1111 1763; x_wconf 74' lang='lat' dir='ltr'>animadvertimus,</span> 
     </span>
    </p>

    <p class='ocr_par' dir='ltr' id='par_1_3' title="bbox 65 1777 1189 2912">
     <span class='ocr_line' id='line_1_14' title="bbox 151 1777 1187 1877; baseline 0.004 -19"><span class='ocrx_word' id='word_1_109' title='bbox 151 1788 178 1877; x_wconf 68' lang='grc' dir='ltr'>ξ.</span> <span class='ocrx_word' id='word_1_110' title='bbox 205 1793 251 1858; x_wconf 88' lang='lat'>10.</span> <span class='ocrx_word' id='word_1_111' title='bbox 296 1793 384 1858; x_wconf 86' lang='lat' dir='ltr'>Haeo</span> <span class='ocrx_word' id='word_1_112' title='bbox 405 1777 471 1858; x_wconf 73' lang='lat' dir='ltr'>ic&#39;re</span> <span class='ocrx_word' id='word_1_113' title='bbox 494 1798 593 1874; x_wconf 90' lang='lat' dir='ltr'>erant,</span> <span class='ocrx_word' id='word_1_114' title='bbox 616 1813 698 1876; x_wconf 90' lang='lat' dir='ltr'>quae</span> <span class='ocrx_word' id='word_1_115' title='bbox 721 1795 760 1860; x_wconf 90' lang='lat' dir='ltr'>de</span> <span class='ocrx_word' id='word_1_116' title='bbox 783 1795 917 1861; x_wconf 90' lang='lat' dir='ltr'>duarum</span> <span class='ocrx_word' id='word_1_117' title='bbox 932 1797 1086 1861; x_wconf 87' lang='lat' dir='ltr'>vocalium</span> <span class='ocrx_word' id='word_1_118' title='bbox 1107 1797 1130 1868; x_wconf 72' lang='grc' dir='ltr'>ἶ</span> <span class='ocrx_word' id='word_1_119' title='bbox 1154 1801 1187 1862; x_wconf 94' lang='lat' dir='ltr'>et</span> 
     </span>
     <span class='ocr_line' id='line_1_15' title="bbox 65 1895 1186 1982; baseline 0.001 -18"><span class='ocrx_word' id='word_1_120' title='bbox 65 1897 78 1964; x_wconf 69' lang='lat'>2</span> <span class='ocrx_word' id='word_1_121' title='bbox 95 1895 288 1961; x_wconf 90' lang='lat' dir='ltr'>incremento</span> <span class='ocrx_word' id='word_1_122' title='bbox 310 1896 444 1961; x_wconf 89' lang='lat' dir='ltr'>dicenda</span> <span class='ocrx_word' id='word_1_123' title='bbox 465 1896 623 1961; x_wconf 89' lang='lat' dir='ltr'>haberem.</span> <span class='ocrx_word' id='word_1_124' title='bbox 668 1896 777 1962; x_wconf 85' lang='lat' dir='ltr'>Sciens</span> <span class='ocrx_word' id='word_1_125' title='bbox 799 1899 1093 1981; x_wconf 86' lang='lat' dir='ltr'>omisipronomina,</span> <span class='ocrx_word' id='word_1_126' title='bbox 1109 1917 1186 1982; x_wconf 91' lang='lat' dir='ltr'>quo-</span> 
     </span>
     <span class='ocr_line' id='line_1_16' title="bbox 67 1999 1186 2085; baseline 0.004 -23"><span class='ocrx_word' id='word_1_127' title='bbox 67 2016 138 2062; x_wconf 91' lang='lat' dir='ltr'>rum</span> <span class='ocrx_word' id='word_1_128' title='bbox 160 1999 280 2063; x_wconf 87' lang='lat' dir='ltr'>incerta</span> <span class='ocrx_word' id='word_1_129' title='bbox 302 1999 458 2079; x_wconf 86' lang='lat' dir='ltr'>scriptura</span> <span class='ocrx_word' id='word_1_130' title='bbox 480 2004 513 2063; x_wconf 88' lang='lat' dir='ltr'>et</span> <span class='ocrx_word' id='word_1_131' title='bbox 534 1999 761 2081; x_wconf 82' lang='lat' dir='ltr'>interpretatio,</span> <span class='ocrx_word' id='word_1_132' title='bbox 784 2001 928 2081; x_wconf 59' lang='lat' dir='ltr'>primurn¹</span> <span class='ocrx_word' id='word_1_133' title='bbox 942 2001 1002 2067; x_wconf 88' lang='lat' dir='ltr'>hoc</span> <span class='ocrx_word' id='word_1_134' title='bbox 1023 2001 1063 2067; x_wconf 92' lang='lat' dir='ltr'>ab</span> <span class='ocrx_word' id='word_1_135' title='bbox 1084 2001 1186 2085; x_wconf 85' lang='lat' dir='ltr'>Hesy-</span> 
     </span>
     <span class='ocr_line' id='line_1_17' title="bbox 66 2097 1187 2187; baseline 0.004 -22"><span class='ocrx_word' id='word_1_136' title='bbox 66 2100 136 2165; x_wconf 76' lang='lat' dir='ltr'>chio</span> <span class='ocrx_word' id='word_1_137' title='bbox 157 2100 311 2166; x_wconf 78' lang='lat' dir='ltr'>traditum</span> <span class='ocrx_word' id='word_1_138' title='bbox 332 2098 393 2167; x_wconf 73' lang='lat' dir='ltr'>Ei&#39;v</span> <span class='ocrx_word' id='word_1_139' title='bbox 415 2097 601 2184; x_wconf 73' lang='grc' dir='ltr'><strong><em>ἀντωνυμία</em></strong></span> <span class='ocrx_word' id='word_1_140' title='bbox 616 2102 748 2182; x_wconf 74' lang='grc' dir='ltr'><strong><em>ἐκεῖνος,</em></strong></span> <span class='ocrx_word' id='word_1_141' title='bbox 771 2104 854 2184; x_wconf 86' lang='lat' dir='ltr'>quod</span> <span class='ocrx_word' id='word_1_142' title='bbox 877 2104 1012 2170; x_wconf 74' lang='lat' dir='ltr'>sirecte</span> <span class='ocrx_word' id='word_1_143' title='bbox 1034 2105 1187 2187; x_wconf 79' lang='lat' dir='ltr'>scriptum</span> 
     </span>
     <span class='ocr_line' id='line_1_18' title="bbox 66 2201 1187 2289; baseline 0.005 -21"><span class='ocrx_word' id='word_1_144' title='bbox 66 2208 123 2282; x_wconf 84' lang='lat' dir='ltr'>est,</span> <span class='ocrx_word' id='word_1_145' title='bbox 146 2203 223 2269; x_wconf 91' lang='lat' dir='ltr'>nibil</span> <span class='ocrx_word' id='word_1_146' title='bbox 246 2205 425 2271; x_wconf 90' lang='lat' dir='ltr'>aliudesse</span> <span class='ocrx_word' id='word_1_147' title='bbox 459 2207 585 2272; x_wconf 84' lang='lat' dir='ltr'>videtur</span> <span class='ocrx_word' id='word_1_148' title='bbox 617 2225 712 2289; x_wconf 90' lang='lat' dir='ltr'>quam</span> <span class='ocrx_word' id='word_1_149' title='bbox 745 2201 765 2272; x_wconf 80' lang='lat' dir='ltr'>i‘</span> <span class='ocrx_word' id='word_1_150' title='bbox 792 2205 858 2271; x_wconf 89' lang='lat' dir='ltr'>sive</span> <span class='ocrx_word' id='word_1_151' title='bbox 889 2203 912 2287; x_wconf 80' lang='lat' dir='ltr'>i,</span> <span class='ocrx_word' id='word_1_152' title='bbox 947 2207 1004 2272; x_wconf 89' lang='lat' dir='ltr'>sed</span> <span class='ocrx_word' id='word_1_153' title='bbox 1026 2206 1187 2274; x_wconf 81' lang='lat' dir='ltr'>Albertius</span> 
     </span>
     <span class='ocr_line' id='line_1_19' title="bbox 67 2305 1188 2393; baseline 0.003 -20"><span class='ocrx_word' id='word_1_154' title='bbox 67 2306 191 2391; x_wconf 77' lang='grc' dir='ltr'><strong><em>ἐκεῖνον</em></strong></span> <span class='ocrx_word' id='word_1_155' title='bbox 212 2309 350 2391; x_wconf 78' lang='lat' dir='ltr'>corrigit.</span> <span class='ocrx_word' id='word_1_156' title='bbox 395 2308 461 2374; x_wconf 87' lang='lat' dir='ltr'>Nos</span> <span class='ocrx_word' id='word_1_157' title='bbox 483 2327 586 2390; x_wconf 87' lang='lat' dir='ltr'>neque</span> <span class='ocrx_word' id='word_1_158' title='bbox 607 2309 834 2375; x_wconf 83' lang='lat' dir='ltr'>nominativum</span> <span class='ocrx_word' id='word_1_159' title='bbox 855 2305 888 2375; x_wconf 78' lang='lat' dir='ltr'>i&#39;v</span> <span class='ocrx_word' id='word_1_160' title='bbox 910 2310 1068 2393; x_wconf 79' lang='lat' dir='ltr'>cognitum</span> <span class='ocrx_word' id='word_1_161' title='bbox 1089 2310 1188 2376; x_wconf 89' lang='lat' dir='ltr'>habe·</span> 
     </span>
     <span class='ocr_line' id='line_1_20' title="bbox 68 2411 1187 2497; baseline 0.004 -22"><span class='ocrx_word' id='word_1_162' title='bbox 68 2428 139 2475; x_wconf 87' lang='lat' dir='ltr'>mus</span> <span class='ocrx_word' id='word_1_163' title='bbox 160 2428 264 2493; x_wconf 91' lang='lat' dir='ltr'>neque</span> <span class='ocrx_word' id='word_1_164' title='bbox 287 2412 509 2491; x_wconf 65' lang='lat' dir='ltr'>accusatim</span> <span class='ocrx_word' id='word_1_165' title='bbox 532 2431 626 2493; x_wconf 87' lang='lat' dir='ltr'>quem</span> <span class='ocrx_word' id='word_1_166' title='bbox 642 2412 744 2494; x_wconf 86' lang='lat' dir='ltr'>Epim.</span> <span class='ocrx_word' id='word_1_167' title='bbox 766 2411 791 2477; x_wconf 93' lang='lat'>1.</span> <span class='ocrx_word' id='word_1_168' title='bbox 815 2411 886 2478; x_wconf 85' lang='grc'>276.</span> <span class='ocrx_word' id='word_1_169' title='bbox 911 2412 960 2493; x_wconf 88' lang='grc'>19,</span> <span class='ocrx_word' id='word_1_170' title='bbox 983 2413 1079 2479; x_wconf 86' lang='lat' dir='ltr'>schol.</span> <span class='ocrx_word' id='word_1_171' title='bbox 1101 2413 1187 2497; x_wconf 89' lang='lat' dir='ltr'>Lips.</span> 
     </span>
     <span class='ocr_line' id='line_1_21' title="bbox 67 2512 1187 2598; baseline 0.004 -20"><span class='ocrx_word' id='word_1_172' title='bbox 67 2513 108 2579; x_wconf 90' lang='lat' dir='ltr'>ad</span> <span class='ocrx_word' id='word_1_173' title='bbox 130 2513 165 2578; x_wconf 94' lang='lat' dir='ltr'>ll.</span> <span class='ocrx_word' id='word_1_174' title='bbox 188 2513 203 2578; x_wconf 97' lang='lat' dir='ltr'>l</span> <span class='ocrx_word' id='word_1_175' title='bbox 226 2515 298 2594; x_wconf 81' lang='grc'>201,</span> <span class='ocrx_word' id='word_1_176' title='bbox 322 2513 408 2596; x_wconf 85' lang='lat' dir='ltr'>Suid.</span> <span class='ocrx_word' id='word_1_177' title='bbox 432 2532 456 2579; x_wconf 90' lang='lat' dir='ltr'>s.</span> <span class='ocrx_word' id='word_1_178' title='bbox 481 2512 554 2582; x_wconf 86' lang='grc' dir='ltr'>Μίν</span> <span class='ocrx_word' id='word_1_179' title='bbox 576 2515 698 2581; x_wconf 90' lang='lat' dir='ltr'>adhoc</span> <span class='ocrx_word' id='word_1_180' title='bbox 730 2514 949 2597; x_wconf 85' lang='lat' dir='ltr'>explicandum</span> <span class='ocrx_word' id='word_1_181' title='bbox 969 2514 1187 2598; x_wconf 88' lang='lat' dir='ltr'>interponunt:</span> 
     </span>
     <span class='ocr_line' id='line_1_22' title="bbox 65 2611 1189 2707; baseline 0.008 -26"><span class='ocrx_word' id='word_1_182' title='bbox 65 2616 102 2682; x_wconf 82' lang='grc' dir='ltr'><strong>εό</strong></span> <span class='ocrx_word' id='word_1_183' title='bbox 127 2612 146 2683; x_wconf 78' lang='lat' dir='ltr'>i‘</span> <span class='ocrx_word' id='word_1_184' title='bbox 174 2611 219 2695; x_wconf 78' lang='grc' dir='ltr'>ὥς</span> <span class='ocrx_word' id='word_1_185' title='bbox 241 2615 352 2707; x_wconf 76' lang='grc' dir='ltr'><strong><em>τρίτον</em></strong></span> <span class='ocrx_word' id='word_1_186' title='bbox 375 2613 559 2704; x_wconf 75' lang='grc' dir='ltr'><strong><em>πρόσωπον</em></strong></span> <span class='ocrx_word' id='word_1_187' title='bbox 580 2615 824 2706; x_wconf 72' lang='grc' dir='ltr'><strong><em>βραχυνόμενον</em></strong></span> <span class='ocrx_word' id='word_1_188' title='bbox 846 2617 1064 2706; x_wconf 73' lang='grc' dir='ltr'><strong><em>ἐφειλκύσατο</em></strong></span> <span class='ocrx_word' id='word_1_189' title='bbox 1087 2623 1125 2684; x_wconf 79' lang='grc' dir='ltr'>τὸ</span> <span class='ocrx_word' id='word_1_190' title='bbox 1163 2620 1189 2690; x_wconf 69' lang='grc' dir='ltr'><strong><em>ν’</em></strong></span> 
     </span>
     <span class='ocr_line' id='line_1_23' title="bbox 67 2712 1188 2808; baseline 0.004 -25"><span class='ocrx_word' id='word_1_191' title='bbox 67 2712 113 2797; x_wconf 81' lang='grc' dir='ltr'>ὥς</span> <span class='ocrx_word' id='word_1_192' title='bbox 135 2717 239 2804; x_wconf 80' lang='grc' dir='ltr'><strong><em>ἔτυψε</em></strong></span> <span class='ocrx_word' id='word_1_193' title='bbox 262 2718 385 2808; x_wconf 76' lang='grc' dir='ltr'><strong><em>ἔτυψεν</em></strong></span> <span class='ocrx_word' id='word_1_194' title='bbox 407 2719 463 2787; x_wconf 78' lang='grc' dir='ltr'>καὶ</span> <span class='ocrx_word' id='word_1_195' title='bbox 486 2722 685 2807; x_wconf 77' lang='grc' dir='ltr'><strong><em>πλεονασμῷ</em></strong></span> <span class='ocrx_word' id='word_1_196' title='bbox 708 2718 764 2805; x_wconf 81' lang='grc' dir='ltr'>μίν</span> <span class='ocrx_word' id='word_1_197' title='bbox 786 2717 831 2800; x_wconf 82' lang='grc' dir='ltr'>ὡς</span> <span class='ocrx_word' id='word_1_198' title='bbox 851 2716 888 2788; x_wconf 72' lang='grc' dir='ltr'>ἴα</span> <span class='ocrx_word' id='word_1_199' title='bbox 919 2718 992 2804; x_wconf 79' lang='grc' dir='ltr'><strong><em>μία.</em></strong></span> <span class='ocrx_word' id='word_1_200' title='bbox 1018 2759 1054 2769; x_wconf 88' lang='grc'><strong>-</strong></span> <span class='ocrx_word' id='word_1_201' title='bbox 1079 2721 1188 2788; x_wconf 88' lang='lat' dir='ltr'>Nomi·</span> 
     </span>
     <span class='ocr_line' id='line_1_24' title="bbox 68 2823 1188 2912; baseline 0.004 -26"><span class='ocrx_word' id='word_1_202' title='bbox 68 2823 194 2887; x_wconf 89' lang='lat' dir='ltr'>nativos</span> <span class='ocrx_word' id='word_1_203' title='bbox 206 2828 239 2887; x_wconf 92' lang='lat' dir='ltr'>et</span> <span class='ocrx_word' id='word_1_204' title='bbox 250 2824 446 2888; x_wconf 87' lang='lat' dir='ltr'>accusativos</span> <span class='ocrx_word' id='word_1_205' title='bbox 459 2827 533 2889; x_wconf 84' lang='grc' dir='ltr'><strong><em>νῶιν</em></strong></span> <span class='ocrx_word' id='word_1_206' title='bbox 545 2829 579 2890; x_wconf 93' lang='lat' dir='ltr'>et</span> <span class='ocrx_word' id='word_1_207' title='bbox 601 2828 710 2912; x_wconf 81' lang='grc' dir='ltr'><strong><em>σφῶιν</em></strong></span> <span class='ocrx_word' id='word_1_208' title='bbox 731 2825 1006 2906; x_wconf 84' lang='lat' dir='ltr'>grammaticorum</span> <span class='ocrx_word' id='word_1_209' title='bbox 1029 2825 1188 2890; x_wconf 87' lang='lat' dir='ltr'>sanissimi</span> 
     </span>
    </p>
   </div>
   <div class='ocr_carea' id='block_1_3' title="bbox 64 2924 1308 3014">
    <p class='ocr_par' dir='ltr' id='par_1_4' title="bbox 64 2924 1308 3014">
     <span class='ocr_line' id='line_1_25' title="bbox 64 2924 1308 3014; baseline 0.003 -24"><span class='ocrx_word' id='word_1_210' title='bbox 64 2926 158 3007; x_wconf 80' lang='lat' dir='ltr'>longe</span> <span class='ocrx_word' id='word_1_211' title='bbox 169 2925 325 3007; x_wconf 84' lang='lat' dir='ltr'>relegant.</span> <span class='ocrx_word' id='word_1_212' title='bbox 371 2925 473 2992; x_wconf 86' lang='lat' dir='ltr'>Schol.</span> <span class='ocrx_word' id='word_1_213' title='bbox 485 2927 521 2992; x_wconf 94' lang='lat' dir='ltr'>ll.</span> <span class='ocrx_word' id='word_1_214' title='bbox 534 2926 612 2991; x_wconf 87' lang='lat' dir='ltr'>Vlll</span> <span class='ocrx_word' id='word_1_215' title='bbox 623 2925 687 2990; x_wconf 80' lang='grc'>428</span> <span class='ocrx_word' id='word_1_216' title='bbox 704 2932 782 2991; x_wconf 83' lang='grc' dir='ltr'><strong><em>νῶιν</em></strong></span> <span class='ocrx_word' id='word_1_217' title='bbox 793 2926 909 3010; x_wconf 74' lang='grc' dir='ltr'><strong><em>(ἡμᾶς)</em></strong></span> <span class='ocrx_word' id='word_1_218' title='bbox 922 2928 1008 3006; x_wconf 76' lang='grc' dir='ltr'><strong><em>τινὲς</em></strong></span> <span class='ocrx_word' id='word_1_219' title='bbox 1019 2925 1188 3014; x_wconf 75' lang='grc' dir='ltr'><strong><em>γράφουσι</em></strong></span> <span class='ocrx_word' id='word_1_220' title='bbox 1299 2924 1308 2932; x_wconf 79' lang='grc'><em>’</em></span> 
     </span>
    </p>
   </div>
   <div class='ocr_carea' id='block_1_4' title="bbox 66 3027 1207 4348">
    <p class='ocr_par' dir='ltr' id='par_1_5' title="bbox 66 3027 1191 3830">
     <span class='ocr_line' id='line_1_26' title="bbox 67 3027 1188 3117; baseline 0.001 -24"><span class='ocrx_word' id='word_1_221' title='bbox 67 3031 125 3094; x_wconf 84' lang='grc' dir='ltr'>σὺν</span> <span class='ocrx_word' id='word_1_222' title='bbox 148 3035 193 3117; x_wconf 74' lang='grc' dir='ltr'>τῷ</span> <span class='ocrx_word' id='word_1_223' title='bbox 217 3032 246 3112; x_wconf 69' lang='lat' dir='ltr'>s,</span> <span class='ocrx_word' id='word_1_224' title='bbox 270 3035 384 3107; x_wconf 81' lang='grc' dir='ltr'><strong><em>κακῶς,</em></strong></span> <span class='ocrx_word' id='word_1_225' title='bbox 409 3029 493 3111; x_wconf 91' lang='lat' dir='ltr'>quod</span> <span class='ocrx_word' id='word_1_226' title='bbox 514 3028 714 3094; x_wconf 87' lang='lat' dir='ltr'>Duentzcrus</span> <span class='ocrx_word' id='word_1_227' title='bbox 736 3047 766 3109; x_wconf 89' lang='lat' dir='ltr'>p.</span> <span class='ocrx_word' id='word_1_228' title='bbox 789 3028 830 3092; x_wconf 86' lang='grc'>57</span> <span class='ocrx_word' id='word_1_229' title='bbox 854 3027 895 3093; x_wconf 85' lang='grc' dir='ltr'><strong><em>εδ</em></strong></span> <span class='ocrx_word' id='word_1_230' title='bbox 915 3028 1111 3094; x_wconf 88' lang='lat' dir='ltr'>Zenodotum</span> <span class='ocrx_word' id='word_1_231' title='bbox 1133 3048 1188 3094; x_wconf 90' lang='lat' dir='ltr'>au·</span> 
     </span>
     <span class='ocr_line' id='line_1_27' title="bbox 66 3124 1190 3212; baseline 0.002 -16"><span class='ocrx_word' id='word_1_232' title='bbox 66 3137 186 3196; x_wconf 89' lang='lat' dir='ltr'>ctorem</span> <span class='ocrx_word' id='word_1_233' title='bbox 207 3130 320 3212; x_wconf 80' lang='lat' dir='ltr'>refert3</span> <span class='ocrx_word' id='word_1_234' title='bbox 348 3133 389 3198; x_wconf 90' lang='lat' dir='ltr'>ad</span> <span class='ocrx_word' id='word_1_235' title='bbox 410 3131 457 3197; x_wconf 85' lang='lat' dir='ltr'>XI</span> <span class='ocrx_word' id='word_1_236' title='bbox 480 3131 542 3198; x_wconf 91' lang='grc'>767</span> <span class='ocrx_word' id='word_1_237' title='bbox 564 3134 623 3196; x_wconf 77' lang='grc' dir='ltr'>νῶι</span> <span class='ocrx_word' id='word_1_238' title='bbox 651 3130 689 3196; x_wconf 77' lang='grc' dir='ltr'>δέ</span> <span class='ocrx_word' id='word_1_239' title='bbox 708 3124 733 3194; x_wconf 78' lang='grc' dir='ltr'>τ’</span> <span class='ocrx_word' id='word_1_240' title='bbox 759 3128 854 3200; x_wconf 80' lang='grc' dir='ltr'><strong><em>ἔνδον</em></strong></span> <span class='ocrx_word' id='word_1_241' title='bbox 877 3166 913 3178; x_wconf 92' lang='grc'><strong>-</strong></span> <span class='ocrx_word' id='word_1_242' title='bbox 939 3137 995 3196; x_wconf 90' lang='lat' dir='ltr'>aut</span> <span class='ocrx_word' id='word_1_243' title='bbox 1016 3133 1118 3198; x_wconf 90' lang='lat' dir='ltr'>otiosa</span> <span class='ocrx_word' id='word_1_244' title='bbox 1140 3138 1190 3198; x_wconf 89' lang='lat' dir='ltr'>est</span> 
     </span>
     <span class='ocr_line' id='line_1_28' title="bbox 67 3228 1190 3323; baseline 0.003 -25"><span class='ocrx_word' id='word_1_245' title='bbox 67 3234 236 3300; x_wconf 80' lang='lat' dir='ltr'>Aristonici</span> <span class='ocrx_word' id='word_1_246' title='bbox 248 3236 422 3300; x_wconf 76' lang='lat' dir='ltr'>adnotatio:</span> <span class='ocrx_word' id='word_1_247' title='bbox 447 3229 467 3323; x_wconf 75' lang='grc' dir='ltr'><em>ἦ</em></span> <span class='ocrx_word' id='word_1_248' title='bbox 491 3236 594 3319; x_wconf 81' lang='grc' dir='ltr'><strong><em>διπλῆ</em></strong></span> <span class='ocrx_word' id='word_1_249' title='bbox 619 3228 672 3298; x_wconf 77' lang='grc' dir='ltr'><strong><em>ὅτε</em></strong></span> <span class='ocrx_word' id='word_1_250' title='bbox 693 3232 793 3319; x_wconf 78' lang='grc' dir='ltr'><strong><em>χωρὶς</em></strong></span> <span class='ocrx_word' id='word_1_251' title='bbox 814 3238 875 3298; x_wconf 84' lang='grc' dir='ltr'>τοῦ</span> <span class='ocrx_word' id='word_1_252' title='bbox 896 3229 1088 3323; x_wconf 70' lang='grc' dir='ltr'><strong><em>ἶὍμηρος</em></strong></span> <span class='ocrx_word' id='word_1_253' title='bbox 1104 3230 1190 3320; x_wconf 79' lang='grc' dir='ltr'><strong><em>(ἀντὶ</em></strong></span> 
     </span>
     <span class='ocr_line' id='line_1_29' title="bbox 68 3331 1191 3426; baseline 0.002 -26"><span class='ocrx_word' id='word_1_254' title='bbox 68 3337 141 3420; x_wconf 75' lang='grc' dir='ltr'>τοῦ)</span> <span class='ocrx_word' id='word_1_255' title='bbox 164 3331 258 3425; x_wconf 75' lang='grc' dir='ltr'><strong><em>ἡμεῖς</em></strong></span> <span class='ocrx_word' id='word_1_256' title='bbox 280 3338 336 3405; x_wconf 78' lang='grc' dir='ltr'>καὶ</span> <span class='ocrx_word' id='word_1_257' title='bbox 359 3333 460 3426; x_wconf 81' lang='grc' dir='ltr'><strong><em>ἡμᾶς,</em></strong></span> <span class='ocrx_word' id='word_1_258' title='bbox 484 3343 540 3403; x_wconf 89' lang='lat' dir='ltr'>aut</span> <span class='ocrx_word' id='word_1_259' title='bbox 561 3333 732 3418; x_wconf 82' lang='lat' dir='ltr'>significat,</span> <span class='ocrx_word' id='word_1_260' title='bbox 752 3335 921 3400; x_wconf 89' lang='lat' dir='ltr'>nonnullos</span> <span class='ocrx_word' id='word_1_261' title='bbox 944 3339 1021 3401; x_wconf 84' lang='grc' dir='ltr'><strong><em>νῶιν</em></strong></span> <span class='ocrx_word' id='word_1_262' title='bbox 1044 3333 1071 3403; x_wconf 78' lang='grc' dir='ltr'>δ’</span> <span class='ocrx_word' id='word_1_263' title='bbox 1096 3335 1191 3405; x_wconf 79' lang='grc' dir='ltr'><strong><em>ἔνδον</em></strong></span> 
     </span>
     <span class='ocr_line' id='line_1_30' title="bbox 67 3437 1189 3523; baseline 0.002 -20"><span class='ocrx_word' id='word_1_264' title='bbox 67 3440 232 3522; x_wconf 85' lang='lat' dir='ltr'>scripsisse</span> <span class='ocrx_word' id='word_1_265' title='bbox 255 3442 373 3507; x_wconf 89' lang='lat' dir='ltr'>omissa</span> <span class='ocrx_word' id='word_1_266' title='bbox 394 3440 507 3523; x_wconf 90' lang='lat' dir='ltr'>copula</span> <span class='ocrx_word' id='word_1_267' title='bbox 528 3440 571 3523; x_wconf 73' lang='grc' dir='ltr'><strong><em>νδ,</em></strong></span> <span class='ocrx_word' id='word_1_268' title='bbox 606 3456 688 3521; x_wconf 90' lang='lat' dir='ltr'>quae</span> <span class='ocrx_word' id='word_1_269' title='bbox 721 3437 813 3523; x_wconf 82' lang='lat' dir='ltr'>abest</span> <span class='ocrx_word' id='word_1_270' title='bbox 845 3438 877 3502; x_wconf 91' lang='lat' dir='ltr'>in</span> <span class='ocrx_word' id='word_1_271' title='bbox 905 3437 1037 3503; x_wconf 89' lang='lat' dir='ltr'>Vindob.</span> <span class='ocrx_word' id='word_1_272' title='bbox 1082 3439 1120 3504; x_wconf 90' lang='lat' dir='ltr'>lu</span> <span class='ocrx_word' id='word_1_273' title='bbox 1151 3439 1189 3506; x_wconf 92' lang='lat' dir='ltr'>Il.</span> 
     </span>
     <span class='ocr_line' id='line_1_31' title="bbox 67 3537 1189 3628; baseline 0.002 -22"><span class='ocrx_word' id='word_1_274' title='bbox 67 3541 143 3607; x_wconf 83' lang='lat' dir='ltr'>XVI</span> <span class='ocrx_word' id='word_1_275' title='bbox 166 3540 207 3609; x_wconf 89' lang='grc'>99</span> <span class='ocrx_word' id='word_1_276' title='bbox 229 3548 306 3610; x_wconf 71' lang='lat' dir='ltr'>noio</span> <span class='ocrx_word' id='word_1_277' title='bbox 329 3541 357 3611; x_wconf 81' lang='grc' dir='ltr'><strong><em>δ</em></strong></span> <span class='ocrx_word' id='word_1_278' title='bbox 383 3543 521 3627; x_wconf 72' lang='grc' dir='ltr'><strong><em>ἐκδῦμεν</em></strong></span> <span class='ocrx_word' id='word_1_279' title='bbox 545 3537 691 3628; x_wconf 71' lang='grc' dir='ltr'><strong><em>ὄλεθρον</em></strong></span> <span class='ocrx_word' id='word_1_280' title='bbox 722 3541 778 3621; x_wconf 88' lang='lat' dir='ltr'>illi,</span> <span class='ocrx_word' id='word_1_281' title='bbox 810 3543 865 3624; x_wconf 90' lang='lat' dir='ltr'>qui</span> <span class='ocrx_word' id='word_1_282' title='bbox 887 3541 1078 3607; x_wconf 86' lang='lat' dir='ltr'>nominativo</span> <span class='ocrx_word' id='word_1_283' title='bbox 1110 3561 1189 3624; x_wconf 87' lang='lat' dir='ltr'>opus</span> 
     </span>
     <span class='ocr_line' id='line_1_32' title="bbox 68 3644 1190 3727; baseline 0.001 -17"><span class='ocrx_word' id='word_1_284' title='bbox 68 3662 138 3710; x_wconf 88' lang='lat' dir='ltr'>esse</span> <span class='ocrx_word' id='word_1_285' title='bbox 160 3651 355 3725; x_wconf 87' lang='lat' dir='ltr'>statuerunt,</span> <span class='ocrx_word' id='word_1_286' title='bbox 389 3664 452 3712; x_wconf 92' lang='lat' dir='ltr'>nou</span> <span class='ocrx_word' id='word_1_287' title='bbox 473 3649 533 3712; x_wconf 81' lang='grc' dir='ltr'>νῶι</span> <span class='ocrx_word' id='word_1_288' title='bbox 555 3645 771 3727; x_wconf 88' lang='lat' dir='ltr'>scripsissent,</span> <span class='ocrx_word' id='word_1_289' title='bbox 806 3644 833 3708; x_wconf 91' lang='lat' dir='ltr'>si</span> <span class='ocrx_word' id='word_1_290' title='bbox 854 3644 1080 3711; x_wconf 89' lang='lat' dir='ltr'>nominativum</span> <span class='ocrx_word' id='word_1_291' title='bbox 1113 3649 1190 3711; x_wconf 82' lang='grc' dir='ltr'><strong><em>νῶιν</em></strong></span> 
     </span>
     <span class='ocr_line' id='line_1_33' title="bbox 68 3749 443 3830; baseline 0.005 -18"><span class='ocrx_word' id='word_1_292' title='bbox 68 3749 227 3830; x_wconf 81' lang='lat' dir='ltr'>cognitum</span> <span class='ocrx_word' id='word_1_293' title='bbox 248 3749 443 3816; x_wconf 83' lang='lat' dir='ltr'>habuissent.</span> 
     </span>
    </p>

    <p class='ocr_par' dir='ltr' id='par_1_6' title="bbox 67 3850 1207 4348">
     <span class='ocr_line' id='line_1_34' title="bbox 155 3850 1191 3936; baseline -0.002 -19"><span class='ocrx_word' id='word_1_294' title='bbox 155 3851 218 3919; x_wconf 87' lang='lat' dir='ltr'>Sed</span> <span class='ocrx_word' id='word_1_295' title='bbox 249 3858 377 3936; x_wconf 89' lang='lat' dir='ltr'>praeter</span> <span class='ocrx_word' id='word_1_296' title='bbox 408 3852 466 3917; x_wconf 93' lang='lat' dir='ltr'>has</span> <span class='ocrx_word' id='word_1_297' title='bbox 497 3851 643 3933; x_wconf 86' lang='lat' dir='ltr'>vocales,</span> <span class='ocrx_word' id='word_1_298' title='bbox 676 3869 758 3932; x_wconf 88' lang='lat' dir='ltr'>quae</span> <span class='ocrx_word' id='word_1_299' title='bbox 789 3852 880 3934; x_wconf 88' lang='lat' dir='ltr'>quasi</span> <span class='ocrx_word' id='word_1_300' title='bbox 912 3850 1109 3934; x_wconf 83' lang='lat' dir='ltr'>privilegium</span> <span class='ocrx_word' id='word_1_301' title='bbox 1142 3856 1191 3915; x_wconf 89' lang='lat' dir='ltr'>at-</span> 
     </span>
     <span class='ocr_line' id='line_1_35' title="bbox 68 3944 1189 4037; baseline -0.001 -17"><span class='ocrx_word' id='word_1_302' title='bbox 68 3956 230 4023; x_wconf 86' lang='lat' dir='ltr'>tractionis</span> <span class='ocrx_word' id='word_1_303' title='bbox 241 3956 369 4036; x_wconf 88' lang='lat' dir='ltr'>habent,</span> <span class='ocrx_word' id='word_1_304' title='bbox 392 3953 560 4020; x_wconf 86' lang='lat' dir='ltr'>nonnullae</span> <span class='ocrx_word' id='word_1_305' title='bbox 583 3954 664 4021; x_wconf 88' lang='lat' dir='ltr'>aliae</span> <span class='ocrx_word' id='word_1_306' title='bbox 685 3944 748 4021; x_wconf 77' lang='lat' dir='ltr'>burc</span> <span class='ocrx_word' id='word_1_307' title='bbox 769 3955 919 4037; x_wconf 88' lang='lat' dir='ltr'>aspirant.</span> <span class='ocrx_word' id='word_1_308' title='bbox 962 3953 1088 4020; x_wconf 89' lang='lat' dir='ltr'>Primae</span> <span class='ocrx_word' id='word_1_309' title='bbox 1121 3956 1189 4035; x_wconf 92' lang='lat' dir='ltr'>qui·</span> 
     </span>
     <span class='ocr_line' id='line_1_36' title="bbox 68 4055 1190 4140; baseline -0.002 -16"><span class='ocrx_word' id='word_1_310' title='bbox 68 4060 139 4124; x_wconf 91' lang='lat' dir='ltr'>dem</span> <span class='ocrx_word' id='word_1_311' title='bbox 162 4061 298 4140; x_wconf 89' lang='lat' dir='ltr'>nullum,</span> <span class='ocrx_word' id='word_1_312' title='bbox 331 4059 382 4124; x_wconf 91' lang='lat' dir='ltr'>cui</span> <span class='ocrx_word' id='word_1_313' title='bbox 414 4057 509 4139; x_wconf 90' lang='lat' dir='ltr'>plane</span> <span class='ocrx_word' id='word_1_314' title='bbox 542 4057 657 4124; x_wconf 88' lang='lat' dir='ltr'>confidi</span> <span class='ocrx_word' id='word_1_315' title='bbox 688 4059 802 4140; x_wconf 84' lang='lat' dir='ltr'>possit,</span> <span class='ocrx_word' id='word_1_316' title='bbox 835 4055 1013 4136; x_wconf 76' lang='lat' dir='ltr'>exemplum</span> <span class='ocrx_word' id='word_1_317' title='bbox 1045 4056 1190 4123; x_wconf 88' lang='lat' dir='ltr'>innotuit</span> 
     </span>
     <span class='ocr_line' id='line_1_37' title="bbox 69 4158 1190 4246; baseline -0.002 -20"><span class='ocrx_word' id='word_1_318' title='bbox 69 4162 151 4228; x_wconf 87' lang='lat' dir='ltr'>Nam</span> <span class='ocrx_word' id='word_1_319' title='bbox 185 4162 271 4246; x_wconf 79' lang='grc' dir='ltr'><strong><em>ἔμπα</em></strong></span> <span class='ocrx_word' id='word_1_320' title='bbox 304 4169 337 4227; x_wconf 92' lang='lat' dir='ltr'>et</span> <span class='ocrx_word' id='word_1_321' title='bbox 370 4160 480 4245; x_wconf 82' lang='grc' dir='ltr'><strong><em>ἔμπαν</em></strong></span> <span class='ocrx_word' id='word_1_322' title='bbox 513 4179 611 4242; x_wconf 87' lang='lat' dir='ltr'>quare</span> <span class='ocrx_word' id='word_1_323' title='bbox 637 4160 699 4226; x_wconf 88' lang='lat' dir='ltr'>huc</span> <span class='ocrx_word' id='word_1_324' title='bbox 730 4158 841 4226; x_wconf 82' lang='lat' dir='ltr'>referri</span> <span class='ocrx_word' id='word_1_325' title='bbox 873 4176 936 4223; x_wconf 92' lang='lat' dir='ltr'>nou</span> <span class='ocrx_word' id='word_1_326' title='bbox 967 4158 1105 4238; x_wconf 83' lang='lat' dir='ltr'>possint,</span> <span class='ocrx_word' id='word_1_327' title='bbox 1137 4175 1190 4224; x_wconf 91' lang='lat' dir='ltr'>su·</span> 
     </span>
     <span class='ocr_line' id='line_1_38' title="bbox 67 4253 1207 4348; baseline -0.005 -18"><span class='ocrx_word' id='word_1_328' title='bbox 67 4285 126 4347; x_wconf 89' lang='lat' dir='ltr'>pra</span> <span class='ocrx_word' id='word_1_329' title='bbox 148 4267 278 4348; x_wconf 82' lang='lat' dir='ltr'>exposui</span> <span class='ocrx_word' id='word_1_330' title='bbox 308 4283 339 4348; x_wconf 84' lang='lat' dir='ltr'>p.</span> <span class='ocrx_word' id='word_1_331' title='bbox 364 4261 434 4331; x_wconf 83' lang='lat'><strong>155.</strong></span> <span class='ocrx_word' id='word_1_332' title='bbox 476 4262 730 4329; x_wconf 90' lang='lat' dir='ltr'>Blandimentum</span> <span class='ocrx_word' id='word_1_333' title='bbox 763 4263 903 4327; x_wconf 76' lang='lat' dir='ltr'>Atdcum</span> <span class='ocrx_word' id='word_1_334' title='bbox 937 4253 964 4326; x_wconf 82' lang='grc' dir='ltr'><em>ὦ</em></span> <span class='ocrx_word' id='word_1_335' title='bbox 995 4255 1080 4326; x_wconf 77' lang='grc' dir='ltr'><strong><em>’τάν</em></strong></span> <span class='ocrx_word' id='word_1_336' title='bbox 1111 4278 1207 4325; x_wconf 91' lang='lat' dir='ltr'>non···</span> 
     </span>
    </p>
   </div>
   <div class='ocr_carea' id='block_1_5' title="bbox 67 4361 1191 4521">
    <p class='ocr_par' dir='ltr' id='par_1_7' title="bbox 67 4361 1191 4521">
     <span class='ocr_line' id='line_1_39' title="bbox 67 4361 1191 4455; baseline -0.004 -22"><span class='ocrx_word' id='word_1_337' title='bbox 67 4368 146 4433; x_wconf 88' lang='lat' dir='ltr'>nulli</span> <span class='ocrx_word' id='word_1_338' title='bbox 168 4387 207 4435; x_wconf 87' lang='lat' dir='ltr'>ex</span> <span class='ocrx_word' id='word_1_339' title='bbox 230 4361 256 4434; x_wconf 84' lang='grc' dir='ltr'><strong><em>ὦ</em></strong></span> <span class='ocrx_word' id='word_1_340' title='bbox 280 4367 336 4434; x_wconf 75' lang='grc' dir='ltr'><strong><em>ἕνα</em></strong></span> <span class='ocrx_word' id='word_1_341' title='bbox 357 4365 477 4435; x_wconf 80' lang='lat' dir='ltr'>iactum</span> <span class='ocrx_word' id='word_1_342' title='bbox 497 4371 611 4450; x_wconf 85' lang='lat' dir='ltr'>putant</span> <span class='ocrx_word' id='word_1_343' title='bbox 638 4367 835 4455; x_wconf 78' lang='grc' dir='ltr'><strong><em>πλεονασμῷ</em></strong></span> <span class='ocrx_word' id='word_1_344' title='bbox 868 4367 926 4431; x_wconf 83' lang='grc' dir='ltr'>τοῦ</span> <span class='ocrx_word' id='word_1_345' title='bbox 948 4361 980 4436; x_wconf 67' lang='grc' dir='ltr'>’ἶ</span> <span class='ocrx_word' id='word_1_346' title='bbox 1005 4362 1058 4429; x_wconf 77' lang='grc' dir='ltr'>καὶ</span> <span class='ocrx_word' id='word_1_347' title='bbox 1084 4380 1191 4447; x_wconf 65' lang='grc' dir='ltr'>’μετα-4</span> 
     </span>
     <span class='ocr_line' id='line_1_40' title="bbox 123 4447 1001 4521; baseline 0.006 -11"><span class='ocrx_word' id='word_1_348' title='bbox 123 4469 341 4521; x_wconf 63' lang='lat' dir='ltr'>cenomanos</span> <span class='ocrx_word' id='word_1_349' title='bbox 355 4469 383 4511; x_wconf 79' lang='lat' dir='ltr'>ra</span> <span class='ocrx_word' id='word_1_350' title='bbox 962 4447 1001 4517; x_wconf 85' lang='lat'>13</span> 
     </span>
    </p>
   </div>
   <div class='ocr_carea' id='block_1_6' title="bbox 0 0 1377 4778">
    <p class='ocr_par' dir='ltr' id='par_1_8' title="bbox 0 0 1377 4778">
     <span class='ocr_line' id='line_1_41' title="bbox 0 0 1377 4778; baseline 0 0"><span class='ocrx_word' id='word_1_351' title='bbox 0 0 1377 4778; x_wconf 95' lang='lat' dir='ltr'> </span> 
     </span>
    </p>
   </div>
  </div>
 </body>
</html>
