2736 4778
188 330 253 397 DE
274 328 544 397 PROSTHESI
564 326 626 392 ET
647 327 910 396 APHAERESI.
941 325 980 394 C.
995 328 1037 394 V.
1058 329 1084 412 t.
1098 327 1126 391 1.
1171 329 1219 404 77

114 515 249 602 positas,
272 539 355 601 quas
378 514 493 578 Latini
518 511 653 581 diversis
676 511 860 598 significant
879 513 1065 579 nominibus
1087 534 1169 597 penu
1189 524 1223 578 et

108 619 230 701 poples,
253 615 373 682 Graeci
394 638 462 680 non
481 614 600 678 iisdem
623 614 682 679 sed
703 612 860 678 similibus
881 616 1048 701 appellant
1069 612 1145 701 γόνυ
1167 613 1224 680 καὶ

113 717 150 782 τὰ
176 714 318 784 κατόπιν
340 712 434 801 lyscio
459 711 480 803 ἢ
502 710 626 801 ἀγκύλη
658 714 800 800 (ancale)
828 716 944 782 Galen.
969 718 1057 802 Isag.
1079 716 1126 781 X.
1149 715 1221 780 708.
1336 762 1339 771 .

114 816 156 881 Τ.
184 816 283 884 XIV.
317 840 454 901 quorum
479 816 570 882 alteri
592 813 686 900 γνύξ,
712 816 804 880 alteri
831 814 989 900 ἴγνυσθατ
1017 816 1159 904 apposui
1180 816 1224 881 ad

113 920 302 986 Buttmann.
325 918 376 982 68.
396 929 462 983 not.
484 940 514 984 v.
535 917 661 983 Techn.
684 919 757 983 207.
775 928 814 983 et
834 918 907 982 209.
949 918 996 984 Et
1017 915 1135 998 ἱμαλιά
1158 917 1225 983 siva

115 1017 244 1102 ἱμαλίς,
278 1020 366 1103 quod
398 1019 642 1106 Lexicographi
683 1020 847 1107 explicant
878 1016 914 1085 τὸ
947 1015 1129 1102 ἐπίμετρον
1160 1021 1226 1084 τῶν

116 1112 274 1207 ἀλεύρων,
295 1121 404 1186 nescio
423 1145 465 1185 an
485 1122 528 1185 ad
548 1122 715 1209 μάλενρον
738 1121 908 1209 pertineat.
939 1114 1144 1202 Ἰσχαλτῦσατ
1164 1124 1227 1206 θρ-

116 1216 217 1286 λτὶσατ
237 1221 396 1307 Hesychii
425 1223 618 1308 interpretes
648 1222 818 1287 conferunt
838 1245 912 1287 cum
933 1218 1093 1303 Σχαλίσαι
1116 1217 1225 1307 θηλά-

114 1343 187 1394 σαι,
218 1344 255 1388 ac
283 1323 421 1389 fortasse
448 1324 578 1409 utrique
604 1346 773 1390 commune
797 1325 1041 1389 fundamentum
1064 1331 1113 1386 est
1134 1326 1225 1408 σχᾷν,

113 1418 258 1504 σχάζειν,
286 1428 405 1514 χαλᾷν,
428 1448 567 1510 namque
589 1424 690 1491 ubera
710 1427 794 1490 lacte
817 1426 957 1490 distenta
977 1424 1153 1510 mulgendo
1175 1423 1225 1488 la·

112 1533 246 1602 xantnr3
277 1527 337 1591 sed
365 1527 399 1591 in
425 1528 506 1593 EM.
529 1551 562 1614 p.
587 1527 658 1604 730,
681 1528 734 1592 42.
756 1527 838 1591 illud
860 1527 952 1590 aliter
974 1526 1125 1591 scribitur
1148 1550 1226 1606 σχα-

115 1624 207 1690 dicas
228 1625 265 1693 τὸ
289 1625 497 1712 &plaissiet
514 1652 574 1716 pro
590 1628 733 1707 lambda,
755 1629 845 1713 quod
862 1628 896 1693 in
912 1626 1011 1692 vcrbo
1033 1616 1226 1708 ἶσχαλεῦσαι

114 1737 267 1810 apparet,
298 1727 385 1793 delta
413 1730 571 1796 successit
598 1731 632 1795 in
658 1730 817 1816 adjectivo
840 1725 1064 1814 dar‘oxadogl)
1092 1726 1155 1793 hoc
1177 1736 1227 1792 est

115 1819 324 1914 daq'taamg,
347 1819 567 1918 ἀνήμελκτος,
596 1826 729 1911 drosos,
752 1832 852 1918 idque
872 1831 907 1896 in
926 1831 1007 1896 EM.
1031 1831 1076 1894 ad
1097 1827 1226 1912 σχαδῶν

115 1927 251 1993 refertur
272 1942 408 2017 propter
429 1933 670 1998 similitudinem
692 1935 828 1998 melotus
855 1944 887 1998 et
907 1931 1112 2007 mellationis,
1136 1929 1225 1994 simi·

114 2028 253 2115 literque
277 2027 487 2117 ἆμέλγεσθατ
512 2034 609 2099 etiam
633 2035 699 2099 mel
721 2035 854 2111 dicitur,
877 2056 945 2097 non
965 2032 1017 2095 lac
1045 2031 1166 2106 solum,
1196 2039 1228 2095 et

113 2135 221 2212 promi
242 2135 341 2198 utera
361 2132 474 2197 itidem
495 2146 532 2198 ut
551 2135 648 2199 mella
671 2135 738 2199 sive
759 2133 822 2198 lavi
843 2157 873 2198 v.
887 2132 1011 2198 Techn.
1024 2154 1057 2217 p.
1072 2131 1132 2195 14.·
1149 2128 1226 2197 Θύω

117 2227 220 2309 aba,
244 2227 333 2297 teta
357 2228 465 2301 idriam
490 2235 524 2299 in
553 2235 640 2301 hunc
656 2258 825 2300 numerum
840 2259 908 2301 non
927 2233 1121 2300 admiserim.
1154 2229 1227 2298 Etsi

118 2330 204 2396 enim
217 2354 452 2420 nonnunquam
468 2335 503 2402 in
522 2339 661 2403 eundem
677 2338 790 2404 locum
811 2337 1008 2404 conveniunt
1027 2358 1089 2402 nec
1112 2357 1185 2400 raro
1208 2356 1229 2399 a

117 2434 255 2502 librariis
278 2439 414 2504 confusa
437 2450 560 2506 suntr.
587 2439 723 2508 Jacobs.
752 2440 795 2506 ad
815 2439 918 2506 Anth.
950 2463 983 2527 p.
1014 2436 1085 2502 152.
1118 2431 1227 2501 tamen

117 2561 177 2602 sua
200 2540 317 2625 cuique
333 2540 467 2627 propria
483 2552 628 2628 potestas
649 2552 681 2607 ct
700 2541 792 2627 origo
813 2542 939 2606 diversa
958 2551 1024 2615 est3
1045 2537 1127 2602 illud
1143 2538 1228 2603 enim

118 2662 191 2705 cum
223 2639 309 2720 θοός
338 2644 455 2724 θοάζω
482 2642 648 2720 cohaeret,
677 2664 750 2708 cum
780 2638 859 2722 leeg
884 2664 961 2707 vero
990 2637 1100 2707 ἰθύειν
1122 2638 1158 2703 id
1180 2650 1230 2704 est

118 2764 248 2806 cursum
270 2742 321 2807 vel
352 2742 584 2829 cogitationem
616 2745 726 2830 aliquo
750 2743 899 2829 dirigere.
948 2745 1043 2821 Jam,
1078 2763 1120 2806 ne
1147 2739 1229 2828 quid

118 2845 388 2930 praetermittam,
415 2844 497 2910 illud
524 2847 591 2912 iota
617 2848 707 2932 quod
735 2846 891 2912 nonnulla
919 2844 1018 2911 verba
1044 2831 1144 2926 inp]
1170 2865 1227 2909 ex·

118 2945 229 3009 euntia
257 2944 406 3024 inchoat,
435 2946 659 3034 prostheticon
687 2949 819 3034 quidem
849 2959 898 3012 est
927 2948 985 3013 sed
1012 2948 1077 3012 alio
1097 2946 1228 3010 nomine

117 3045 307 3132 insignitur:
332 3042 648 3132 ἆναόιττλαστασμός
666 3049 789 3134 κυρίως
809 3046 896 3114 ἐστὶν
917 3047 998 3114 ὅταν
1013 3049 1051 3113 τὸ
1074 3044 1150 3135 ἑξῆς
1170 3051 1229 3133 τῆς

117 3146 236 3225 λέξειας
259 3147 309 3225 δὶς
330 3147 367 3213 τὸ
385 3143 466 3215 αὐτὸ
486 3145 664 3236 σύμφωνον
682 3142 941 3236 παραλαμβάνῃ,
964 3149 1230 3234 καταχρηστικῶς

117 3246 155 3313 δὲ
177 3242 195 3311 ὁ
219 3246 256 3325 ἐξ
277 3243 349 3325 ἑνὸς
366 3245 556 3333 φωνήεντος
578 3239 650 3314 οἷον
672 3237 698 3313 ὧ
719 3244 770 3325 iai,
792 3251 860 3314 στῶ
881 3242 964 3313 laud
983 3246 1063 3314 EM.
1084 3245 1157 3322 477,
1176 3243 1228 3312 39.

85 3392 88 3396 -
121 3347 178 3430 qui
200 3369 260 3433 pro
284 3345 326 3414 λῶ
348 3348 463 3414 afferre
485 3359 615 3435 poterat
638 3347 914 3414 accommodatius
936 3345 1091 3431 ἵπταμαι.

581 3621 684 3689 CAP.
713 3622 754 3691 V.

311 3756 363 3832 lle
385 3757 566 3857 prostleai
588 3773 623 3832 ct
648 3761 838 3857 aphaerest'
859 3746 1039 3840 literae'o'.

202 3927 227 4008 ξ.
251 3925 280 3989 1.
324 3923 512 4004 Vocalium‚
548 3947 631 4013 quas
661 3923 725 3994 hoc
752 3951 900 3996 sermone
930 3930 1119 4017 complexus
1147 3951 1228 4011 sum,

119 4035 184 4088 tres
205 4025 401 4091 novissimae
425 4029 696 4114 significationem
717 4053 777 4118 per
798 4054 833 4096 se
861 4052 928 4097 non
955 4033 1141 4111 immutant,
1170 4034 1229 4099 sed

188 4195 217 4262 9)
229 4194 388 4266 Hesychius
402 4195 554 4268 Ἀνίψαλον
571 4195 676 4267 ἀβλαβῆ
694 4196 769 4272 παρὰ
792 4197 820 4254 τὸ
839 4202 922 4254 lnior·
940 4200 968 4254 ol
984 4199 1015 4254 dl
1032 4195 1137 4269 ἡλικίας
1153 4196 1230 4264 τάξιν

120 4275 148 4332 id
162 4287 204 4333 est
217 4273 330 4351 λτοκον,
344 4278 524 4356 ἀνήμελκτον.
551 4282 694 4341 Videlicet
704 4274 855 4356 an'cipitom
868 4283 953 4340 fuisse
965 4285 1042 4344 vocis
1053 4286 1228 4363 scripturam.
