2736 4778
465 333 746 403 PRAEFATIO.
1112 362 1173 412 vn

10 468 16 533 l
49 546 191 611 qnorum
220 532 384 587 structura
412 527 550 582 constat.
597 516 673 581 Hac
702 538 768 580 una
796 502 920 584 ratione
949 520 1093 607 speciem
1122 520 1174 587 in·

10 642 12 691 l
50 650 212 716 solentiae
247 644 411 729 effugiunt
444 641 657 725 inventoque,
690 663 757 725 quo
786 641 964 727 pertinent,
998 644 1111 729 ordine
1143 657 1175 712 et

50 798 176 863 genere
199 784 321 839 certam
347 777 457 832 notam
483 766 647 853 accipiunt
676 777 775 851 atque
803 767 912 831 locum
933 765 995 832 sibi
1019 791 1038 831 a
1059 781 1175 836 natura

50 901 262 984 assignat-um
288 903 479 978 recuperant
508 892 630 977 alioqui
652 914 773 978 vagae,
807 890 965 979 abruptae
987 903 1021 958 et
1040 893 1174 959 inaesti-

10 1038 14 1097 ῐ
50 1024 206 1091 mobiles.
244 1020 359 1104 Neque
372 1019 441 1101 jam
456 1039 572 1082 vereor
587 1039 629 1082 ne
648 1016 721 1101 quis
736 1016 818 1081 banc
838 1037 971 1103 operam
987 1015 1023 1083 in
1040 1017 1175 1086 literulis

12 1120 15 1129 Ι
46 1146 271 1235 ¹apicibusque
291 1143 432 1231 positam
452 1141 663 1227 micrologiae
684 1141 854 1223 cujusdam
876 1147 1019 1221 incuset3
1042 1166 1117 1208 nam
1138 1156 1176 1210 ut

17 1324 21 1341 .
52 1269 244 1360 physiologi
266 1291 286 1332 a
305 1267 403 1333 rebus
425 1267 606 1332 manifestis
623 1266 761 1353 proiecti
782 1266 938 1354 deinceps
959 1269 1175 1336 minutissima

28 1476 32 1491 Ι
54 1417 205 1482 quaeque
218 1393 427 1479 microscopii
440 1415 505 1480 ope
528 1393 719 1479 scrupulose
742 1404 993 1479 perscrutantur,
1016 1394 1062 1458 ita
1077 1416 1172 1481 grae-

24 1598 27 1615 Ι
54 1544 113 1588 eae
142 1517 315 1604 analogiae
339 1516 562 1602 investigatio,
593 1518 680 1582 unde
707 1517 762 1581 illa
786 1517 826 1583 ab
846 1519 988 1605 antiquis
1012 1518 1174 1584 celebrata

24 1618 27 1637 Ε
54 1642 275 1732 ἇκριβολογία
305 1641 363 1709 ἐπὶ
389 1647 462 1719 τοῖς
489 1635 629 1725 ὀνόμασι
656 1642 794 1729 pendet,
834 1665 899 1727 quo
929 1643 1064 1708 ulterius
1094 1667 1171 1731 pro-

26 1796 30 1807 ·
53 1767 202 1855 greditru
223 1787 263 1832 eo
285 1764 382 1830 altius
403 1764 448 1831 ad
467 1764 638 1831 interiores
657 1778 689 1830 et
702 1767 886 1834 reconditas
907 1780 1015 1855 partes
1035 1768 1172 1837 descen-

55 1894 103 1959 dit
130 1891 310 1980 primorum
334 1889 566 1965 elementorum
595 1892 803 1977 speculatrix.
826 1928 868 1941 -
900 1892 992 1974 Quin
1014 1894 1172 1978 aliquam-

54 2019 154 2083 multa
181 2014 403 2104 praeterierim
430 2014 473 2077 ad
499 2036 568 2078 rem
592 2016 775 2080 necessaria
796 2016 927 2078 minime
950 2016 1083 2093 dubito,
1116 2022 1175 2083 sed

57 2140 227 2211 excusabit
255 2137 365 2227 operis
393 2157 505 2202 omnes
533 2137 601 2202 lere
630 2137 739 2223 graeci
763 2138 921 2203 sermonis
948 2149 1056 2225 partes
1085 2163 1174 2207 com-

57 2268 145 2358 plexi
166 2265 305 2332 varietas
329 2260 601 2349 inexsuperabilis
629 2274 662 2327 et
692 2264 781 2348 quod
812 2263 967 2351 opinione
994 2264 1088 2330 eitius
1113 2266 1173 2331 ob·

32 2430 36 2437 ·
56 2394 160 2482 repsit
187 2389 224 2457 τὸ
255 2393 314 2476 τῆς
342 2386 451 2475 λήθης
475 2392 588 2476 γῆρας.
632 2389 725 2453 Haec
748 2400 780 2452 et
801 2390 902 2453 multa
923 2390 978 2455 illa
999 2413 1082 2476 quae
1107 2392 1174 2457 dis·

58 2514 168 2604 putati
209 2512 342 2597 quidem
381 2511 441 2577 sed
475 2511 654 2577 diffidentia
688 2513 815 2578 consilii
847 2515 1026 2599 injudicata
1058 2516 1175 2601 reliqui

57 2640 149 2705 trado
173 2648 206 2702 et
226 2637 345 2701 mando
367 2636 407 2702 iis
429 2637 486 2723 qui
509 2637 572 2703 hoe
590 2638 671 2703 rude
690 2649 722 2702 et
740 2637 885 2704 silvestre
904 2639 1009 2705 solum
1026 2641 1175 2707 excolere

10 2832 12 2839 ,
58 2773 206 2854 pergent.
261 2762 339 2847 Quo
374 2762 461 2829 lacto
493 2765 595 2829 sulcos
628 2767 743 2829 iterato
771 2766 895 2845 priores
924 2767 1028 2832 orbita
1056 2768 1174 2834 delebit.

17 2912 38 2961 ,·
56 2892 260 2976 Linguarum
292 2908 429 2972 graecae
461 2898 493 2952 et
524 2887 643 2952 latinae
678 2886 823 2950 affinium
843 2896 876 2951 et
896 2900 984 2966 ortu,
1013 2899 1050 2952 ut
1074 2866 1177 2974 ajunt,

59 3016 203 3104 priorum
232 3014 260 3078 si
288 3014 340 3078 vel
368 2992 506 3077 maxime
536 3013 685 3078 notitiam
712 3010 901 3076 habuissem
929 3024 1083 3097 quantam
1108 3014 1175 3078 vel-

58 3143 120 3209 lem
144 3141 197 3206 hic
223 3149 330 3202 tamen
358 3134 517 3199 rationem
546 3133 712 3199 duxissem
733 3134 869 3211 nullam,
904 3157 971 3199 non
1000 3157 1065 3219 quo
1094 3137 1176 3202 haec

35 3338 38 3347 ,
59 3267 166 3334 studia
186 3274 401 3336 contemnam,
423 3269 460 3323 ut
481 3259 613 3343 quidam
636 3271 745 3325 namet
761 3260 801 3345 ¹),
824 3257 884 3328 sed
902 3259 979 3346 quia
1000 3284 1066 3326 non
1079 3261 1176 3349 Ogy-

35 3394 145 3480 ·giam
173 3390 317 3475 linguam
345 3395 482 3450 tractare
509 3383 633 3450 institui
656 3386 720 3451 sed'
739 3386 914 3464 Graecam,
948 3409 1032 3472 quae
1062 3411 1122 3476 per
1141 3412 1177 3456 se

58 3518 129 3606 ipsa
164 3515 241 3581 satis
275 3533 438 3603 superque
470 3510 593 3595 negotii
626 3511 766 3576 lacessit.
825 3514 904 3581 dam
935 3511 1016 3578 nihil
1048 3516 1176 3602 reperio

52 3736 392 3756 -—-———--

126 3892 154 3956 1)
173 3887 220 3941 Sic
239 3885 306 3940 fecit
323 3881 488 3954 Rumpelius
508 3879 723 3936 Casuslehre
747 3900 776 3954 p,
796 3885 840 3939 eo.
876 3881 1015 3953 Equidem
1038 3880 1178 3937 contraria

57 3979 151 4036 omnia
176 3975 234 4030 dixi
257 3975 284 4028 in
304 3973 407 4027 Parall.
430 3974 486 4026 127.
509 3972 574 4024 adn.
605 3969 663 4024 Sed
681 3970 876 4026 Mezxolantiis
895 3970 955 4025 istis
973 3970 1022 4041 qui
1043 3967 1176 4023 consultis

54 4069 155 4127 lexicis
178 4075 207 4123 et
229 4049 598 4135 compendiis'manualibus
622 4060 675 4115 sibi
697 4078 798 4132 graece
824 4060 896 4115 scire
917 4059 1048 4111 videntur
1068 4066 1097 4111 st
1112 4056 1179 4128 jam.

55 4159 147 4216 missis
166 4155 282 4210 habenis
300 4171 351 4224 per
369 4160 481 4207 centum
501 4150 610 4221 linguas
628 4159 783 4221 vagantur,
804 4167 862 4205 non
880 4146 1003 4201 invideo.
