2736 4778
152 386 211 453 DE
234 380 483 470 sunlssssl,
507 386 708 455 DIAERESI
728 395 787 456 eto.
803 387 854 455 Ῥ.
865 389 906 456 11.
930 387 962 457 0.
974 390 1015 457 11.
1038 391 1065 476 5.
1081 390 1107 457 1.
1152 389 1194 458 69

75 571 138 634 quo
160 551 362 618 Aristarchus
384 551 417 617 in
439 552 545 618 eodosi
567 552 722 619 alterutra
744 553 815 621 κνέε
837 554 944 635 posuit
965 556 1015 620 vel
1038 555 1194 637 spondeos

75 653 255 734 fastidiens,
287 656 338 720 vel
360 656 435 738 quia
457 654 595 721 Homero
629 657 784 722 eiusmodi
805 656 990 739 imperfecta
1011 658 1099 722 nulla
1120 675 1193 724 oon·

74 759 202 825 cederet
222 759 284 823 nisi
296 758 472 825 ”verborum
495 760 528 824 iu
549 762 583 838 ρ’,ῖ
605 777 784 843 eorumque,
811 778 892 843 quae
914 761 997 826 inter
1019 761 1099 826 duas
1120 779 1193 827 oon·

75 862 251 945 ingutiones
262 861 365 928 divisa
377 863 501 947 sunt[p.
512 863 554 928 58
566 881 613 928 ex.
624 863 699 947 sq.];
712 863 800 928 ouius
814 864 938 946 generis
951 882 1048 930 unum
1060 864 1193 947 praebet
1277 866 1280 874 '

74 965 232 1031 Homerus
250 964 343 1055 κίρνη
359 966 392 1032 in
415 966 518 1032 medio
538 982 633 1031 versu
645 964 703 1031 Od.
716 966 791 1032 XIV
804 967 854 1047 78,
877 967 1078 1033 nbiEruesto
1101 966 1135 1029 ία
1150 966 1191 1030 ol.

75 1065 180 1154 κίρνα,
193 1073 226 1133 et
237 1068 313 1134 XVI
324 1068 375 1148 52,
398 1071 524 1152 quicum
535 1070 681 1134 convenit
693 1066 792 1134 πίτνα
804 1070 840 1135 Π.
853 1069 930 1136 XXI
943 1072 970 1150 7,
994 1066 1106 1156 ἐκίρνα
1118 1087 1194 1137 vero

74 1173 106 1237 in
128 1177 270 1238 extremo
291 1177 341 1238 ter
362 1173 395 1238 in
418 1171 530 1256 Odyss.
553 1173 621 1238 sine
643 1172 856 1255 discrepantia
878 1174 1037 1255 scriptum.
1075 1173 1192 1240 Parum

72 1292 148 1342 vero
169 1276 253 1341 inter
273 1280 398 1342 veteres
429 1277 588 1355 convenit,
622 1269 730 1342 uuum
752 1275 893 1344 κατέκτα
913 1276 1113 1342 scribendum
1147 1277 1190 1343 sit

73 1378 182 1462 (alpha
192 1379 359 1461 producto)
370 1397 391 1443 a
401 1378 541 1445 thomate
554 1375 649 1452 κιάια,
671 1398 712 1445 an
727 1379 878 1464 κατέκτη,
890 1398 918 1443 v.
931 1379 972 1444 ad
984 1378 1102 1444 Butlm.
1114 1398 1143 1462 p.
1153 1377 1193 1444 1³

75 1481 172 1566 [Diss
185 1481 264 1547 VIII
276 1480 309 1547 C.
321 1481 423 1566 152}
452 1480 649 1564 Imperfectis
660 1482 827 1578 verborum
839 1481 1190 1567 reduplicatomminq

72 1584 289 1651 desinentibus
310 1586 509 1668 grammatici
530 1592 693 1667 apponunt
725 1585 943 1668 imperativus,
965 1602 1056 1667 ‚quos
1078 1591 1198 1652 vocant

70 1688 207 1753 Atticos:
219 1692 279 1754 τοῦ
291 1684 456 1776 κρὴρινημι
469 1683 487 1752 ὁ
501 1688 731 1778 παρατατικός
741 1684 914 1776 ἐκρήρινην,
929 1684 1072 1777 ἔκρὴμνη
1085 1690 1140 1755 κατ’
1155 1689 1192 1754 τὸ
1244 1744 1247 1753 ,

72 1790 313 1876 προστακτικὸν
333 1788 460 1880 κρὴμνη
481 1791 552 1857 ΕΜ.
575 1791 648 1858 537.
670 1791 721 1872 39,
744 1792 828 1874 quod
849 1810 921 1858 culn
942 1791 1096 1858 similibus
1110 1790 1193 1876 πίμ-

73 1920 153 1983 πρη,
177 1891 314 1981 αι’μπλη
347 1893 387 1960 ab
409 1893 548 1961 Homero
570 1896 708 1961 alienum
730 1888 792 1975 est,
828 1896 884 1961 sed
905 1896 1073 1962 verborum
1095 1895 1191 1980 bisyl·

71 1997 216 2064 laborum
236 2014 334 2064 unum
355 1998 415 2064 hoo
436 1997 565 2064 deflexit
587 2002 642 2086 τῇ,
667 1998 752 2081 quod
773 1998 894 2080 antiqui
916 1999 1099 2066 idemtidem
1121 2018 1192 2066 oum

72 2098 207 2189 αι’μαλη
229 2100 402 2181 conferunt„
423 2119 526 2184 neque
548 2101 697 2167 omittunt
718 2101 850 2168 verbum
861 2101 1110 2186 monosyllabum
1123 2102 1191 2192 ζῇν,

71 2204 155 2286 quod
176 2203 230 2270 ille
252 2208 355 2270 ibium
376 2205 515 2288 ignorat:
540 2201 608 2287 ζᾶω
633 2200 704 2287 ζάει
726 2205 780 2272 καὶ
803 2204 887 2272 κατὰ
910 2202 1028 2292 κρᾶσιν
1050 2204 1193 2295 (impexis

72 2306 122 2395 ζῇ,
145 2306 183 2373 τὸ
207 2307 433 2395 παρατατικόν
455 2306 533 2390 ἔζαο
566 2304 623 2395 ἔζη
646 2308 701 2373 καὶ
731 2307 769 2373 τὸ
793 2308 1035 2396 προστακτικὸν
1058 2308 1112 2394 ζῆ,
1148 2304 1192 2388 ὥς

71 2407 141 2476 zoilo
164 2409 241 2476 ἔται
264 2413 304 2496 τῆ
327 2409 422 2476 schol.
439 2408 644 2492 01111317,
665 2411 767 2494 Epim.
790 2411 807 2477 I
831 2410 900 2492 181,
924 2412 1019 2479 schol.
1042 2409 1192 2479 osvin
1254 2429 1256 2433 “

71 2512 144 2595 177,
178 2511 216 2580 of.
238 2512 348 2580 Rham.
372 2512 414 2582 28
436 2519 470 2579 et
494 2513 560 2580 130.
633 2509 702 2582 Ταά
735 2515 778 2598 (si
810 2513 889 2580 haee
914 2521 965 2581 est
986 2515 1192 2599 monosyllabi

70 2617 171 2701 origo)
204 2615 334 2699 lingitur
355 2617 438 2683 siout
458 2636 612 2700 personae
634 2618 791 2685 secundae
814 2617 927 2698 ouans,
959 2637 1042 2701 qnae
1063 2620 1190 2687 usitmis

69 2723 103 2788 in
134 2723 220 2807 W
251 2725 285 2787 et
315 2720 401 2806 ἠἶῆῐ
434 2712 718 2802 ριοοοαίὶιιιαῖαι.
767 2721 870 2788 Huius
904 2723 1033 2789 secundi
1066 2725 1191 2806 generis

70 2824 172 2908 Epim.
195 2823 211 2890 I
236 2823 293 2890 191
328 2823 392 2889 tria
424 2821 518 2888 affert
538 2823 720 2892 Homerica:
742 2821 986 2914 προσαυδήτην,
1020 2823 1192 2916 φοιτήτην,

69 2925 219 3017 συλήτην,
238 2928 359 2994 'omisso
380 2932 494 3009 quarto
516 2925 726 3054 ουηανκητην,
749 2947 830 3010 quae
852 2928 1049 3010 grammatici
1077 2929 1192 2997 Dolioo

68 3033 276 3115 pronunciata
297 3032 406 3096 dicuni
427 3028 473 3096 sio
494 3025 567 3095 ut‘
553 3035 654 3119 ορῆτο
676 3050 734 3113 pro
757 3025 873 3116 ὁρᾶτο,
896 3050 924 3096 v
939 3031 1191 3098 Ε1οιοοι.1378

71 3134 134 3201 Sed
155 3135 235 3202 baeo
255 3135 354 3200 missa
374 3133 516 3201 lauimus

169 3239 210 3310 ἵε
230 3241 321 3309 etii
319 3257 405 3304 non
432 3256 506 3303 raro
528 3237 792 3303 commutantur
782 3254 816 3303 m
837 3198 997 3303 vocabulis
1019 3255 1058 3302 ex
1079 3237 1190 3305 eadem
1273 3314 1277 3322 .

69 3343 177 3408 radioe
198 3343 291 3424 natis,
313 3342 409 3424 idque
421 3340 619 3424 grammatici
641 3342 687 3406 sio
703 3340 906 3424 interpretas
914 3336 1032 3421 solent,
1056 3342 1191 3408 uterum

69 3464 263 3542 germanum,
286 3444 422 3510 alterum
444 3460 482 3509 ex
504 3462 556 3509 eo
565 3448 761 3511 contionum
783 3445 862 3511 esse.
905 3444 949 3509 Et
974 3444 1017 3511 ad
1038 3445 1097 3511 boo
1118 3464 1182 3527 pro·

67 3547 207 3615 bandum
239 3553 373 3614 utuntur
405 3546 556 3629 exempbs
583 3547 699 3629 partim
721 3549 893 3631 ambiguis,
926 3549 1042 3630 partim
1064 3549 1189 3632 ineptis,

69 3653 244 3718 cuiusmodi
265 3651 345 3718 haee
368 3651 496 3717 suntin
525 3649 598 3715 EM.
623 3650 693 3716 170
716 3649 767 3731 56,
802 3651 904 3777 Epinu
927 3650 1052 3718 11335.
1076 3648 1189 3720 6ι1ττὸ

68 3758 129 3822 τοῦ
152 3750 215 3843 “io
239 3751 323 3843 αι’ρα
345 3754 457 3842 γέγονε
478 3753 560 3819 κατὰ
585 3776 702 3840 κραοιν
724 3779 812 3841 αορα
835 3748 880 3833 ὦς’
902 3758 1001 3839 γρᾶες
1023 3755 1191 3844 γραῦςκαὶ

68 3861 145 3937 νᾶις
167 3861 247 3938 ναῦς
261 3858 294 3940 ¹).
353 3856 401 3922 De
434 3857 536 3939 primo
558 3856 613 3924 illo
633 3856 711 3924 nihil
735 3857 871 3942 amplius
893 3859 955 3926 diei
975 3864 1096 3942 polest„
1129 3859 1191 3924 nisi

69 3954 135 4049 ἀήρ
168 3965 202 4026 el
230 3958 316 4047 αὔρα
350 3962 507 4026 communi
537 3960 598 4026 nili
630 3957 842 4029 bundamenlo.
907 3961 1049 4028 Duorum
1081 3980 1188 4028 mono·

68 4064 274 4147 syllabarum,
308 4082 389 4145 quae
424 4068 499 4129 sunt
528 4062 623 4128 huius
655 4061 776 4146 figurae
802 4066 908 4144 unica,
942 4064 1014 4129 EM.
1041 4063 1114 4130 598.
1140 4063 1188 4148 ll,

138 4306 165 4368 1)
183 4308 234 4360 His
252 4308 344 4361 scholl.
369 4308 399 4363 ll.
427 4307 441 4359 I
463 4240 514 4360 lis
539 4268 682 4358 abutuntur
709 4309 743 4360 ad
770 4306 1001 4360 demonstrandum
1028 4308 1181 4415 adverbium

69 4386 160 4454 αὔτως
176 4395 278 4461 {naara
260 4411 327 4447 aex
345 4391 415 4447 ἇοιέι
416 4399 608 4454 economum
626 4410 693 4450 esse
