2736 4778
189 359 254 424 DE
275 354 549 424 PROSTHESI
569 354 631 419 ET
655 354 918 423 APHAERESI.
945 354 984 422 C.
1004 357 1082 423 VII.
1142 359 1192 432 97

75 543 204 627 jectura
221 542 376 628 positum,
395 539 455 602 sed
467 536 760 602 Grammaticorum
777 537 997 622 interpretatio
1015 539 1094 604 mihi
1110 563 1195 625 quo-

83 665 147 728 que
177 665 293 728 pamm
322 650 401 727 apta
426 637 567 712 wudetun
608 658 705 702 canes
736 637 900 702 venaticos
937 639 1068 721 quidem
1096 653 1196 725 poeta

83 740 218 820 εἰδότας
240 738 353 829 θήρης
375 759 491 803 vocare
514 735 605 812 solet,
628 759 695 802 non
708 737 808 802 duces
824 736 980 802 militares
994 741 1058 822 ¹¹).
1088 741 1196 805 Unius

81 842 244 928 Hesychii
264 840 455 905 auctoritate
465 837 577 903 nititur
590 837 697 924 ’Ὁρκη
722 832 807 923 ton
827 838 932 902 idest
954 833 1039 924 δρκή
1062 840 1198 905 fortasse

85 966 146 1031 per
172 963 316 1007 errorem
338 940 491 1026 scriptum
513 960 573 1024 pro
597 937 722 1024 δορκή,
754 962 830 1003 nam
859 939 893 1003 in
921 938 1054 1003 nomine
1084 939 1200 1004 (lorea-

85 1045 186 1119 dum,
220 1041 311 1126 quod
343 1040 383 1106 ab
417 1041 534 1106 eodem
562 1037 661 1104 verbo
691 1040 853 1124 δέρκομαι
888 1051 1111 1126 propagatum
1140 1051 1199 1116 eat,

89 1139 220 1229 ζδρκες,
250 1139 372 1225 iborae,
400 1137 528 1225 ἴδριες,
562 1139 701 1204 dentalia
730 1138 836 1203 vocali
864 1139 933 1204 iota
960 1152 1102 1226 cognata
1132 1163 1199 1206 non

87 1264 221 1327 prorsus
245 1238 414 1306 evanescit.
450 1236 561 1318 Λῖνός
583 1239 678 1321 παρὰ
700 1239 738 1304 ιδ
761 1237 870 1318 δεινός
891 1244 1001 1330 τροπῇ
1024 1248 1083 1307 τοῦ
1106 1231 1200 1321 ἇιὶς

84 1332 112 1410 ἶ
126 1342 183 1408 καὶ
210 1337 365 1429 ἀποβολῇ
393 1345 454 1406 τοῦ
483 1330 738 1424 δ’Τλιεορζοοολ.
769 1339 851 1406 Can.
873 1340 924 1405 65.
953 1341 1034 1406 EM.
1056 1343 1113 1420 35,
1144 1344 1197 1409 58.

86 1465 185 1529 quarn
210 1453 327 1527 tropen
347 1440 510 1504 illustrant
530 1440 688 1526 exemplis
709 1440 881 1506 verborum
904 1441 1088 1507 doricorum
1107 1446 1201 1511 itroi-

16 1604 18 1611 ,
84 1570 141 1619 νω,
164 1541 305 1629 ‹punina›
327 1544 422 1608 Eunt.
446 1541 540 1616 1648,
563 1542 592 1606 8.
636 1542 691 1606 De
719 1540 781 1606 hoe
808 1541 864 1604 alii
894 1542 987 1607 aliter
1015 1544 1199 1610 ariolantur.

84 1647 195 1728 Δι’ψω
217 1637 287 1710 ἀπὸ
312 1649 373 1711 τοῦ
397 1643 471 1727 ἕψω
492 1642 572 1708 ΕΜ.
598 1641 647 1718 15,
670 1642 722 1707 35.
746 1640 865 1726 quibua
889 1642 1031 1708 diversas
1057 1646 1200 1731 origines

87 1743 254 1829 assignavi
277 1742 402 1808 Techn.
427 1744 500 1808 284.
543 1743 590 1807 Iia
619 1743 674 1827 qui
702 1743 893 1829 particulam
916 1738 938 1831 ij
967 1769 1008 1811 ex
1031 1746 1070 1832 δή
1098 1760 1201 1814 ortam

86 1840 327 1922 conserenteis
355 1840 386 1910 εἰ
416 1844 472 1910 καὶ
500 1848 561 1910 τοῦ
587 1845 648 1923 μία
677 1838 925 1929 ἀφαιρεθέντος
953 1852 1011 1912 roei
1044 1836 1075 1928 ιι
1097 1848 1131 1914 ἐν
1151 1856 1200 1935 τῷ

86 1944 123 2013 i‘u
145 1941 166 2031 ἢ
189 1948 248 2009 τοῦ
271 1950 352 2027 γαῖα
374 1943 407 2009 ἐν
429 1946 478 2031 aqi
500 1936 579 2020 αἶα,
607 1942 794 2028 obloquitur
814 1945 1032 2030 Apollonius:
1063 1950 1202 2032 primum

88 2069 157 2112 non
179 2054 328 2110 constare
347 2054 456 2108 utrum
478 2043 566 2108 delta
589 2043 750 2126 abjectum
778 2067 820 2107 an
848 2044 996 2108 additum
1019 2046 1076 2109 sit:
1109 2055 1202 2133 πρῶ·

86 2173 145 2215 τον
166 2146 199 2213 τί
222 2140 291 2229 (οὗ)
314 2145 442 2224 μᾶλλον
467 2137 485 2209 ὁ
516 2139 538 2228 ἤ
566 2141 776 2210 πεπλεόναιιε
797 2133 905 2230 ορῖδς
939 2141 1014 2211 ἀλλ’
1043 2143 1124 2226 ἴσως
1152 2175 1204 2229 τις

87 2245 210 2335 φήσειε
226 2251 333 2313 ταῦτα
352 2244 408 2312 καὶ
426 2239 620 2323 πλεονάζειν
638 2243 694 2309 καὶ
712 2243 840 2310 λείπειν
855 2245 898 2310 τοὶ
918 2243 1090 2333 σύμφωνοι,
1112 2248 1203 2318 ὅπου

86 2350 124 2434 ye'·
139 2372 251 2435 φαμεν
263 2346 326 2424 τὰς
343 2343 448 2423 ἰωκάς
464 2345 589 2422 διωνάς
604 2338 689 2410 εἶναι
705 2344 760 2410 καὶ
779 2343 836 2430 τῆν
851 2339 989 2433 δίχορδον
1003 2342 1130 2434 ι’ἔχερον,
1146 2350 1204 2418 καλ

88 2446 184 2531 παρὰ
199 2445 238 2513 τὸ
259 2445 308 2512 tto
329 2445 417 2528 ὕδωρ
430 2447 472 2511 de
484 2446 660 2530 conjuro.
691 2446 757 2510 Hic
773 2445 874 2530 igitur
889 2443 971 2532 ἰωκή
988 2448 1077 2530 (nam
1095 2463 1202 2515 cetera

87 2548 170 2612 nihil
189 2547 234 2610 ad
255 2546 337 2629 rem)
366 2569 386 2609 a
413 2543 523 2613 διώκω
549 2547 727 2611 derivatum
751 2548 877 2624 statuit,
905 2548 1006 2632 idque
1036 2550 1202 2635 approba·

88 2649 179 2714 tione
201 2669 267 2711 non
288 2646 461 2732 indignum
481 2647 624 2723 videtur3
647 2671 723 2711 nam
748 2648 867 2733 siquis
891 2662 1004 2714 contra
1026 2651 1113 2715 dieat
1134 2653 1202 2738 pri-

87 2749 236 2814 mitivum
257 2769 329 2813 ease
352 2745 405 2826 tot,
434 2745 514 2834 ι’ωή,
545 2759 577 2813 et
602 2749 677 2813 hino
700 2750 833 2814 ductum
861 2748 975 2834 διὀμαι
1005 2754 1137 2838 proprie
1161 2755 1202 2820 de

87 2852 129 2915 iis
153 2850 218 2914 dici
240 2849 295 2933 qui
318 2848 517 2934 fugientibus
538 2850 659 2914 instant
681 2863 713 2914 et
738 2874 811 2916 cum
834 2849 974 2916 clamore
999 2876 1202 2938 persequan-

88 2966 151 3029 tur,
172 2951 287 3016 itidem
308 2963 344 3014 ut
363 2951 428 3036 βοή
451 2948 624 3038 (βοήδόος,
646 2949 827 3033 πιζοβδας)
853 2965 885 3015 et
907 2952 1009 3039 ἐνοπή
1034 2954 1098 3018 (liei
1121 2938 1211 3019 solet!

89 3054 131 3118 de
154 3049 294 3116 tumultu
318 3048 507 3115 bellantium
529 3052 640 3119 Sahal.
662 3053 706 3114 A.
728 3053 771 3114 ad
789 3052 829 3114 Il.
851 3051 967 3116 XVII.
992 3053 1063 3116 714.
1087 3054 1121 3116 id
1143 3056 1205 3118 mi-

88 3178 151 3219 nus
174 3152 327 3218 convenit
347 3152 390 3216 ad
413 3150 577 3235 προΐωξις
607 3163 640 3215 et
672 3151 846 3229 παλίωξις.
895 3150 1011 3235 Itaque
1041 3153 1206 3236 sequimur

91 3256 281 3342 opinionem
305 3254 482 3338 antiquitus
504 3251 689 3337 vulgatam:
718 3247 842 3333 ι’ωχμός
870 3247 945 3318 κατ’
974 3250 1124 3339 ἔλλειψιν
1144 3261 1206 3322 τοῦ

89 3346 114 3424 δ
135 3357 191 3422 καὶ
214 3351 297 3436 imur}
322 3355 416 3420 Euat.
429 3355 501 3430 701,
522 3352 572 3418 16.
593 3349 696 3439 διωκὴ
721 3348 815 3439 innuli,
838 3351 1023 3440 Διωξίππη
1040 3350 1204 3442 Ἴωξίππη

93 3459 219 3543 (omiss.
242 3457 282 3520 *in
305 3456 422 3538 Thes.)
444 3456 524 3520 EM.
546 3453 629 3531 426,
655 3453 707 3517 47.
731 3454 887 3538 Sequitur
914 3468 949 3519 ut
978 3455 1019 3521 de
1042 3457 1206 3542 prostheai
1260 3476 1267 3491 ‘

93 3561 250 3624 dicamus.
297 3558 399 3639 Quod
427 3556 517 3642 apud
547 3553 752 3638 Hesychium
777 3555 896 3640 legitur
923 3556 1036 3640 Δι’ψοι
1062 3556 1206 3641 βλάψαι,

91 3661 286 3746 interpretes
307 3659 490 3746 imperitiae
508 3655 754 3740 Lexieographi
772 3655 935 3742 imputant
957 3656 1022 3723 duo
1047 3660 1207 3727 voeabula

93 3756 124 3826 δ’
150 3758 232 3845 ἴψαι
253 3760 424 3844 conjuncte
445 3758 584 3844 legentis
611 3768 648 3822 ut
669 3768 765 3821 antea
786 3757 932 3844 Δομάρη
956 3752 1081 3840 δχετδς,
1103 3765 1207 3828 Δελε-

84 3858 179 3947 ’διόνρ
200 3854 355 3941 ὀσμύλος,
368 3859 507 3941 Δαιάζω
527 3853 669 3940 ιἰναβοῶ,
689 3858 748 3922 sed
764 3857 891 3924 videtur
905 3859 945 3924 ab
961 3859 1023 3924 ista
1035 3861 1206 3928 Gramma-

92 3962 231 4027 ticorum
258 3960 384 4047 haeresi
413 3959 624 4047 profluxisse,
654 3959 706 4024 oui
730 3982 766 4025 se
788 3961 938 4046 adjungit
964 3960 1074 4027 Schol.
1098 3959 1205 4026 Paris.

164 4190 204 4252 ll)
223 4187 254 4241 Si
273 4186 345 4242 illud
364 4190 439 4258 apud
457 4186 579 4258 aliquem
597 4185 760 4241 inferiorum
776 4195 922 4257 poetarum
940 4185 1098 4255 legeretur,
1116 4186 1207 4243 facilia

92 4275 169 4329 foret
182 4272 321 4328 correctio
333 4274 436 4340 λδμονιι
452 4271 544 4346 θήρης.

144 4359 387 4407 hobaek.1’athot.
977 4353 995 4418 7
