2736 4778
170 304 236 401 nn
256 331 524 403 raosrnnm
544 331 606 400 nr
627 329 890 401 neumausi
924 330 1007 400 cr.
1040 331 1108 418 §.a
1156 334 1205 408 so

95 511 184 586 ἔστιν
218 512 414 603 ἀπύπτερσς
445 517 503 585 καὶ
533 516 619 584 κατὰ
652 517 820 607 σννγιοπὶμ
857 510 1006 605 ἀπιερος
1033 511 1053 587 ὁ
1082 514 1208 608 ῥᾳδίως

95 611 363 704 ἀποπεσόμινος,
386 619 487 685 altera
508 611 697 705 ἀγύπσερος
721 617 807 686 κατὰ
829 642 918 702 coyt.
941 611 1103 705 ἀπσερος,
1132 616 1205 704 qui-

93 740 168 785 cum
203 721 350 787 concinit
379 720 566 806 Hesychius
593 714 826 803 Ἆγσπσερέως
858 718 992 801 ταχέως.
1048 720 1160 787 Tertia
1187 742 1207 785 a

94 843 241 908 syncope
269 824 416 906 sejuncta
443 817 511 890 ἀπὸ
541 823 599 888 τοῦ
630 816 756 906 πτερόν
788 815 932 904 πνερεός
959 815 1027 905 (ὦς
1054 818 1206 907 στερεός)

92 923 150 989 καὶ
179 921 264 1005 μετὰ
292 928 352 991 τοῦ
380 923 572 991 ἀπιτστνκοῦ
603 947 625 987 α
648 917 861 1006 ἀπτέρεος(
842 946 862 987 ο
884 915 1101 1007 τοχύπσερος,
1123 921 1208 989 tao

88 1020 132 1091 ,τὸ
159 1017 375 1111 ἐπίρρημα
356 1022 543 1108 σπτερέως,
575 1021 628 1087 cui
657 1021 712 1087 alii
740 1022 868 1108 epsilon
895 1022 1134 1110 pleonasticum
1155 1044 1207 1088 aa·

96 1123 228 1208 signant
250 1147 278 1190 v.
299 1124 389 1191 Diss.
411 1125 476 1191 III.
493 1146 522 1191 c.
543 1120 590 1191 11.
616 1126 642 1207 ξ.
660 1123 691 1189 2.
734 1125 843 1208 Hujus
865 1125 953 1190 varia
971 1123 1057 1189 illa
1047 1136 1207 1211 interpre-

96 1234 236 1293 tamenta
257 1227 299 1291 ad
320 1249 418 1293 unam
434 1225 605 1298 celeritatis
616 1224 784 1290 notionem
794 1225 938 1292 revocari
953 1237 1110 1312 possunt;
1132 1248 1208 1291 nam

85 1327 151 1412 qui
183 1328 328 1396 celeriter
359 1329 444 1415 agit,
474 1327 564 1393 idem
592 1326 693 1392 modo
726 1326 873 1393 alacriter
903 1327 972 1413 agit
1000 1339 1032 1392 et
1058 1325 1206 1411 libenter,

91 1429 192 1497 modo
218 1430 348 1508 leviter,
377 1429 566 1495 festinanter
586 1428 815 1513 incurioseque
836 1427 1021 1516 (ἐλαφρῶς,
1042 1425 1206 1516 ἠμελημέ-

91 1555 173 1610 νως,
200 1523 426 1615 ἀπροθύμως,
444 1529 547 1616 'quod
568 1531 721 1595 Karsten.
749 1530 912 1596 adParm.
936 1555 969 1619 p.
991 1529 1043 1595 62.
1065 1530 1099 1594 in
1122 1555 1207 1615 προ-

91 1628 213 1715 θύμως
241 1632 432 1698 mutandum
461 1631 611 1719 putavit).
664 1633 793 1698 Horum
819 1632 920 1717 igitur
940 1642 1088 1696 auctores
1110 1629 1207 1717 alpha

92 1731 285 1799 intentivum
311 1733 383 1799 tuiti
410 1745 487 1799 sunt
510 1745 542 1799 et
570 1733 633 1799 hoc
656 1735 755 1800 modo
778 1757 856 1799 usus
876 1746 928 1799 est
946 1733 1159 1801 Parmenides
1174 1754 1204 1799 v.

89 1833 144 1899 15.
169 1829 253 1922 ὀχῆα
276 1827 363 1903 ὦσαι
387 1830 558 1920 ἀπτερέως
584 1836 619 1900 id
641 1847 690 1900 est
711 1848 854 1952 promte,
884 1848 916 1902 et
938 1836 1089 1903 Eudocia
1113 1834 1206 1919 ἔρχο-

92 1961 154 2020 μοι
177 1928 348 2022 ἀπτερέως
369 1936 473 2001 idest
495 1935 649 2013 celeriter,
671 1960 724 2002 cur
735 1937 910 2005 Jacobsius
928 1948 1034 2002 tamen
1049 1935 1203 2002 adAnth.

93 2060 127 2123 p.
145 2035 220 2103 479.
243 2031 430 2122 σύπτερέως
451 2036 603 2103 substitui
620 2037 690 2101 vult
705 2037 849 2121 quamvis
861 2038 1025 2121 ignotum3
1046 2037 1080 2100 in
1092 2035 1204 2120 Apoll.

90 2137 145 2207 IV
145 2186 155 2203 .
177 2136 270 2203 1764.
301 2135 359 2203 ubi
388 2137 430 2202 de
452 2139 717 2222 Argonautarum
738 2137 845 2202 reditu
867 2148 900 2201 et
924 2136 1048 2201 itineris
1069 2135 1135 2200 fine
1155 2134 1206 2200 lo-

94 2238 204 2323 quitur
223 2244 339 2304 arico
361 2233 393 2304 δ’
420 2231 593 2324 ἀπτερέως
614 2237 671 2306 διὰ
698 2242 817 2324 μυρίον
839 2230 941 2322 οἶδμα
963 2233 1118 2314 λιπόντες
1139 2232 1206 2304 Αἰ·

91 2339 185 2427 μένης
205 2332 345 2427 ἀκτῇσιν
370 2336 570 2420 ἐπέσχεθον,
599 2338 783 2408 Scholiasta
809 2335 946 2420 τάχιστα
968 2339 1206 2427 interpretatur,

91 2437 303 2509 Wernickius
329 2438 373 2504 ad
402 2438 526 2526 Tryph.
554 2463 584 2505 v.
612 2441 663 2507 86.
691 2442 922 2508 convenienter
946 2441 1110 2507 homerico
1130 2439 1205 2528 epi-

92 2541 183 2607 theto
211 2543 320 2615 tarde,
350 2550 486 2627 uterque
511 2552 587 2628 apte
608 2543 651 2609 ad
673 2542 884 2619 sentcntiam3
898 2565 986 2607 ‘nam
1007 2541 1039 2606 in
1064 2553 1206 2606 extrema

92 2641 305 2732 proiectionis
334 2652 426 2727 parte
455 2641 601 2709 alacritas
629 2643 729 2709 eundi
757 2643 856 2711 modo
876 2642 1077 2719 incenditur,
1105 2640 1205 2707 modo

91 2741 302 2818 defervescit;
334 2741 416 2809 alius
445 2742 581 2809 forsitan
611 2738 787 2824 ἀσπασίως
816 2745 971 2832 scriptum
999 2745 1098 2811 malit.
1148 2743 1205 2812 Ad

90 2843 264 2915 ablativum
290 2842 560 2928 significationem
592 2846 776 2932 propendet
795 2845 929 2912 verbum
944 2841 1206 2933 Ἀπτορύσσεσσι

90 2947 232 3017 πέσωσι
265 2945 347 3011 Hes.
379 2955 413 3011 et
444 2946 535 3032 quod
565 2946 601 3013 in
627 2948 719 3013 Aret.
753 2947 844 3012 1008.
877 2947 1043 3032 vrrlgatum
1071 2957 1122 3012 est
1148 2944 1206 3013 acl

90 3042 286 3133 ὑπότροποι
314 3040 545 3133 inceptione«.
595 3047 735 3115 Vossius
762 3046 816 3112 hic
836 3070 879 3112 ex
899 3048 1023 3132 aliquot
1044 3047 1140 3113 codd,
1163 3034 1206 3114 αὖ

92 3142 291 3230 πτερύονται
316 3147 451 3234 recepit,
476 3149 535 3215 sed
557 3143 745 3231 accolonos
768 3169 833 3213 non
856 3147 961 3215 solum
984 3170 1088 3232 aeque
1107 3148 1205 3232 igno·

90 3246 195 3315 rabile
224 3258 274 3312 est
298 3259 335 3313 nt
356 3243 582 3334 ἀπσσρύομσν,
613 3257 682 3315 tum
710 3247 807 3315 etiam
827 3249 868 3314 ab
892 3248 1044 3334 analogia
1064 3247 1205 3324 laborat3

91 3368 234 3434 namque
261 3370 329 3415 non
357 3348 399 3415 ab
428 3349 517 3416 omni
536 3370 657 3437 genere
678 3350 845 3417 nominum
871 3351 947 3417 talia
967 3350 1129 3439 proficisci
1149 3371 1204 3417 so·

91 3449 162 3517 lent
181 3450 242 3519 sed
264 3449 344 3515 ab'‘
323 3473 364 3514 us
381 3451 480 3517 modo
499 3473 584 3536 quae
601 3451 637 3519 in
657 3478 695 3533 υς
725 3465 758 3520 et
785 3466 963 3532 veneunt,
993 3448 1119 3539 γηρύω,
1145 3476 1207 3536 με·

91 3549 179 3630 θύω,
202 3546 292 3621 ἀλύω
314 3562 374 3617 etc.
395 3576 425 3617 v.
449 3552 574 3627 Techu·
597 3553 670 3621 206.
695 3566 728 3621 et
748 3566 915 3643 receptum
938 3564 1046 3620 tuetur
1066 3575 1203 3670 graecus

92 3644 270 3741 interpres·
292 3655 329 3722 τὸ
359 3680 380 3721 α
400 3654 590 3741 προςὲθηκε
613 3653 725 3723 διὰ
692 3680 729 3721 co
750 3659 879 3743 μέτρον,
901 3680 962 3746 pro
985 3679 1050 3742 quo
1074 3655 1120 3721 sic
1142 3677 1204 3742 po·

93 3755 158 3840 tius
180 3755 327 3837 dixerim,
349 3755 515 3843 quomodo
536 3756 704 3823 Homerus
724 3776 784 3843 pro
808 3756 1050 3848 έξαφύσσοντες
1074 3767 1205 3823 coactus

94 3857 274 3925 aedicere
298 3855 553 3947 ἐξαφύοντες,
528 3880 576 3924 src
585 3858 723 3923 Aratum
743 3878 803 3948 pro
827 3854 1089 3943 ἀπτορύσσονναι
1111 3878 1206 3924 usur·

93 3980 192 4047 passe
213 3955 434 4046 ἀπτερύοντσι
465 3972 497 4025 et
521 3958 607 4025 hunc
637 3981 710 4026 esse
734 3959 1074 4048 paraschematismum
1097 3959 1207 4024 usitati

94 4057 346 4141 ἀποπέτεσθσι,
379 4082 439 4128 nec
476 4061 593 4151 procul
628 4062 746 4129 ‹listare
785 4058 1063 4148 ἀνσπτερογέζειν.
1120 4058 1208 4127 Illud

93 4161 228 4252 quidem
247 4161 318 4247 jam
344 4173 470 4231 veteres
502 4161 609 4231 testati
639 4174 715 4231 sunt
740 4162 902 4251 magistri,
932 4161 1208 4249 praepositionem

92 4259 224 4354 'plenam
246 4285 345 4352 saepe
370 4262 549 4333 succedere
558 4262 733 4352 loquclr‘tri:
756 4259 934 4349 ἀπότριχες
954 4256 1127 4352 οὶάνηβοι
1149 4267 1209 4353 τῆς
