2736 4778
193 342 251 409 DE
275 342 829 426 1111111181111111111111111.
861 344 895 412 Ρ.
907 346 948 412 Π.
971 345 1058 413 011.
1081 349 1108 434 ἓ.
1122 348 1150 413 3.
1187 348 1246 415 103

128 509 253 592 generis
292 507 347 589 sit,
381 527 422 573 an
455 507 589 591 simplex
620 515 657 574 ut
690 504 837 595 dtanpd,
867 509 1026 596 κνέωρον,
1059 529 1193 593 quorum
1215 513 1248 578 in

131 617 264 677 accentu
297 611 508 677 inconstantia
536 611 630 677 huius
652 613 884 678 terminationis
906 615 1034 695 propria
1056 621 1118 693 est,
1154 634 1183 679 v.
1206 617 1244 681 ad

127 714 247 781 Buttm.
269 712 368 797 406²)
393 747 429 760 —
456 711 550 799 Πράν
582 734 603 779 a
635 713 801 781 Theocrito
834 721 1022 798 usurpatum
1050 736 1108 798 pro
1137 714 1247 805 ποοήν
1342 720 1345 724 ’

127 822 259 899 propter
291 816 418 882 dialecti
450 816 667 883 diversitatem
688 818 807 882 omitto.
833 857 867 865 —
894 817 1086 884 Particulam
1117 825 1186 902 poio
1209 840 1247 886 er

127 918 173 1006 μὴ
188 912 247 984 oda
269 917 436 986 conflatam
458 938 530 986 esso
551 919 744 1002 diphthongo
767 924 810 991 ὀῖῖ
832 920 1027 988 inDoricum
1048 926 1075 992 ‹T›
1086 941 1246 1004 conversa,

127 1023 312 1105 Apollonius
332 1027 368 1087 et
387 1022 587 1089 Herodianus
609 1023 824 1105 consentiunt,
858 1044 885 1090 v.
909 1024 1035 1090 Velsen.
1058 1026 1099 1091 ad
1121 1026 1246 1107 Fragm.

128 1125 284 1207 Tryphp.
298 1124 349 1206 36,
372 1126 467 1208 idque
489 1125 662 1207 simplicius
685 1132 736 1191 cst
757 1144 852 1207 quam
874 1127 966 1208 quod.
990 1127 1022 1192 in
1034 1126 1106 1193 EM.
1119 1126 1191 1203 596,
1203 1128 1245 1194 26

127 1227 242 1294 dicitur
275 1223 345 1294 dab
374 1233 433 1296 τοῦ
456 1225 501 1317 μή
526 1229 579 1295 καὶ
603 1233 662 1296 τοῦ
685 1221 740 1294 οὖν
764 1223 915 1316 ἀποβολῇ
938 1233 997 1296 τοῦ
1017 1232 1049 1316 ἦ,
1083 1231 1140 1295 sed
1161 1249 1245 1297 oom-

125 1330 289 1414 positionis
323 1332 475 1398 memoria
506 1332 675 1399 obliterata
706 1332 848 1398 nonnulli
879 1336 949 1416 μῶν
971 1325 1017 1420 μή
1050 1335 1245 1414 invexerunt,

126 1454 154 1499 v.
176 1433 347 1500 Hermann
380 1436 422 1500 ad
444 1435 549 1518 Vigor.
573 1433 635 1500 765
670 1434 711 1519 [v.
735 1453 803 1516 cap.
825 1434 875 1501 111
907 1436 925 1521 ᾗ
949 1435 968 1500 3
1003 1436 1073 1520 er.].
1099 1475 1135 1484 —
1166 1436 1246 1503 Cum

125 1539 195 1618 μῶν
227 1536 323 1603 schol.
346 1537 436 1604 Dion.
460 1537 599 1605 Gramm.
623 1557 652 1620 p.
675 1536 738 1604 960
765 1537 961 1619 ineptissime
984 1538 1106 1605 confert
1137 1543 1245 1624 μῶρος

124 1639 158 1706 id
180 1644 230 1705 est
250 1635 387 1727 μήωρος
409 1641 537 1707 scilicet
552 1678 589 1689 —
604 1640 638 1706 Si
660 1640 745 1722 apud
766 1639 960 1723 Hesychium
984 1646 1070 1706 recte
1092 1643 1245 1725 scriptum

125 1749 175 1809 est
197 1743 329 1831 ξυνῆνες
351 1742 521 1826 κοινωνοί,
556 1763 575 1809 a
598 1739 693 1822 ξυνός
713 1762 776 1809 non
798 1743 899 1810 solum
922 1741 1047 1832 ξυοήων
1069 1746 1246 1811 derivatum

126 1853 186 1927 est,-
207 1847 265 1913 sed
277 1847 374 1912 etiam
386 1843 493 1934 ξυνῆν,
504 1848 588 1930 quod
599 1846 714 1914 Dorice
727 1843 824 1926 ξυνᾶν
835 1847 960 1930 dicitur,
971 1846 1244 1915 r.Elemm.1333.

209 1950 238 2034 fi.
259 1948 291 2015 4.
335 1949 527 2016 Particulam
551 1946 600 2032 ζό,
622 1969 686 2033 qua
707 1950 822 2016 Aeoles
843 1971 901 2034 pro
933 1951 1166 2034 praepositione
1189 1947 1244 2018 διά

124 2054 175 2119 usi
198 2052 358 2133 dicuntum
392 2053 493 2118 critid
525 2070 583 2135 pro
610 2051 671 2118 hac
692 2052 762 2134 ipsa
783 2053 817 2118 in
839 2053 996 2120 Theocriti
1018 2053 1156 2119 carmine
1179 2053 1243 2120 Do·

125 2157 191 2223 rico
223 2157 401 2238 ponendam
434 2174 505 2222 esse
528 2155 742 2222 coniecerunt:
777 2154 817 2237 ζὰ
845 2155 905 2221 cdv
928 2154 990 2222 σὰν
1011 2151 1114 2223 ἰδέαν.
1159 2155 1244 2221 Alibi

123 2258 182 2326 hoc
203 2258 366 2325 intellectu
386 2277 450 2324 nou
470 2259 629 2325 invonitur
650 2258 712 2324 nisi
732 2259 766 2323 in
788 2258 969 2340 compositis
982 2253 1119 2341 ζάθεος,
1144 2258 1242 2342 ζαμε-

124 2361 190 2449 νής,
214 2359 401 2445 ζάπλουτος
415 2362 439 2445 ¹)
461 2361 569 2444 alpha,
601 2362 686 2444 quod
707 2361 740 2427 in
763 2360 949 2428 Theocriteo
972 2361 1011 2443 ζά
1032 2361 1161 2444 longum
1184 2368 1242 2442 est,

124 2472 268 2548 correpto
289 2470 324 2535 et
344 2483 407 2530 non
429 2465 541 2531 eadem
562 2468 736 2547 potestate,
758 2463 816 2529 sod
837 2482 896 2545 pro
917 2463 1067 2532 adverbio
1089 2466 1243 2532 intentivo

122 2574 160 2635 ut
192 2567 407 2651 inseparabile.
431 2563 473 2632 δά
506 2573 539 2633 et
564 2585 659 2649 saepe
681 2567 830 2634 Latinum
844 2587 923 2651 per,
957 2568 1042 2650 quod
1074 2573 1241 2650 utramque

123 2670 383 2754 significationem
404 2670 624 2753 complectitur
646 2669 1005 2757 [v.Pathol1202sq.].
1049 2669 1132 2737 Nam
1154 2671 1238 2753 quod

123 2774 160 2842 G.
182 2772 365 2842 Dindortius
386 2774 420 2839 in
442 2772 726 2841 Tirocinium
748 2773 782 2839 in
803 2773 906 2839 tribus
917 2773 1138 2856 Aristophanis
1159 2775 1239 2840 locis

124 2873 161 2960 ζά
189 2877 286 2945 scribi
306 2877 399 2942 iussit
420 2895 478 2958 pro
500 2873 573 2958 διά,
607 2894 670 2942 non
692 2877 794 2957 magis
816 2877 1087 2959 comprobatorem
1109 2879 1237 2958 invenit,

122 2999 217 3065 quam
233 2979 317 3064 quod
334 2979 367 3044 in
387 2979 519 3046 totidem
530 2978 679 3060 Aeschyli
701 2975 816 3063 κᾶρζᾳ,
839 2979 923 3060 quod
946 2979 1080 3062 simplici
1102 2980 1147 3045 illi
1164 2981 1237 3048 EM.

122 3091 272 3167 tanquam
284 3082 385 3150 simile
397 3081 540 3164 apponit3
551 3080 753 3147 Hermannus
769 3100 844 3148 vero
856 3082 898 3149 ad
910 3080 995 3165 Sept
1010 3083 1069 3148 271
1091 3083 1240 3168 καρδία

121 3187 224 3270 inquit
254 3208 311 3255 aec
343 3183 479 3272 syrtim
508 3181 698 3268 depilatum
718 3182 763 3270 fit
800 3194 829 3246 ot
864 3184 962 3248 amello
995 3185 1098 3249 mrbus
1123 3179 1238 3272 ’κάρζα

121 3287 327 3355 sorbendam.
372 3287 482 3371 Neque
514 3287 692 3369 probationi
724 3284 841 3355 sufficit
862 3287 1051 3371 disyllabum
1072 3289 1105 3354 in
1127 3296 1237 3371 penta-

120 3397 222 3460 metro
244 3390 339 3459 Anth
361 3391 442 3473 App.
464 3410 494 3457 n
517 3389 580 3457 233
602 3382 709 3472 ὄχθος
731 3388 849 3471 ἔχουσα
872 3389 1002 3478 κραδίη,
1025 3392 1110 3474 quod
1125 3376 1238 3458 Jacob-

120 3496 187 3563 sius
207 3514 238 3578 p.
261 3492 324 3560 937
346 3494 467 3561 auctori
489 3494 657 3562 recentiori
678 3493 918 3563 condonandum
941 3499 1056 3560 censet
1077 3533 1112 3544 -
1133 3495 1238 3563 Nihilo

186 3733 320 3804 Upim.
337 3736 365 3788 Il
381 3731 434 3789 965
451 3730 570 3807 τιμωρός
593 3730 671 3808 παρὰ
697 3730 728 3788 ad
755 3730 819 3803 11μὴ
837 3735 883 3788 καὶ
900 3729 931 3789 τὸ
949 3731 1013 3806 dani
1030 3731 1061 3790 τὸ
1079 3732 1240 3808 φυλάττωῆ

119 3818 196 3895 παρὰ
222 3823 260 3891 πᾳ·
286 3821 334 3875 τοῦ
362 3815 488 3893 πυλωρός
505 3816 602 3876 κανόνι
628 3837 679 3876 sor.
705 3813 816 3892 ἢπαρὰ
842 3817 872 3875 τὸ
899 3817 968 3890 ὁρῶ·
994 3817 1119 3885 ὀξύνεται
1136 3826 1172 3892 τῷ
1191 3824 1239 3877 τοῦ

119 3903 247 3983 πυλωρός
265 3903 370 3974 κανόνι,
389 3910 423 3962 do
441 3925 492 3977 quo
511 3909 607 3965 Goottl.
624 3907 688 3963 Aac.
706 3905 769 3962 200.
819 3909 906 3962 11111
922 3909 994 3962 hunc
1011 3913 1091 3963 otiam
1109 3905 1239 3980 τηλουρός

121 4001 275 4050 revocatum
293 4000 341 4058 art,
360 3995 480 4061 quamvis
497 3995 573 4048 alitor
591 3996 772 4064 compositum,
790 3995 838 4049 aad
855 4010 909 4047 nou
927 4000 1086 4050 comisator.

188 4080 215 4144 l)
232 4082 293 4134 Hoc
311 4082 389 4133 ctiam
408 4080 558 4134 Herodotus
576 4083 672 4145 utitur,
699 4083 792 4134 caturia
811 4086 905 4148 poetae
923 4083 1005 4149 opici,
1032 4083 1117 4133 rarius
1136 4081 1240 4148 tragici,

118 4170 214 4222 comici
231 4185 285 4220 non
303 4184 415 4235 usquam
432 4169 483 4220 nial
500 4169 528 4218 in
546 4170 668 4235 caunum
686 4185 747 4220 nam
768 4168 800 4219 da
811 4163 931 4237 ζάκορος,
949 4168 1018 4235 quod
1032 4184 1064 4219 cx
1082 4168 1237 4234 fragmentis

119 4255 236 4319 affamur,
254 4254 410 4322 pardubinm
427 4260 469 4308 cst
484 4269 520 4306 an
538 4269 597 4306 cum
614 4249 671 4320 διά,
689 4261 718 4306 nt
735 4255 910 4306 Buttmannua
928 4255 1030 4320 putarit
1047 4253 1159 4307 herili
1176 4251 1239 4318 220,

121 4345 294 4410 compositum
311 4343 354 4394 sit.
