2736 4778
200 344 265 416 DE
285 347 558 418 PARATIOESI
580 349 642 414 ΕΤ
665 345 940 421 SCRIPTURA.
963 349 1002 417 Ο.
1014 349 1043 417 Ι.
1065 346 1133 438 §.2
1152 357 1236 430 ’549

126 548 176 604 est
196 547 229 603 et
249 538 448 623 semigraecs
467 535 684 622 Magnopolis
706 535 902 602 dicitursed
924 536 989 600 alia
1011 539 1171 622 quaedam
1193 540 1236 607 ob

124 638 381 726 magnitudinem
406 636 452 701 ita
467 647 669 724 nuncupata,
692 638 783 722 quod
797 646 886 702 recte
902 636 972 702 lieri
987 649 1087 724 negat
1097 639 1237 711 Taetzea

124 742 159 806 in
183 738 313 806 Anecd.
338 738 450 805 Oxou.
473 738 634 806 111361.
657 738 828 825 μηδέποτε
842 734 1109 822 Μιγολοόπολιν
1129 739 1240 827 yoniam

126 834 246 930 iilscr.
269 835 329 924 ὡς)
358 838 709 909 Κωνστονιινοόπολιν
734 835 757 925 ἢ
787 834 1082 906 Φιλιπποόπολιν·
1112 833 1153 906 οὐ
1177 841 1240 928 γὰρ

127 936 164 1030 ἦν
185 937 206 1030 ἦ
231 942 342 1029 γενικὴ
362 945 422 1008 τοῦ
437 937 598 1027 Μεγάλου
618 931 639 1026 ἢ
656 934 731 1026 (ὡς)
751 935 1004 1006 Κιονουοινιίνου
1025 939 1084 1006 καὶ
1100 936 1240 1027 Ἀδρια-

128 1048 184 1108 νοῦ
214 1038 297 1110 ὅθεν
325 1041 383 1108 καὶ
405 1037 683 1128 Ἆόριανοόπολις
707 1035 899 1129 γράφομεν,
927 1041 988 1105 sed
1016 1039 1079 1108 boc
1107 1064 1241 1128 quoque

127 1142 282 1209 scientius
297 1136 476 1228 Ἀδριανοῦ
496 1138 597 1220 πόλις
617 1141 768 1208 scribitur
786 1163 817 1205 v.
830 1134 1035 1207 Reitemeier.
1058 1144 1102 1209 ad
1118 1144 1240 1210 Zosim.

126 1245 154 1310 I.
176 1245 230 1321 42,
251 1244 281 1309 2.
304 1254 338 1308 et
357 1242 608 1311 Κωνοιονιίνου
631 1240 734 1322 πόλις
759 1241 869 1330 potius
900 1264 998 1328 quam
1020 1255 1242 1312 contrectent

127 1347 161 1411 in
182 1344 280 1411 Phot.
306 1341 391 1411 coa
411 1343 489 1410 LII.
503 1343 553 1411 18.
575 1345 666 1431 quod
681 1355 770 1410 vetat
787 1343 975 1432 Stephanus
990 1345 1241 1414 Κιινοιονιίνου

129 1444 230 1524 πόλις
261 1442 320 1514 dio
347 1445 433 1533 μέρη
461 1442 520 1510 καὶ
551 1445 588 1528 ἐξ
615 1439 723 1513 αὐτῶν
750 1446 1129 1535 Κωνσνονιινοπολίτης.
1173 1449 1240 1515 Ηὶο

128 1550 194 1613 duo
223 1547 327 1634 prima
350 1546 451 1614 verba
477 1546 664 1614 Meinekius
694 1544 862 1634 compegit
891 1548 926 1613 in
955 1570 1055 1613 unum
1085 1550 1239 1637 apposito

125 1650 189 1714 alio
211 1648 361 1735 exemplo
378 1643 566 1738 Ἀμιγόξιον
587 1645 648 1716 dio
669 1648 773 1735 μέρη·
794 1649 833 1716 τὸ
851 1646 889 1728 ἐξ
905 1641 1007 1715 αὐτοῦ
1021 1642 1239 1739 Ἇιιφαξζτης.
1294 1720 1303 1727 ,,

124 1754 248 1820 Verum
272 1760 382 1815 tamen
404 1748 605 1838 praepositio
631 1748 758 1816 facilius
778 1770 877 1836 quam
898 1749 1061 1836 genitivus
1083 1772 1163 1817 eum
1178 1773 1240 1819 no·

125 1853 211 1919 mine
234 1850 298 1918 sibi
320 1850 468 1937 subjecto
490 1854 654 1919 confluere
676 1853 785 1940 potuit
806 1874 844 1918 ao
864 1873 906 1918 ns
928 1851 990 1919 hoo
1013 1853 1146 1939 quidem
1168 1874 1240 1920 cer-

126 1966 195 2020 tum
212 1965 341 2021 constat
361 1965 469 2019 utrum
489 1953 568 2020 urbs
582 1956 672 2020 Axio
684 1955 883 2021 circumdata
889 1966 1011 2039 ,vocata
1025 1956 1124 2021 fuerit
1140 1955 1242 2034 πόλις

122 2053 312 2144 Ἀμφόξιος
328 2055 413 2121 sicut
429 2055 555 2122 incolae
566 2050 751 2144 Ἀμφάξιοι
769 2055 928 2148 adjective
938 2065 975 2120 ut
987 2057 1240 2139 Circumpodcnt

127 2168 161 2224 et
187 2156 221 2222 in
246 2171 366 2244 {genere
393 2168 509 2223 neutro
524 2152 728 2244 Ἀμφάξιον,
756 2177 798 2221 an
818 2155 899 2222 illud
925 2179 1044 2223 nomen
1066 2157 1114 2222 sic
1138 2179 1241 2222 enun-

127 2260 248 2325 ciatum
274 2258 373 2324 luerit
400 2267 438 2323 ut
463 2261 512 2324 Ad
540 2276 657 2340 οουοι,
684 2259 779 2342 lasso
815 2258 941 2325 lbebcs.
987 2258 1042 2324 De
1062 2258 1241 2335 vocabulis,

128 2382 213 2447 quae
234 2359 379 2425 aliud'in
402 2360 492 2425 exitu
520 2380 639 2425 nomen
667 2356 808 2438 habent,
842 2356 907 2426 huc
935 2360 1076 2448 pertinet
1098 2355 1243 2428 Ἕλενοό·

127 2485 250 2540 ποννος
272 2462 340 2528 sive
356 2456 591 2539 Ἓλινόνιονιος
612 2459 865 2549 Helenopontus
888 2459 1070 2551 provincia,
1095 2466 1243 2550 Μοψου-

126 2565 222 2631 soalc
253 2562 337 2632 Suid
365 2585 391 2628 s.
419 2558 621 2642 Λόξένιιος,
650 2561 739 2647 quod
769 2561 846 2630 alibi
874 2564 989 2630 melius
1012 2561 1163 2628 scribitur
1183 2584 1243 2649 per

128 2665 284 2731 diastasin
312 2664 477 2750 quomodo
506 2662 643 2730 Ciliciae
669 2665 830 2754 oppidum
850 2663 985 2756 Μόψου
1013 2656 1115 2754 κρήνη
1141 2663 1240 2731 Phot.

128 2766 213 2833 Cod.
238 2765 428 2834 CCLVIII.
450 2766 522 2831 788.
546 2776 578 2832 et
602 2766 654 2830 all.
677 2768 768 2854 apud
780 2767 920 2832 Latinos
943 2769 1051 2833 autem
1072 2786 1159 2833 nunc
1181 2789 1241 2854 per

127 2866 298 2954 synthesin
317 2867 555 2954 Mopsocrene,
583 2889 670 2933 nuno
691 2869 799 2934 minus
828 2870 998 2937 commode
1017 2868 1242 2955 Mopsucrene

127 2993 158 3035 v.
183 2971 322 3057 Interpr.
348 2969 390 3033 ad
411 2968 574 3034 Ammian.
596 2969 698 3034 XXI.
721 2970 772 3046 15,
795 2971 825 3035 1.
848 2971 932 3035 sicut
952 2975 1141 3052 termulano,
1163 2973 1242 3034 adc-

127 3074 318 3154 tlunepbrcr·
361 3070 403 3135 In
429 3072 522 3135 Arat.
548 3091 578 3135 v.
609 3068 682 3135 216.
711 3091 773 3156 pro
802 3064 960 3148 ιόαλόέος
970 3065 1097 3135 Ἵππου
1122 3066 1245 3155 κρήνης

127 3169 269 3240 Vossius
298 3171 403 3237 edidit
425 3166 668 3258 Ἱππουκρήνης
697 3168 917 3259 amphiboliae
949 3167 1101 3234 vitandae
1134 3183 1242 3245 causa,

128 3272 261 3358 nequis
280 3273 389 3338 ἵππον
407 3266 533 3361 εὐαλδῆ
551 3271 616 3338 dici
631 3282 740 3360 putet3
761 3272 821 3338 sed
837 3272 997 3358 ejusmodi
1015 3270 1243 3357 ambiguitates

128 3374 228 3463 prisci
253 3374 361 3440 minus
386 3373 603 3439 extimuerunt
632 3395 729 3458 quam
755 3375 859 3440 nostri
888 3374 1052 3461 aequales.
1100 3372 1141 3437 In
1170 3374 1242 3437 He-

129 3476 215 3542 siodi
237 3474 302 3540 Tb.
322 3496 353 3539 v.
376 3475 407 3541 6.
432 3476 548 3540 eadam
568 3474 667 3541 verba
686 3477 762 3542 olim
784 3477 900 3561 juncta
923 3474 1103 3563 dispescuit
1124 3474 1243 3541 Goett-

128 3577 250 3664 lingius
283 3575 396 3642 addita
416 3576 544 3642 ratione
569 3599 636 3645 ιιοο
662 3582 745 3644 euim
767 3590 804 3644 ut
819 3573 1038 3655 Ἡλιούπολις
1058 3580 1105 3644 lto
1126 3580 1245 3644 dicitur

123 3676 360 3768 Ἱπποιοιρήνη.
417 3677 486 3746 Sed
512 3675 735 3759 Ἡλιούπολις
769 3701 900 3766 quoque
931 3679 1039 3744 minus
1071 3678 1243 3765 probatum

127 3782 252 3846 iontem
270 3800 348 3846 vero
370 3778 565 3845 caballinum
583 3778 703 3845 Graeci
719 3779 843 3849 Ἵππου
861 3775 981 3869 κρήνην
1003 3780 1118 3846 dicunt
1135 3779 1243 3848 Strab.

128 3882 226 3948 VIII.
251 3880 324 3947 379.
351 3879 410 3968 τὴν
433 3885 494 3948 τοῦ
509 3875 636 3949 Ἵππου
660 3879 782 3970 κρήνην
802 3881 940 3948 Lucian.
969 3882 1041 3976 adv.
1065 3882 1140 3946 Iud.
1162 3885 1188 3964 ξ.
1211 3881 1242 3945 3.

127 3982 241 4049 Latini
265 3982 519 4069 Hippocrenen,
550 4005 647 4068 quam
669 3983 836 4070 synthesim
858 3986 953 4051 enixe
975 3984 1146 4070 impugnat
1170 3980 1243 4047 Sal-

128 4084 251 4150 masius
274 4084 307 4148 iu
327 4086 464 4152 Exerce.
486 4084 572 4151 Plin.
593 4110 627 4173 p.
646 4085 719 4150 834.
743 4089 802 4162 „ia
823 4088 1005 4172 brsjusmodi
1029 4086 1169 4148 locorum
1191 4086 1243 4148 de-

129 4189 416 4263 nominationibus,
450 4207 530 4272 ουοι
556 4208 597 4254 ιο
622 4189 743 4253 ductus
772 4190 976 4253 substantivis
999 4197 1244 4266 componuntur,

130 4293 253 4373 integra
281 4289 345 4354 duo
371 4292 502 4358 nomino
532 4288 645 4357 Graeci
673 4308 793 4373 seraper
813 4291 963 4365 retiacum
992 4306 1047 4353 nec
1073 4288 1155 4352 enim
1173 4283 1244 4352 ‘ln-
