2736 4778
199 362 263 432 mr
284 359 557 431 susurnam
577 359 638 427 ur
662 356 936 430 scauuini.
960 358 1000 429 o.
1013 360 1042 429 1.
1065 362 1090 449 s.
1103 360 1134 429 ο.
1159 363 1234 440 559

123 549 204 617 Urb.
236 550 359 615 ascivit.
411 547 621 615 Grammatici
650 557 687 612 ut
714 546 846 635 hyphen
872 547 1071 634 praeferrent
1097 549 1233 615 fortasse

123 653 221 717 etiam
247 651 310 715 hac
338 650 465 715 ratione
495 648 583 714 ducti
613 661 689 714 sunt
718 650 808 734 quod
843 648 1030 714 adverbium
1051 650 1232 715 medietatis

123 749 263 833 ἓχόνιιος
284 774 446 836 nusquam
466 750 627 815 invenitur
655 749 718 816 nisi
745 750 897 815 alterutro
926 750 1043 815 horum
1068 751 1235 817 nominum

121 852 174 917 vel
196 853 382 938 anteposito
402 853 453 918 vel
477 851 663 941 postposito
693 863 726 917 et
754 853 832 937 qnia
853 863 984 940 praeter
1012 855 1087 930 νοῦς
1112 852 1236 919 nullum

124 966 213 1019 extat
245 952 480 1019 substantivum
521 956 612 1038 cujus
645 955 848 1019 accusativus
887 953 1056 1040 synthesin
1088 954 1235 1040 recipiat,

125 1055 216 1139 quod
243 1055 280 1119 fit
306 1056 339 1121 in
363 1055 521 1140 adjectivo
544 1051 693 1144 νοονεχής
714 1054 891 1121 abeodem
909 1054 1095 1120 Menandro
1123 1066 1236 1120 contra

125 1155 307 1240 analogiam
320 1158 512 1243 'composito
535 1157 575 1222 cf.
592 1158 722 1243 Hagen.
740 1157 830 1223 Diss.
855 1157 896 1221 de
914 1154 1059 1222 Adverb.
1083 1177 1191 1242 graec.
1212 1153 1234 1222 l.

127 1259 177 1322 11.
232 1255 327 1338 Quae
364 1279 441 1323 vero
472 1258 671 1346 Apollonius
704 1281 777 1324 curn
810 1253 1025 1338 νοονεχόντως
1056 1268 1235 1345 comparat,

117 1352 392 1446 Ἀρειοπαγίτης,
422 1357 652 1447 Νεαπολίτης,
684 1353 845 1446 ταῦτότης
867 1380 981 1444 parum
1004 1357 1120 1423 similia
1142 1371 1234 1436 sunt;

126 1481 202 1523 nam
222 1457 302 1523 illud
326 1470 412 1524 certe
435 1459 541 1524 dirimi
563 1470 687 1547 potest,
717 1457 798 1525 haec
818 1459 908 1524 nullo
929 1458 1038 1525 modo.
1082 1460 1149 1525 Pro
1172 1486 1234 1526 κα-

125 1556 292 1645 ρήξανθσς
321 1559 462 1625 Tatiano
500 1562 603 1626 c.10.
633 1585 666 1649 p.
697 1560 749 1626 48.
780 1560 831 1626 ed.
856 1561 927 1627 Ott.
954 1558 1156 1625 reddendum
1186 1573 1236 1626 est

123 1659 323 1726 homericum
357 1657 440 1747 κάρη
477 1657 603 1741 §aveas
638 1662 705 1729 Od.
727 1662 807 1730 XV.
842 1663 913 1728 133.
938 1660 997 1726 sed
1027 1661 1235 1750 participium

121 1760 212 1825 verbi
234 1784 309 1827 cum
337 1757 421 1848 κάρη
443 1763 617 1850 compositi
641 1764 722 1829 nihil
751 1763 886 1830 interest
908 1773 1015 1827 utrum
1043 1759 1234 1851 καρηκομό-

124 1887 223 1940 ιαντες
255 1861 413 1928 scribatur
442 1886 483 1928 an
511 1863 545 1929 ἐν
572 1864 649 1931 δυσὶ
677 1863 794 1950 μέρεσι
823 1860 923 1950 λόγου
950 1865 1045 1931 Eust.
1077 1863 1154 1941 165,
1184 1863 1234 1929 15.

123 1958 381 2051 Ποδάνιπτρον,
406 1964 459 2029 cui
481 1964 692 2030 Grammatioi
715 1965 933 2031 accusativum
962 1961 1055 2030 πόδα
1076 1963 1235 2041 intexunt,

123 2062 222 2149 alpha
242 2086 309 2129 non
330 2065 500 2152 proprium
521 2065 620 2130 habet
641 2066 700 2130 sed
723 2064 932 2130 substitutum
953 2065 1058 2130 vocali
1079 2064 1235 2130 connexi-

123 2185 182 2228 vae
205 2187 288 2249 quae
309 2165 344 2230 in
363 2163 591 2254 ποόόψηστρα
614 2177 647 2230 et
665 2162 897 2252 χειρόνιπτρον
918 2177 1038 2232 statum
1059 2189 1153 2231 suum
1176 2166 1235 2232 ob·

124 2265 222 2330 tinuit
241 2289 271 2331 v.
298 2267 340 2332 ad
361 2266 440 2332 Phr.
462 2266 534 2331 689.
578 2266 787 2350 Adjectivum
808 2262 1031 2350 ὀνομάκλυτος
1054 2267 1237 2334 Scholiasta

124 2366 165 2431 Il.
187 2367 299 2433 XXll.
317 2368 369 2433 51.
393 2368 568 2453 syntheton
591 2390 663 2434 esse
685 2378 849 2434 asseverat
872 2379 905 2432 et
924 2367 1160 2455 refragantibus
1183 2365 1237 2435 ὅτι

125 2461 184 2534 οὐκ
201 2465 290 2535 ἔστιν
313 2467 351 2547 ἐξ
372 2462 548 2552 οὐδετέρου
578 2468 635 2534 καὶ
665 2461 841 2553 ἀρσενικοῦ
868 2464 1029 2535 σύνθετόν
1054 2495 1105 2549 τι,
1131 2491 1237 2557 paene

123 2568 326 2656 triumphans
348 2568 391 2635 ob
414 2569 526 2635 oculos
549 2571 644 2657 ponit
659 2566 844 2649 Ἀστιάναξ
868 2579 900 2635 et
924 2568 1235 2659 ποιηματογροὶφος.

123 2671 202 2735 Hoc
223 2669 454 2737 alienissimum
477 2682 542 2749 est3
573 2671 632 2737 sed
659 2671 791 2737 nomina
823 2671 952 2758 generis
988 2670 1134 2736 neutrius
1163 2694 1236 2737 cum

124 2772 312 2836 masculinis
335 2772 487 2863 componi
511 2794 610 2860 posse
634 2774 711 2840 satis
735 2772 875 2862 probant
896 2766 1067 2852 ἀστυάναξ
1088 2774 1235 2861 appella-

125 2873 237 2952 tivum,
262 2867 509 2962 ὀνομακλήτωρ,
533 2871 716 2962 δορύξενος,
738 2869 947 2961 μεθοδώτης.

209 2977 379 3043 Hactenus
409 2973 609 3043 elaboratum
636 2986 686 3042 est
713 2976 747 3040 in
774 2972 961 3040 nominibus
992 2994 1130 3057 quorum
1160 2996 1238 3061 pars

126 3077 217 3167 prior
238 3101 333 3144 casus
356 3078 481 3164 obliqui
501 3076 566 3142 vim
589 3075 729 3154 obtinet,
759 3074 921 3163 posterior
946 3074 1036 3138 recti.
1079 3075 1132 3141 Ex
1155 3075 1238 3141 duo·

125 3179 189 3244 bus
211 3179 307 3245 rectis
319 3175 477 3267 Δημήτηρ
500 3178 724 3266 αοαιροείλαιαΔ
740 3186 790 3243 est
812 3176 913 3242 instar
935 3174 1109 3241 latinorum
1128 3176 1237 3242 Mars-

127 3281 220 3367 piter,
241 3280 421 3367 Diespiter,
443 3278 507 3344 hoc
530 3290 580 3345 est
601 3280 648 3346 sic
669 3292 706 3345 ut
728 3279 862 3346 dissolvi
882 3278 971 3344 nullo
993 3277 1093 3344 modo
1116 3279 1238 3367 possit3

127 3381 292 3468 parathesi
311 3403 386 3446 vero
403 3381 519 3464 juncta
539 3391 615 3446 sunt
628 3380 731 3446 Liber
751 3392 853 3470 pater,
877 3381 984 3450 Janns
1005 3390 1108 3469 pater.
1152 3380 1239 3446 Illud

127 3484 290 3569 perfectae
312 3481 475 3569 synthesis
497 3481 681 3569 exemplum
697 3482 834 3550 habetur
850 3483 992 3550 unicum.
1037 3483 1105 3551 Sed
1121 3482 1238 3551 Gram-

126 3584 235 3650 matici
263 3584 360 3649 etiam
386 3584 574 3672 orthoptota
602 3607 838 3670 nonnunquam
865 3586 911 3649 ita
938 3584 1092 3669 conjungi
1121 3584 1241 3651 docent
1340 3577 1342 3580 ’

126 3697 163 3750 nt
184 3709 284 3751 unum
307 3685 397 3750 alteri
420 3685 555 3772 epitheti
576 3687 646 3752 vice
669 3686 857 3752 subserviat.
896 3688 969 3753 Hac
987 3685 1237 3754 rationeSchol.

125 3789 169 3851 A.
204 3788 246 3851 ad
276 3786 315 3851 Il.
349 3786 447 3855 XIV.
480 3787 553 3853 216.
586 3787 787 3855 homericum
825 3783 981 3874 ὀαριστὺς
1015 3784 1191 3876 πάρφασις
1220 3808 1241 3849 a

102 3888 291 3953 schemate
315 3888 465 3974 asyndeti
490 3888 651 3955 defendit:
681 3891 865 3957 συναπτὲον
891 3884 1067 3979 ἀμφότερα
1100 3885 1142 3951 τὰ
1164 3879 1237 3949 ὀνό-

125 4010 237 4073 ματα·
266 3990 324 4076 τὴν
353 3988 415 4077 γὰρ
443 3989 730 4079 ααραλογιστικήν
757 3985 891 4077 ὁμιλίαν
911 3985 1140 4076 σημαίνειίθ).
1183 3986 1239 4062 ut,

128 4142 461 4156 *w

199 4228 243 4295 tt)
264 4225 424 4281 Eustathius
445 4228 510 4290 9711,
534 4227 576 4281 36.
596 4228 623 4280 ολ
645 4227 700 4299 μὲν
725 4227 755 4282 ἓν
774 4224 915 4292 ἇσυνδέιῳ
934 4217 1053 4292 σχήματι
1075 4223 1171 4276 νοοῦσι
1189 4221 1240 4279 δύο

129 4307 290 4385 πράγματα,
303 4314 360 4381 ἰδίᾳ
371 4313 427 4383 μὲν
439 4309 488 4380 τὴν
505 4310 642 4385 ὀαριστύν,
665 4313 723 4381 λδίρ
735 4313 766 4366 δὲ
785 4305 940 4382 πάρφασιν,
959 4308 1044 4383 ἕτεροι
1057 4309 1088 4364 δὲ
1102 4306 1130 4362 τὸ
1141 4308 1197 4384 μὲν
1210 4308 1240 4368 ἓν
