2736 4778
162 346 228 412 nn
250 343 468 414 smcorn
490 343 636 410 nurus
657 342 877 414 vocsnrs.
903 343 1020 413 om.
1036 347 1103 434 §.e
1124 351 1197 425 ιιι

87 554 177 610 esse,
211 553 295 617 quse
329 529 462 594 omnino
494 527 584 611 nullo
615 537 675 592 est.
728 529 805 593 Hoc
837 528 893 614 qui
924 529 1022 595 refert
1051 530 1086 595 in
1118 534 1199 600 ΕΜ.

84 634 165 712 239,
190 633 244 698 41.
271 631 360 696 idem
386 628 504 694 refellit
525 626 576 692 his
597 625 705 694 verbis
731 623 869 716 γρᾴδιον
893 628 952 696 σὺν
978 632 1025 716 τῷ
1044 618 1072 696 ἶ
1080 629 1199 721 ἐπειδὴ

87 732 146 799 καὶ
167 732 207 800 τὸ
231 729 385 817 γραΐδιον
406 724 474 812 ἔχει
494 727 531 797 τὸ
548 716 581 808 l,
602 727 668 795 hoc
694 739 804 794 autem
824 725 877 792 vel
899 750 920 792 ο
939 728 1082 813 genitivo
1098 731 1202 817 γραός

87 833 267 898 derivatum
296 838 348 895 est
374 829 426 895 vel
450 852 471 895 α
497 838 586 895 recto
608 834 711 915 γραῖα
734 827 857 896 omisso
879 827 1077 915 diphthongi
1097 833 1202 899 vocoli

86 932 293 1017 subjunctive
313 939 351 994 ut
373 928 415 994 ab
435 927 524 995 urbis
543 929 676 995 nomine
698 935 808 1015 Γραῖα
830 930 873 1016 γῆ
900 934 931 994 Γ
927 925 1043 1017 ραῖκή,
1075 930 1118 996 eb
1139 927 1201 1018 δρ-

85 1037 180 1112 χαῖος
202 1026 365 1117 ἀρχαϊκός
384 1040 445 1096 eto.
467 1053 497 1095 v.
519 1031 564 1095 od
584 1029 664 1096 Phr.
679 1030 732 1096 39.
777 1028 863 1097 Cum
885 1026 1039 1116 βράδιον,
1061 1033 1115 1099 cui
1134 1034 1203 1101 iou

86 1131 206 1197 rectius
228 1129 451 1210 subscribitur,
470 1133 689 1198 Buttmannus
708 1131 852 1199 Grcmm.
871 1130 1009 1197 11.442.
1032 1136 1203 1222 componit

86 1230 242 1316 κριδδιον
265 1240 419 1316 tunquam
438 1231 476 1297 id
496 1254 630 1317 quoque
651 1229 808 1320 κρεᾴδιον
830 1232 1038 1299 scribendum
1064 1237 1116 1314 sit,
1140 1237 1201 1304 sed

84 1332 178 1397 valde
207 1342 305 1408 errot3
332 1354 408 1397 nom
436 1331 500 1399 hoc
528 1332 821 1431 longum-quidem
841 1333 941 1421 alpha
961 1336 1052 1402 siout
1065 1336 1201 1406 δλάδιον

84 1433 146 1499 sed
165 1432 259 1498 sliam
280 1454 474 1520 paragogen
497 1433 599 1500 hebet
621 1436 733 1512 αδιον,
762 1455 860 1518 quam
888 1457 994 1502 senno
1015 1436 1050 1502 in
1072 1440 1200 1507 senium

82 1555 220 1621 vergens
246 1534 432 1600 nominibus
462 1535 590 1601 diverse
614 1533 793 1600 terminetis
825 1536 951 1601 affinxit
981 1538 1198 1626 necatricem,

80 1631 265 1721 ιιηγάδιον,
299 1630 501 1724 ὀσφράδιον,
536 1633 733 1723 σκηνάδιον,
772 1633 951 1721 σημᾶδιον,
990 1633 1136 1727 §odoror
1167 1651 1217 1724 et¹

82 1734 146 1800 alie
169 1758 200 1800 v.
221 1735 324 1801 Proll.
346 1736 421 1804 353.
452 1737 563 1822 Hujus
583 1734 713 1822 generis
735 1757 836 1801 unum
857 1734 1014 1824 κρεάδιαν
1034 1750 1200 1808 auctorem

83 1836 252 1921 antiquum
278 1836 377 1903 hebet
398 1836 656 1924 Aristophanem
682 1836 717 1901 in
742 1836 841 1903 Pluto
869 1837 928 1903 sed
950 1838 1200 1926 reprehenditur

83 1936 125 2002 ab
147 1938 304 2004 Atticisto
325 1939 454 2005 Anecd.
475 1937 581 2005 Bekk.
604 1937 681 2015 103,
705 1938 755 2002 13.
778 1937 964 2020 βαδράδιον
988 1961 1085 2016 vero,
1108 1942 1200 2025 quod

84 2060 126 2102 ex
147 2038 380 2123 olio-ejusdem
402 2049 521 2126 poetae
535 2038 646 2105 tabule
663 2038 796 2102 affertur
809 2037 941 2122 Fragm.
952 2038 1029 2104 Vol.
1046 2039 1092 2104 Π.
1106 2040 1199 2107 1156.

84 2138 215 2205 codices
236 2139 382 2207 Pollucis
405 2140 575 2217 omittunt,
596 2138 766 2205 Bekkerus
792 2137 827 2201 in
849 2134 1032 2224 βαθρίδιον
1050 2141 1200 2219 mutavit3

85 2261 147 2324 pro
170 2236 356 2328 ψῃτάδιον
376 2240 411 2305 in
431 2241 622 2306 Anoxandr.
642 2240 698 2304 Fr.
714 2239 790 2305 Vol.
809 2238 873 2303 111.
893 2237 965 2304 172.
987 2240 1081 2305 metri
1102 2262 1201 2309 causo

85 2336 271 2428 ψηιιάριον
292 2341 455 2407 substitui.
499 2347 530 2406 Γ
529 2342 624 2431 ήδιον
644 2341 708 2406 illis
733 2339 945 2426 temporibus,
966 2339 1084 2426 quibus
1106 2354 1199 2409 vetus

84 2439 321 2528 orthographia
352 2441 460 2508 adhuc
489 2442 608 2528 viguit,
649 2443 696 2508 sic
729 2441 930 2508 enuntiatum
959 2462 1033 2506 esse
1066 2454 1103 2507 ut
1133 2444 1201 2510 iota

84 2543 232 2627 quamvis
248 2542 387 2609 obscure
402 2544 583 2622 audiretur,
600 2543 742 2609 declarat
752 2543 917 2627 Didymus
933 2541 968 2605 in
981 2542 1063 2608 EM.
1078 2544 1152 2621 230,
1167 2546 1199 2612 4.

84 2667 185 2728 quum
206 2643 242 2710 id
263 2665 306 2709 ex
324 2645 450 2727 γεΐδιον
472 2656 578 2711 ortum
600 2645 679 2711 dicit
700 2643 865 2730 synoeresi
887 2652 919 2707 et
942 2643 1044 2709 ectasi
1072 2645 1131 2712 οὑν
1152 2648 1200 2734 τῷ

83 2732 113 2823 ἶ,
137 2756 169 2810 et
189 2745 389 2832 Apollonius
410 2746 497 2811 Adv.
520 2745 594 2812 586.
616 2746 667 2811 his
688 2745 796 2811 verbis
815 2766 895 2810 usus
916 2744 954 2810 τὸ
976 2741 1092 2833 γήδιον
1112 2740 1199 2815 ὑπο-

85 2841 301 2942 κοριζόριον-ον
323 2843 468 2934 ἐφύλαξε
488 2845 526 2913 nii
546 2834 572 2934 ᾖ
591 2849 652 2914 τοῦ
671 2846 787 2923 τέλους
807 2843 1048 2913 τῶντοιούτων
1065 2851 1202 2931 γενικῶν

84 2942 134 3022 οἷς
147 2945 186 3012 τὸ
204 2953 291 3014 ιδιον
303 2945 643 3031 μεταλαμβανομένου
654 2946 698 3030 ⁶).
709 2982 751 2994 -
768 2945 843 3010 Iotn
853 2944 950 3028 hujus
966 2945 1201 3012 terminationis

84 3067 160 3111 oum
181 3068 221 3112 eo
244 3046 334 3132 quod
362 3046 538 3125 antecedit,
567 3046 601 3109 in
628 3067 729 3109 unum
759 3066 875 3109 sonum
903 3043 1039 3108 confluit
1065 3044 1202 3129 longum

85 3146 229 3229 xpidsov,
257 3143 438 3230 βιβλίδιον,
467 3142 734 3240 δικαστηρίδιον,
766 3141 937 3226 δοσμίδιον
962 3135 1117 3208 Democh
1147 3166 1200 3231 ep.

85 3246 203 3312 Galen.
225 3247 339 3312 Antid.
365 3247 394 3311 Ι.
416 3246 514 3328 911)
537 3244 628 3329 quod
651 3244 678 3310 si
701 3269 713 3309 ι
735 3242 833 3309 breve
854 3242 1005 3324 heberet,
1033 3266 1053 3308 a
1079 3243 1203 3327 δεσμός

154 3492 182 3559 δ)
197 3486 341 3561 ίίργήδιον
360 3488 374 3559 ἡ
391 3487 477 3562 μικρδ
494 3482 568 3559 πηγή
585 3488 664 3543 said.
679 3506 731 3559 pro
745 3487 877 3557 πηγίδιον
892 3485 1026 3557 scriptum
1044 3493 1088 3540 est
1105 3502 1202 3543 errore

86 3575 241 3631 manifesto.
266 3575 325 3631 Sed
341 3592 358 3630 α
374 3578 432 3645 μνᾶ
445 3573 547 3631 Graeci
562 3574 681 3628 fortasse
694 3575 836 3626 duxerunt
850 3569 984 3642 μνιίίδιον
999 3569 1058 3625 sive
1070 3568 1201 3644 μνᾷδιαν,

87 3668 119 3715 nt
129 3659 237 3736 γῄδιον,
254 3661 321 3716 hinc
331 3656 499 3733 μνᾳδδριον,
517 3668 549 3714 nt
561 3656 658 3734 λῄδιον
668 3655 810 3733 λῃδάριον,
826 3657 905 3728 quod
915 3654 998 3712 aliter
1009 3655 1081 3713 solvi
1093 3657 1200 3730 nequit.

156 3763 186 3833 7)
205 3763 250 3819 Ex
262 3762 305 3818 his
318 3760 500 3833 cognoscitur
517 3777 649 3816 mensuro
664 3758 803 3825 similium,
815 3757 917 3832 quibus
927 3759 1041 3831 poetice
1051 3760 1203 3817 snctoritss
1285 3798 1288 3802 -

88 3850 169 3903 deest
185 3849 356 3922 κορααίδιον,
370 3849 568 3919 γνμναοίδιον,
582 3846 740 3919 δψιιρίδιον,
752 3845 935 3918 βιβλιορίδιον
949 3845 1008 3921 sive
1020 3846 1202 3918 βιβλαρίδιον,

88 3932 248 4006 ὀοιαρίδιον
267 3933 373 4004 (omiss.
386 3933 415 3988 in
426 3933 525 4003 Thes.)
543 3932 651 3987 Pellnd.
665 3931 694 3985 in
707 3930 845 4003 Hippoor.
860 3933 895 3986 de
907 3931 1000 3987 Ἐπειοί.
1019 3950 1048 4002 p.
1061 3932 1121 3983 279.
1146 3929 1205 3984 Sed

88 4020 222 4090 ambiguo
239 4027 305 4075 sunt
322 4037 395 4090 quse
413 4021 450 4076 sd
463 4018 570 4090 duplex
580 4015 749 4089 principium
766 4016 865 4072 referri
878 4024 996 4088 possunt
1003 4015 1141 4086 θηρίδιον,
1154 4017 1206 4068 λιι-

89 4107 189 4173 βίδιον,
208 4106 378 4178 ποιηρίδιον,
397 4104 515 4175 quodsi
535 4104 593 4159 iota
608 4103 696 4157 breve
713 4104 811 4168 hebet,
830 4120 848 4156 s
866 4096 953 4172 ποιῆρ
973 4098 1127 4154 derivatum
1144 4105 1203 4169 est;

84 4192 235 4263 χρυσίδιον
249 4207 326 4255 vero,
342 4192 420 4262 quod
432 4189 550 4244 Photius
568 4207 591 4244 s.
607 4189 732 4243 Οίιιίδιον
748 4187 833 4243 attice
850 4184 971 4258 produci
990 4184 1086 4249 rotent,
1104 4201 1205 4259 sputo

85 4267 215 4352 χρυσίον.
250 4273 382 4348 Disponis
400 4274 544 4347 componit
560 4273 709 4331 Dobrseos
726 4274 768 4328 sd
780 4272 872 4326 Rsnn.
887 4270 961 4326 13ῧῦΙ
982 4272 1027 4326 od.
1044 4268 1123 4344 Lips.
