2736 4778
264 362 334 446 ,DE
357 360 757 438 Proseilemmene.
792 361 827 428 P.
839 360 896 431 ul.
920 360 1006 428 ΟΠ
1028 361 1056 448 ᾗ.
1068 359 1097 428 d.
1183 360 1244 429 251

125 532 210 612 quod
233 529 371 598 Sintenis
393 528 526 596 retinuit
547 544 620 594 oum
640 526 750 595 multis
771 527 918 596 similiter
940 526 1104 610 nonuplis,
1127 526 1247 593 alleil.

125 633 269 702 Onomat
291 633 310 717 ξ
333 633 427 713 2011.
450 630 506 711 33,
545 631 721 698 sedetiam
754 631 1019 714 praepositionem
1043 630 1246 700 addiderunt:

125 734 159 804 ἒν
177 731 340 825 Ἀθήνησι
364 734 540 818 Olympiod
562 734 595 800 in
617 733 716 800 Aleb.
738 731 833 815 165,
866 728 887 821 ἢ
915 729 950 802 ἓν
970 729 1133 821 Ἀθήνησι
1145 732 1173 816 ⁸)
1194 758 1247 799 νο-

124 837 274 924 μοθεσία
297 839 450 922 Harpoer.
484 857 509 904 s.
527 833 689 926 Ἕρνιῖας,
723 838 773 903 oui
795 836 962 904 Beklrerus
983 835 1248 918 praepositionem

125 942 272 1023 detraxit,
294 943 332 1010 τὸ
356 941 390 1010 ἐν
402 937 612 1026 ,Ὀλυμπιάσι
634 939 708 1024 (sie)
731 936 868 1008 στάδιον
890 939 1044 1006 Artemid.
1053 938 1099 1005 IV
1110 936 1162 1005 82.
1174 937 1247 1019 395,

125 1063 187 1127 quo
209 1045 249 1111 de
270 1064 387 1128 genere
410 1047 437 1112 si
460 1045 535 1128 quiid
558 1044 643 1126 apud
664 1044 827 1127 politiores
839 1044 1009 1127 scriptores
1020 1041 1156 1122 obvenit,
1179 1042 1248 1108 iure

124 1149 304 1230 corrigitur,
328 1148 366 1216 ol.
388 1148 478 1215 Path.
499 1148 633 1213 Elemm
656 1147 673 1213 Ι
694 1146 767 1214 327.
812 1146 944 1214 Dativoa
966 1146 1088 1228 primae
1111 1144 1247 1211 deelina-

126 1251 221 1318 tionis
243 1271 467 1335 nonnunquam
489 1249 749 1334 significationem
777 1251 839 1318 loci
870 1249 903 1314 ι’νι
927 1272 987 1335 qao
1011 1250 1154 1332 accipere
1176 1265 1248 1316 oon·

124 1359 364 1437 statpoetarum
385 1355 588 1422 testimoniis:
611 1355 668 1421 τὸν
685 1348 819 1436 Ἀβαϊαι
841 1348 919 1420 ναόν
931 1352 1025 1437 Sopin
1038 1352 1115 1419 Oad.
1128 1351 1163 1419 T.
1174 1349 1247 1432 899,

124 1457 181 1544 τήν
208 1454 348 1550 Οἰχαλίᾳ
372 1460 483 1526 πῖλον
506 1457 580 1524 llur.
603 1457 697 1539 llipp.
719 1455 782 1522 545
795 1463 864 1538 eta,
887 1458 920 1524 in
941 1456 1065 1538 vulgari
1087 1455 1167 1522 adeo
1180 1473 1246 1521 ser·

125 1579 231 1630 moue:
254 1561 296 1628 eoi
309 1557 490 1650 πράγματα
503 1556 722 1649 Ἀραφηνίσιν
735 1555 843 1639 ‘Aleis
854 1560 997 1628 διέκειτο
1011 1557 1119 1641 Steph.
1131 1577 1156 1625 s.
1167 1558 1198 1624 ht
1210 1578 1248 1638 v.,

124 1665 181 1731 sed
203 1665 363 1732 interdum
384 1663 576 1747 praepositio
592 1664 720 1730 additur
741 1669 798 1730 aut
808 1662 986 1730 decurritur
1003 1662 1044 1728 ad
1056 1661 1248 1742 adverbium,

123 1767 207 1851 quod
219 1765 596 1850 Atticistaepraeferunt:
616 1761 807 1856 Ἀθήνηθεν
828 1760 888 1834 οὐκ
911 1760 949 1846 ἐξ
959 1759 1122 1854 Ἀθηνῶν,
1141 1762 1248 1853 Ἀθή-

123 1889 216 1958 νησιν
237 1866 294 1939 οὐκ
317 1869 352 1939 ἐν
370 1868 532 1958 Ἀθήναις
554 1870 662 1938 Thom.
706 1869 788 1937 Nam
810 1871 889 1936 haee
912 1867 1063 1935 adverbia
1084 1885 1165 1950 esse,
1186 1887 1249 1937 aon

123 1992 216 2041 casus
237 1973 420 2054 nominales,
442 1973 506 2039 illis
527 1991 585 2055 pro
607 1976 694 2038 certo
717 1974 821 2041 stetit:
850 1973 892 2039 τὰ
914 1968 962 2051 εἰς
983 1973 1012 2043 Ji
1033 1967 1248 2060 ἐπιρήήμααα

120 2071 668 2165 ἘηχιᾶσαΠλαταιᾶσαἈθήνησι,
678 2070 1111 2161 'Otvpnlaoalheogncan
1122 2073 1249 2154 15224,

119 2176 246 2268 Ἀθήνη
266 2176 457 2269 Ἀθήνηθεν
474 2173 641 2268 Ἀθήνησι,
669 2175 764 2268 Θήβη
791 2175 949 2269 Θήβηθεν
964 2175 1095 2265 Θήβησι
1104 2177 1249 2260 Apellen.

121 2284 200 2350 Adv.
224 2283 296 2351 620.
318 2281 370 2364 29,
392 2281 430 2349 ei
453 2280 526 2349 606.
552 2280 594 2349 14
608 2283 643 2367 ⁸),
667 2288 701 2350 et
721 2283 804 2351 hano
825 2283 1065 2366 originationem
1086 2281 1248 2363 auteponi-

122 2405 194 2456 mus
215 2385 359 2454 Elmsleii
386 2385 563 2452 sententiae
584 2389 779 2474 Περνααῆαι
814 2393 849 2454 et
880 2386 1034 2471 quidquid
1065 2384 1125 2453 hoe
1156 2383 1249 2452 modo

124 2491 262 2558 excurrit
293 2508 352 2573 pro
379 2488 494 2555 dativis
516 2489 635 2555 Joniois
661 2488 824 2573 habentis,
857 2508 921 2574 quo
946 2489 1050 2572 posito
1075 2487 1198 2572 syllaba
1219 2485 1249 2559 32

123 2613 161 2661 ar
193 2612 324 2661 numero
356 2592 614 2659 terminationum
646 2593 794 2661 localium
826 2593 969 2663 funditus
1002 2591 1132 2658 tollitur.
1186 2590 1249 2658 Sed

122 2702 295 2780 repugnat,
328 2695 413 2778 quod
433 2695 593 2777 primitiva
614 2696 685 2778 ipso
704 2696 857 2783 pleraque
886 2701 962 2764 sunt
983 2695 1155 2779 singularia
1177 2699 1248 2761 tan·
1330 2723 1332 2726 ·

121 2806 204 2881 tum,
226 2817 288 2868 uon
311 2799 413 2865 solum
437 2793 589 2887 Καφαλή,
615 2798 783 2888 Πιργασή,
814 2800 990 2867 sedetiam
1011 2799 1074 2866 alia
1094 2817 1247 2882 pagorum

122 2905 325 2986 vicorumque
347 2902 487 2979 nemine,
520 2901 605 2968 unde
628 2904 828 2991 Πεντέλησι,
854 2898 1008 2988 Ἔρχιᾶσι,
1030 2899 1246 2984 Μουνιχίασι,

124 3006 285 3091 Nepotem,
306 3000 512 3089 Ὀλυμπίασι
535 3005 688 3087 originem
710 3005 837 3087 habent,
859 3023 943 3088 quae
964 3023 1003 3072 ex
1019 3004 1133 3070 dativis
1154 3004 1188 3070 in
1203 3006 1249 3094 ηῖι

122 3110 241 3178 Jonieis
268 3112 345 3176 nata
372 3125 445 3173 esse
471 3124 564 3172 nemo
591 3108 796 3187 concesserim
828 3125 888 3174 nec
909 3107 1011 3189 mama
1034 3105 1247 3187 Goattlingius

124 3213 165 3279 ad
187 3212 318 3278 Aristot.
340 3210 432 3276 Polit.
454 3208 488 3276 ll
509 3207 573 3275 342
593 3211 774 3292 persuadet,
793 3205 999 3295 Ὀλυμπιάσι
1014 3209 1155 3275 datiuum
1176 3227 1247 3275 esse
1313 3200 1329 3210 ”

123 3315 271 3383 adieetin
304 3309 320 3382 ὁ
345 3307 442 3402 ααὶή
476 3307 676 3398 Ὀλυμπιάς,
710 3314 901 3399 proprieque
934 3311 995 3378 diei
1021 3307 1248 3395 ΙὈλυμπιάσιν

124 3415 238 3505 ἀγῶσι,
252 3416 348 3510 alpha
359 3423 503 3499 correpto
515 3415 570 3502 [ad
582 3416 701 3484 Buttm.
713 3416 800 3504 352}
824 3415 876 3482 Sit
898 3420 1005 3482 autem
1021 3413 1166 3496 officitm,
1187 3415 1247 3484 hoo

122 3522 304 3588 universum
316 3538 415 3603 genus
426 3540 484 3604 pro
495 3519 654 3586 adverbiis
664 3520 775 3588 haberi
785 3526 819 3590 et
830 3519 898 3587 siue
909 3519 975 3586 iota
986 3517 1082 3586 soriti
1091 3522 1246 3600 oportere.

192 3814 221 3875 5)
244 3809 391 3880 Ἀθήνησιν
418 3812 477 3865 eod.
503 3814 528 3866 Δ
551 3813 666 3868 Lusium.
693 3813 761 3868 Tox.
788 3810 853 3877 §il
879 3831 906 3882 p.
923 3811 976 3869 373
1004 3814 1036 3870 Τ.
1055 3815 1083 3867 ll
1108 3814 1168 3869 rao.
1194 3815 1247 3866 iota
1349 3773 1352 3776 ἢ

123 3901 233 3965 omies03
246 3895 390 3966 Ἀθήνηισι
407 3897 541 3984 adscripto
558 3900 636 3954 Phot.
654 3917 675 3953 s.
694 3897 870 3972 Περιθοῖδαι.

193 4015 223 4087 6)
242 4025 264 4073 Α
283 4018 434 4072 nominibus
453 4020 553 4073 numeri
572 4021 716 4088 ringulam
737 4016 820 4088 Θήβη,
837 4014 953 4088 Ἀθήνη,
973 4035 1041 4087 quae
1058 4021 1143 4088 poetis
1161 4036 1247 4074 easm-

123 4114 193 4173 runt,
212 4106 336 4159 differunt
353 4106 502 4158 eommunia
522 4106 652 4170 Θέσπεια,
671 4101 808 4170 Πλάναια,
828 4121 938 4172 qnorum
951 4107 1248 4174 nominativuapluralis

124 4195 240 4245 aoniam:
261 4190 404 4254 Θεσπειαί,
423 4191 569 4245 Πλαταιαί.
605 4193 628 4243 Δ
647 4193 776 4260 singulari
793 4194 911 4243 nascitur
928 4194 1095 4259 Hieroclem,
1114 4194 1149 4246 ab
1167 4193 1249 4247 altero

124 4278 291 4343 Πλαταιᾶσι,
309 4279 343 4334 of.
360 4279 453 4346 Poppo
471 4277 505 4330 ad
522 4277 608 4330 Thrac.
626 4279 639 4330 1
658 4275 716 4332 130.
751 4279 820 4329 Pure
839 4279 1007 4331 exeuntibus:
1037 4279 1150 4347 Optem,
1169 4282 1247 4332 Moo-

126 4368 245 4433 νιχίασι,
260 4361 424 4430 Ὀλυμπίασι
443 4379 573 4432 numnam
590 4366 645 4419 iota
661 4366 789 4418 intrusum
806 4364 933 4418 videmus.
