2736 4778
39 380 47 392 '
87 434 91 444 .
163 366 244 442 ³1⁰2
533 364 853 433 DISSERTATIO
887 362 915 429 1.
972 390 976 395 ·

166 547 263 614 minis
285 547 399 631 ἕτερος
419 559 590 615 concretus
616 550 778 633 θατέρου,
800 547 937 634 θατέρῳ
961 554 1022 610 etc.
1045 543 1220 608 nonnullos
1242 569 1282 610 eo

167 648 305 715 abduxit
325 659 362 712 ut
381 647 415 712 in
435 649 541 736 prima
561 650 727 738 positione
748 646 766 714 ὁ
786 645 934 731 θάτερος
955 646 1114 721 dicerent,
1138 646 1228 730 quod
1251 660 1284 711 et

167 749 376 816 Grammatici
391 772 466 815 cum
482 773 608 816 summa
623 750 720 835 hujus
738 747 907 814 barbariae
934 746 1149 811 detestatione
1171 747 1283 811 decla-

165 861 237 914 rant
257 859 290 914 et
311 849 415 916 crebri
438 850 644 916 librariorum
665 851 779 937 lapsus
801 852 842 938 τῇ
857 849 996 935 ’θατέρᾳ
1012 847 1147 912 Heliod.
1165 847 1230 912 ΠΙ.
1249 848 1282 924 4,

81 999 87 1003 -
167 952 239 1016 113.
267 960 328 1015 etc.
357 988 399 998 —
427 947 526 1029 Ὁλνίς
554 947 573 1018 ὁ
604 956 664 1040 τῆς
689 949 832 1038 σηπιάς,
862 941 902 1014 ίίν
924 949 981 1015 καί
1003 945 1109 1015 θολάν
1131 951 1282 1024 καλοῦσι,

155 1052 329 1136 ,ψιλοῦται
348 1050 404 1117 καί
424 1046 591 1131 ὀξύνεται·
612 1050 650 1118 τὸ
673 1049 735 1135 γὰρ
759 1049 970 1133 περιεκτικόν
991 1054 1056 1114 τῶν
1075 1045 1283 1133 θρεμμάτων

166 1147 344 1217 δασύνεται
373 1149 429 1217 καὶ
446 1149 626 1236 βαρύνεται
648 1150 761 1219 Schol.
784 1151 826 1215 ed
847 1150 988 1216 Dosiad.
1016 1151 1075 1214 Ar.
1096 1172 1125 1214 v.
1150 1149 1178 1213 1.
1202 1143 1281 1214 άνα-

165 1251 362 1338 θολοῦσθαι
383 1248 479 1333 παρὰ
501 1250 559 1318 τὸν
580 1248 686 1319 θόλον
701 1251 777 1337 (sic)
793 1255 851 1336 τῆς
871 1250 1007 1337 σηπίας,
1026 1243 1066 1315 ὃν
1088 1247 1120 1315 oi
1135 1243 1282 1315 Ἀττικοί

137 1376 142 1382 ·
165 1349 223 1416 καί
243 1349 344 1435 χωρίς
364 1354 424 1418 τοῦ
438 1336 473 1418 θ
487 1349 575 1418 ,ὅλον
596 1353 728 1436 λέγουσι
749 1351 872 1437 Ρὴτγιι.
895 1353 987 1437 App.
1011 1350 1062 1414 12.
1091 1348 1147 1415 Ab
1164 1349 1281 1414 horum

166 1449 321 1516 societate
348 1473 416 1515 non
446 1452 593 1536 sejuncta
621 1453 772 1518 videntur
793 1446 956 1536 άλαρῦναι
974 1473 1004 1514 v.
1029 1449 1131 1516 Proll.
1152 1448 1225 1514 262.
1249 1463 1282 1514 et

163 1552 316 1635 μολῦναι,
339 1552 427 1618 unde
449 1555 668 1640 conjecturam
691 1554 840 1619 ducimus
859 1551 950 1617 theta
965 1550 1041 1616 huic
1057 1549 1198 1615 familiae
1213 1572 1281 1616 uon

164 1662 281 1719 natura
308 1653 534 1740 ingeneratum
560 1677 643 1720 esse.
689 1655 853 1736 Quartum
874 1651 967 1717 affert
990 1651 1107 1718 Orion.
1132 1651 1204 1727 124,
1225 1651 1278 1714 25.

164 1749 313 1836 θαλερόν
341 1754 422 1838 (scr.
451 1753 641 1842 θαλυκρόν)
671 1750 815 1839 άλυκριίν
838 1749 995 1843 ἀποβολῇ
1015 1757 1074 1819 τοῦ
1089 1741 1131 1819 θ
1145 1762 1178 1816 et
1198 1753 1279 1817 ΕΜ.

165 1852 217 1931 ll,
234 1854 287 1920 29.
308 1849 453 1940 άλυκρόν
474 1849 547 1923 άντί
564 1861 623 1922 τοῦ
645 1851 827 1939 θαλυκράν,
851 1845 923 1921 οἷον
944 1846 965 1918 ἃ
989 1848 1092 1921 πάντ
1099 1879 1121 1940 η
1144 1849 1279 1919 πάντα

163 1953 385 2043 θαλυκρὸς
406 1954 499 2040 ἐγώ·
526 1949 599 2023 εἶτα
621 1956 741 2039 γέντο
765 1950 798 2021 d’
821 1949 1002 2039 ἁλυκρά,
1024 1963 1197 2038 utrumque
1218 1976 1279 2039 pro

163 2055 257 2121 metri
278 2056 472 2122 necessitate
495 2055 536 2121 ab
563 2057 679 2123 eodem
700 2069 809 2143 poeta,
832 2053 1030 2121 Callimacho
1054 2055 1081 2120 si
1100 2056 1193 2133 forte,
1216 2078 1280 2142 po-

163 2155 227 2221 sita
248 2156 395 2223 similiter
417 2156 614 2223 variantibus
638 2159 787 2244 cognatis
816 2152 897 2224 ἀλέα
921 2167 954 2220 et
976 2152 1154 2223 θάλπων.
1176 2157 1279 2223 Proll.

162 2257 237 2324 345.
278 2258 333 2322 De
360 2258 477 2343 spiritu
511 2281 578 2323 non
609 2261 775 2336 convenit3
807 2259 842 2322 in
871 2257 994 2324 Suidae
1022 2257 1106 2322 Lex.
1136 2253 1281 2344 ἆλυκρός

162 2357 283 2443 legitur
297 2368 333 2421 ut
350 2351 443 2435 άλέα,
463 2352 616 2435 άλεαίνιο,
638 2354 795 2438 ἀλεειναῖς,
819 2380 902 2444 quae
920 2359 1131 2424 Grammatioi
1147 2361 1280 2444 quidem

164 2457 205 2523 ab
236 2459 356 2524 Atticis
385 2458 523 2546 aspirari
556 2459 668 2525 dicunt
696 2460 756 2525 sed
782 2461 1033 2549 Aristophanis,
1064 2462 1212 2527 Platonis
1247 2477 1279 2529 et

161 2558 398 2645 Xenophontis
430 2560 504 2625 libri
536 2560 629 2626 aliter
661 2562 783 2648 scripta
814 2562 982 2648 praebent
1026 2562 1128 2643 Quod
1160 2564 1203 2628 ad
1237 2565 1278 2629 ll.

161 2660 264 2727 XIX.
286 2661 360 2726 393.
384 2655 472 2748 ἀμφὶ
494 2660 642 2732 cheul&
665 2657 803 2729 λέπαδν’
829 2661 908 2730 ἕσαν
926 2662 1116 2727 adnotatum
1138 2663 1278 2749 legimus

161 2762 271 2828 θέσαν
293 2754 365 2827 άντί
386 2767 446 2829 τοῦ
468 2761 547 2829 έσαν
568 2760 653 2829 κατά
677 2760 878 2850 παράληψιν
898 2769 957 2830 τοῦ
979 2753 1016 2842 θ,
1041 2763 1069 2826 si
1088 2763 1134 2829 sic
1153 2775 1189 2828 ut
1205 2787 1278 2830 sus-

162 2862 256 2949 picor
280 2861 436 2948 scriptum
458 2862 518 2927 luit
547 2860 626 2928 έσαν
653 2855 724 2928 ἀντὶ
751 2869 810 2928 τοῦ
832 2865 939 2932 θέσαν
961 2862 1045 2931 κατά
1068 2864 1279 2953 παράλειψιν

160 2966 220 3031 τοῦ
239 2950 281 3043 θ’,
301 2962 397 3029 inane
419 2976 469 3030 est
491 2962 615 3050 ellipsis
637 2973 864 3028 commentum.
909 2963 979 3031 Sed
1001 2965 1277 3050 quemadmodum

161 3063 269 3153 ῥαίειν
291 3077 323 3130 et
346 3065 488 3153 θραύειν
509 3065 654 3130 actiones
678 3063 862 3130 consimiles
885 3063 1084 3149 significant,
1112 3065 1159 3130 sic
1181 3066 1277 3131 etiam

160 3166 259 3233 verba
287 3159 374 3235 εἶναι
403 3179 435 3234 et
463 3173 578 3235 θεῖναι
605 3178 638 3231 et
664 3166 754 3231 vocis
784 3176 816 3231 et
844 3165 1090 3250 significationis
1120 3167 1278 3232 affinitate

161 3269 335 3354 conjuncta
353 3290 425 3332 esse
443 3267 652 3352 cognoscitur
669 3291 710 3333 ex
725 3267 877 3333 derivatis
895 3267 1075 3350 συνώμεθα
1091 3264 1211 3334 salzb
1228 3274 1278 3355 τῷ

160 3365 368 3448 συνθώμεθα
390 3365 500 3433 Schol.
522 3368 562 3432 Il.
590 3368 691 3434 XIII.
714 3368 788 3432 381.
809 3365 1017 3453 συνημοσύνη
1038 3371 1194 3452 σημαίνει
1218 3369 1280 3446 τὰς

160 3463 332 3554 συνθήκας
362 3466 459 3554 παρὰ
484 3467 543 3535 τὸν
568 3468 640 3557 ἥσω
666 3469 829 3554 μέλλοντα
855 3469 967 3537 Schol.
994 3470 1033 3536 ll.
1060 3469 1179 3535 XXII.
1202 3469 1277 3536 261.

162 3567 334 3652 (omissum
347 3591 367 3632 a
381 3569 560 3654 Bekkero).
593 3567 734 3657 Copiam
745 3572 968 3658 exemplorum
984 3583 1144 3636 auxerunt
1159 3571 1277 3635 eruditi

159 3669 367 3735 recentiores.
411 3672 511 3738 Velut
531 3671 707 3738 Pindarico
728 3665 910 3753 άλπνιστος
932 3685 965 3737 et
988 3668 1160 3749 ἔπαλπνος
1181 3673 1277 3758 Hey-

158 3771 234 3836 nius
260 3770 303 3834 ad
325 3767 426 3849 ἐλπιυ,
446 3772 625 3838 Passovius
647 3773 689 3839 ad
711 3768 838 3840 θάλπιο
854 3771 968 3849 refert3
990 3769 1109 3841 θάλλιο
1120 3773 1277 3858 Wytteu·

158 3872 295 3939 bachius
323 3873 366 3936 ed
390 3873 479 3938 Plut.
507 3874 548 3938 de
573 3875 662 3961 And.
684 3872 780 3939 Poet
802 3873 875 3938 234.
900 3872 941 3936 ab
967 3871 1114 3958 ἅλλομαι
1136 3883 1169 3938 et
1189 3873 1277 3938 indi-

160 3975 235 4040 dem
254 3975 316 4054 ίίλς
331 3986 364 4039 et
379 3974 538 4041 θάλασσα
554 3974 687 4060 repetit3
709 3969 857 4057 θεμερός
873 3973 1056 4041 Karstenus
1075 3973 1118 4038 ad
1133 3975 1275 4060 Emped.

158 4098 192 4161 p.
215 4076 289 4141 206.
312 4076 400 4142 idem
422 4097 494 4141 esse
517 4075 628 4139 statuit
648 4073 740 4161 quod
759 4071 901 4160 ἥμερος,
929 4073 989 4138 sed
1005 4075 1194 4161 Hesychius
1221 4099 1277 4143 σε-

157 4174 241 4260 μνόν
267 4176 515 4264 interpretatur,
544 4197 644 4260 quare
671 4172 944 4259 Wyttenbachius
965 4176 986 4240 l.
1010 4198 1038 4241 c.
1064 4175 1164 4241 verbo
1187 4176 1276 4255 σέβω

161 4275 306 4362 subjicit3
336 4278 415 4343 mihi
443 4279 488 4344 ad
514 4283 627 4356 θεῖναι
654 4267 795 4352 εὔθετος
816 4270 974 4364 εὐθήμων
999 4277 1154 4344 accedere
1182 4277 1276 4342 vide·
