2736 4778
127 325 202 398 280
418 319 738 387 DISSERTATIO
767 320 814 386 IL
858 320 899 386 P.
921 320 950 386 Ι.

128 504 244 571 ceteris
273 503 459 570 nominibus
487 505 521 570 in
539 493 597 583 ἶοξ
618 505 842 573 desinentibus
865 501 975 590 κριός,
999 501 1140 589 κωβιός,
1164 505 1253 586 Κίος

129 619 190 672 etc.
214 604 372 691 adjectiva
394 606 430 670 in
450 592 521 685 ιῖοξ
541 606 631 671 nulla
652 605 814 692 originem
835 603 967 671 habent
979 641 1021 654 —
1044 605 1251 704 sl-prcpriis

128 695 211 786 inl}
231 705 425 773 exeuntibus
448 729 532 793 quae
551 707 755 773 declinantur
775 704 978 773 substantiva
997 704 1033 769 in
1053 706 1250 774 esevThee·

127 819 265 894 gnostus
290 807 372 875 Can.
395 808 468 885 129,
493 808 543 874 15.
572 808 669 873 docet
697 808 814 894 partim
839 829 858 873 e
881 804 1025 894 genitive
1055 828 1138 892 puro
1165 807 1250 895 tingi

126 920 164 973 ut
187 913 391 994 Σεραπεῖον,
425 908 542 995 partim
571 931 590 973 e
619 908 776 995 spissiore
804 909 990 986 Θετίδειον,
1025 908 1117 992 quod
1146 931 1251 977 unum

125 1032 231 1097 genus
251 1008 370 1096 probat
381 1011 594 1075 Herodianus
610 1010 666 1093 qui
683 1010 800 1075 dicitur
817 1009 851 1074 in
863 1009 990 1074 Anecd
1005 1007 1117 1074 Oxon.
1127 1010 1203 1089 262,
1214 1010 1248 1077 6.

125 1105 374 1197 ἁμαρτάνουσιν
402 1108 435 1178 oi
462 1109 616 1198 ,λέγοντες
642 1113 830 1196 Σεραπεῖον
859 1109 917 1176 καὶ
944 1102 1060 1176 Ἰσεῖον
1092 1122 1153 1176 etc.
1188 1110 1249 1177 eed

127 1210 280 1278 convenit
304 1210 368 1276 hoc
394 1232 469 1278 cum
490 1210 660 1298 adjectitie
685 1207 909 1297 Σεμιράμεως
931 1222 965 1275 et
987 1209 1076 1287 eliis,
1106 1233 1249 1297 qnorum

127 1311 310 1378 terminatio
332 1300 402 1391 clo}
423 1335 587 1379 consonae
615 1310 808 1378 substantivi
835 1309 1025 1377 indeclinati
1052 1315 1169 1398 Σεραπ
1190 1351 1246 1393 -,

126 1418 209 1480 Ισ-
235 1413 307 1479 eine
328 1412 511 1481 interventu
536 1415 657 1481 vocalis
676 1412 884 1481 cetalecticae
907 1423 1030 1477 attexta
1059 1411 1187 1478 videtur
1215 1437 1246 1481 v,

125 1514 166 1581 P.
188 1514 236 1581 11.
259 1537 288 1582 c.
311 1514 341 1580 l.
363 1519 389 1602 §.
411 1517 443 1582 2.
465 1554 505 1567 ·-
534 1511 766 1602 Στιρεμνώδης
790 1527 848 1581 aut
869 1524 1027 1579 consueto
1053 1536 1144 1579 more
1171 1537 1245 1582 cor·

124 1625 258 1702 ruptum
282 1626 339 1682 aut
361 1639 382 1682 a
402 1616 579 1704 σιέρεμνος
603 1616 782 1682 derivatum
804 1627 870 1692 est,
900 1638 965 1701 quo
987 1615 1176 1700 Hesychius
1203 1617 1248 1684 ad

127 1716 359 1803 explicandum
387 1715 543 1802 ιὲρεμνος
572 1718 682 1783 utitur.
704 1755 746 1765 -
775 1716 1079 1802 Patronymieorum
1105 1716 1140 1782 iu
1161 1705 1248 1809 Ῑδίἷς

127 1817 314 1882 exeuntium
335 1828 369 1883 et
388 1817 611 1904 propriorum,
635 1841 719 1904 quae
739 1829 819 1906 typo
842 1817 1066 1904 patronymico
1089 1841 1247 1905 percussa

127 1928 218 1997 sunt,
240 1917 435 2006 scripturam
457 1919 622 2044 duplicem
642 1920 767 1986 indicat
788 1918 1040 1986 Choeroboseus
1065 1918 1147 1986 Can.
1171 1920 1245 1987 136.

124 2020 205 2085 ΕΜ.
227 2021 302 2098 437,
325 2019 378 2086 56.
405 2019 447 2088 ιὰ
475 2014 545 2088 ἀπὸ
575 2025 640 2088 τῶν
664 2019 713 2101 είς
740 2047 786 2101 ως
812 2016 970 2107 γινόμενα
1002 2019 1245 2107 πατρωνυμικὰ

126 2119 184 2189 διὰ
205 2126 266 2190 τοῦ
286 2148 300 2188 ι
328 2120 516 2210 γράφονται
539 2120 720 2212 Μινιοίδης
742 2118 905 2209 Ἡρωίδης
925 2146 984 2186 και
975 2119 1037 2188 ἐν
1056 2119 1245 2205 συναιρὲοιι

124 2218 290 2309 Μινώδης
305 2218 458 2309 Ἡρώδης
472 2224 503 2305 ⁵)
526 2221 590 2288 hoc
612 2234 662 2289 est
676 2218 844 2310 Ἡρῳδης,
866 2233 904 2287 ιιι
924 2220 1048 2309 passim
1067 2220 1218 2306 legitur
1208 2244 1243 2286 ιιι

126 2320 223 2387 codd
244 2332 278 2386 et
298 2322 387 2388 Edd.
409 2322 567 2409 antiquis,
594 2334 627 2389 et
644 2319 851 2411 Ἡρῳδιανός
874 2346 903 2388 v.
922 2321 1070 2389 Meinelr.
1092 2321 1136 2388 ad
1150 2320 1242 2388 Cho·

124 2421 233 2489 liarnb.
258 2446 291 2510 p.
314 2423 387 2489 152.
413 2423 562 2489 sednon
583 2446 655 2488 raro
678 2422 755 2501 iota,
778 2423 856 2508 quia
873 2422 1039 2489 ineffabile
1061 2432 1125 2501 est,
1146 2444 1242 2509 prae-

124 2524 275 2590 termisso
292 2518 448 2613 Ἡρώδης
468 2524 503 2589 in
527 2525 631 2590 lnscr.
653 2523 797 2590 Herodis
820 2524 991 2613 Triopion,
1015 2522 1056 2591 τὰ
1074 2521 1242 2610 Ἡρωδιῖα

126 2626 161 2690 in
184 2624 268 2690 Tab.
290 2624 424 2691 Heracl
453 2650 483 2690 v.
512 2626 601 2691 Keil.
629 2625 711 2710 Syll.
737 2625 840 2691 Inscr.
866 2628 984 2692 Boeot.
1014 2625 1066 2691 58.
1114 2625 1244 2691 Eodem

126 2725 306 2814 scripturae
334 2723 473 2791 divortio
500 2736 692 2813 separantur
717 2725 826 2791 nativa
852 2725 1091 2811 Πολυπαΐδης,
1116 2728 1243 2791 Σθενε-

125 2825 246 2906 λαΐδας
267 2835 301 2892 et
321 2835 501 2907 contracta,
533 2826 652 2913 quibus
683 2826 798 2893 eadem
824 2826 947 2893 vocalis
970 2847 1069 2913 saepe
1095 2824 1245 2890 eximitur

124 2931 156 2992 Γ
153 2922 273 3015 ραδης
296 2923 493 3012 meletae,
519 2923 762 3006 Ἀκουσιλάδας
786 2927 947 3013 (omiss.
937 2951 972 2990 ιιι
999 2925 1100 2991 Thes.
1128 2924 1244 2990 lambl.

125 3029 168 3096 V.
192 3026 233 3094 P.
253 3028 407 3096 XXXV
428 3030 501 3096 216.
526 3029 630 3115 (526.)
661 3027 854 3118 Νικολάδης
882 3051 912 3093 v.
941 3026 1087 3093 Meinek.
1116 3026 1247 3092 Delect.

127 3128 200 3195 114.
238 3130 295 3197 Sic
325 3131 422 3196 etiam
450 3131 686 3198 terminationis
720 3129 982 3218 hypocoristicae
1013 3132 1099 3197 ιδιον
1122 3127 1247 3192 vocalis

127 3230 249 3316 prima,
273 3253 357 3315 quae
378 3233 462 3298 clare
483 3245 621 3320 apparet
636 3233 672 3299 in
693 3232 835 3312 ναίδιον,
864 3231 1031 3318 γραΐδιον,
1060 3251 1161 3315 saepe
1185 3226 1246 3292 ob-

127 3343 274 3398 scuratur
306 3332 472 3417 synaeresi
505 3329 658 3418 γρᾴδιον·
699 3332 796 3419 hujus
830 3343 938 3397 autem
972 3329 1064 3397 obliti
1096 3328 1246 3415 plerique

127 3432 327 3519 scripserunt
348 3431 500 3521 γράδιον,
523 3428 673 3510 ἕλάδιον,
695 3426 883 3519 σπηλάδιον
904 3433 1030 3498 ratione
1050 3431 1133 3497 falsa
1156 3428 1248 3516 quod

127 3531 371 3619 diphthongum
391 3532 627 3620 primitivorum
644 3536 762 3617 γραῖα,
787 3528 901 3599 dictor
922 3533 956 3597 in
975 3532 1074 3619 alpha
1090 3541 1248 3596 mutatam

126 3642 297 3719 putarent,
328 3633 405 3699 huic
439 3645 547 3699 autem
577 3631 736 3699 catalcxin
764 3631 956 3718 bisyllabam
986 3622 1058 3701 ὦο-ιν
1092 3642 1248 3698 attextum

198 3835 227 3904 5)
244 3834 330 3898 Quod
348 3832 433 3888 Conr.
449 3834 637 3889 Schneiderus
657 3833 685 3887 iu
699 3834 821 3888 Gramm.
840 3835 904 3888 Lat.
917 3835 939 3889 I.
955 3838 977 3889 1.
997 3854 1025 3907 p.
1038 3836 1080 3888 37.
1101 3830 1248 3889 contendit

125 3920 250 3996 Ἡρώδης
266 3939 282 3974 c
302 3916 456 3991 composito
474 3915 557 3993 ἧρωει
558 3912 607 3987 daie
626 3925 798 3975 contractum
815 3936 877 3973 esse
894 3926 926 3973 ut
940 3914 1070 3993 πυρώδης
1082 3936 1118 3973 ιι
1133 3936 1231 3991 ποριεῖ
1233 3949 1249 3959 -
1284 3956 1287 3960 ·

128 4003 190 4077 δής,
209 4006 340 4076 utrinque
359 4004 459 4060 lahum
477 4012 528 4059 est.
565 4003 638 4059 Nem
657 4003 856 4070 contractioni,
875 4022 958 4076 quam
976 4005 1114 4060 Matthiae
1132 4018 1246 4101 quoque

128 4094 250 4148 Gramm.
265 4092 287 4145 1.
301 4095 361 4147 284.
381 4089 523 4156 defendit,
544 4107 631 4160 quum
656 4097 788 4145 accentus
804 4097 945 4161 repugnat
967 4097 1026 4145 tum
1044 4090 1153 4162 specics
1170 4087 1247 4161 ipsa,

127 4197 169 4232 ιιι
186 4178 261 4232 enim
278 4179 350 4232 v'el
342 4198 371 4233 m
390 4197 416 4233 οι
438 4176 612 4234 contrahitur
630 4174 733 4232 omisso
753 4174 842 4248 epsilc
861 4175 936 4229 vel
928 4194 958 4230 ιιι
978 4197 1010 4232 ov
1036 4176 1167 4248 neglecto
1189 4173 1248 4230 ictu

127 4261 241 4318 v.Diss
255 4263 306 4319 ΙΙΙ.
326 4265 419 4320 (ΗΠ.
440 4266 463 4332 5
479 4266 504 4319 7
