2736 4778
249 337 351 411 18.
610 325 993 401 Dtssnuufflou

212 619 213 627 ἵ
246 537 289 605 τά
328 530 378 614 εἷς
413 520 450 613 οξ
484 518 670 634 oscilla&
700 516 879 624 βαράνεται
907 529 1015 607 ὃπάτε
1045 516 1168 618 γίνεται
1196 525 1267 600 inl
1295 537 1363 600 τῶν

210 694 218 703 .
247 630 532 725 παραληνομένων
555 642 598 727 τῇ
617 662 646 705 ει
665 632 1073 725 ῥημάτων·σεσημει’ωται
1093 633 1133 700 τὸ
1152 629 1257 721 δοράς
1283 635 1360 720 (scr.

248 738 364 826 δοράς)
394 737 454 803 sed
479 748 587 802 utrum
615 735 804 804 Annmschi
832 746 920 800 utres
948 756 988 800 ex
1010 736 1099 802 corio
1121 734 1195 800 rudi
1219 757 1261 802 su
1283 736 1361 802 sub·

247 848 320 905 ecto
346 839 485 905 coniecti
507 839 627 903 luerint
651 835 754 923 εἷάελη
777 830 856 903 6κο
881 833 971 903 idcir.
984 872 1022 885 -
1040 833 1241 916 Ἀκακαλλλς
1254 836 1361 905 Athe·

186 968 196 981 ν
246 963 348 1007 naeus
371 940 415 1004 eit
437 961 509 1004 esse
530 939 665 1004 narcissi
687 960 824 1017 nomen,
855 937 945 1024 quod
967 936 1057 1025 opud
1076 937 1281 1025 Hesychium
1303 966 1363 1008 su·

239 1042 343 1133 ,καλλς
368 1039 528 1106 scribitur.
565 1035 716 1118 Ἀκιδνάς
744 1039 875 1127 saepius
905 1039 1024 1126 legitur
1052 1040 1112 1105 sed
1138 1037 1248 1120 κιδνός
1272 1042 1363 1129 apud

248 1143 336 1208 hunc
365 1141 485 1219 solum3
514 1163 591 1207 num
619 1141 654 1206 iu
676 1141 764 1208 Gud.
787 1142 866 1225 3211,
887 1141 939 1208 35.
962 1160 1022 1229 pro
1047 1141 1165 1209 Κιάνολ
1189 1138 1363 1230 σώφρονες

249 1244 457 1311 scribendum
479 1254 530 1310 est
547 1241 666 1321 κεδνολ,
684 1264 792 1330 neque
808 1254 922 1308 notum
938 1242 998 1308 tuit
1014 1241 1209 1309 Herodiano
1227 1243 1262 1308 in
1277 1244 1361 1330 Epi-

249 1345 409 1413 merismis
436 1339 572 1423 άκιδνος
593 1365 613 1408 ε
633 1344 732 1410 verbo
756 1344 839 1413 κλειν
856 1345 1016 1431 repetenti
1039 1367 1093 1432 ep.
1118 1344 1234 1411 Orion.
1257 1345 1287 1423 8,
1311 1347 1361 1411 12.

160 1489 164 1505 ·
248 1449 302 1517 cui
331 1448 427 1514 etism
450 1466 655 1533 synonymon
678 1442 795 1532 ἂκιράς
816 1446 1053 1512 accommodari
1078 1456 1196 1532 potest.
1236 1441 1361 1536 ’Λλαλή

157 1576 166 1592 ‘
249 1553 344 1638 παρὰ
370 1549 409 1615 τὸ
437 1549 528 1615 λαλῶ
558 1549 681 1614 Arcnd.
712 1549 791 1626 108,
826 1549 878 1615 23.
905 1547 959 1613 cui
985 1547 1124 1635 praeivit
1150 1548 1363 1614 Herodianus

247 1651 341 1716 Mon.
363 1649 416 1727 39,
442 1648 472 1713 6.
511 1643 695 1736 Ἀλαλητάς
718 1647 787 1717 ἀπὸ
812 1654 871 1716 τοῦ
893 1647 1036 1736 λαλητάς
1056 1650 1241 1736 προςθέσει
1262 1638 1362 1719 rofi}

248 1751 371 1818 Αεσοά.
394 1750 446 1827 82,
470 1751 499 1815 1.
525 1748 637 1818 Schol.
662 1750 880 1819 11.1v.436.
903 1749 940 1816 τὸ
960 1737 986 1817 T«
1008 1746 1184 1831 πλεονάζει
1211 1753 1258 1838 τῷ
1282 1746 1363 1818 ἀλα-

250 1849 350 1942 λητός
375 1851 489 1938 Apoll.
519 1851 612 1936 Synt
639 1852 667 1917 Ι.
697 1854 728 1931 2,
756 1854 787 1918 4.
816 1850 935 1939 quibus
962 1873 1029 1917 non
1056 1849 1131 1938 plus
1153 1852 1363 1919 concedimus

248 1977 348 2042 quam
369 1952 433 2020 hoc
453 1975 572 2019 nomen
595 1964 629 2018 et
649 1948 757 2021 άλαλά
779 1966 812 2018 et
832 1955 945 2021 λαλεῖν
965 1953 1055 2018 vocis
1080 1951 1239 2018 humanae
1263 1976 1363 2021 sonos

250 2058 441 2147 exprimere.
492 2054 615 2124 Suides
646 2054 693 2120 illi
723 2054 824 2143 ulpho
853 2053 1043 2142 epituticum
1069 2053 1181 2120 tribuit
1202 2055 1261 2121 sed
1283 2055 1362 2121 sub·

248 2160 423 2227 stontivum
444 2153 586 2244 λαλητός
610 2179 680 2222 uon
705 2158 809 2245 magis
837 2157 993 2222 usitatum
1020 2169 1070 2222 est
1091 2178 1190 2242 quam
1211 2156 1362 2246 φιληεάς,

250 2256 404 2350 φωνητάς
431 2256 536 2322 elieve
564 2257 769 2340 hujusmodi3
798 2280 874 2322 nam
895 2254 1075 2344 σπορηεάς,
1098 2255 1224 2346 άμητάς
1246 2261 1289 2324 ud
1312 2260 1362 2325 ui-

247 2382 377 2427 versum
399 2378 503 2446 genus
528 2359 701 2443 pertinent,
725 2359 765 2423 de
787 2381 853 2445 quo
874 2358 942 2423 (lixi
958 2358 1001 2423 ad
1018 2361 1140 2425 Buttm.
1159 2360 1233 2425 402.
1263 2356 1365 2427 :rte-

250 2464 313 2546 ζών
342 2459 576 2531 Valckenarius
608 2459 735 2547 Opusc.
765 2460 889 2525 1.128.
919 2461 971 2526 ed.
1001 2461 1096 2548 Lips.
1126 2461 1243 2528 eodem
1263 2464 1363 2529 modo

250 2575 381 2632 auctum
401 2584 474 2629 esse
497 2583 563 2648 quo
586 2558 730 2648 άσταφίς
751 2562 890 2628 credidit
910 2561 1069 2648 Hesychii
1091 2563 1221 2649 glossae
1240 2562 1365 2646 Λαζιόν

250 2660 398 2747 άλαζῶν,
428 2661 481 2728 cui
513 2662 754 2748 quodammodo
785 2664 959 2729 armillatur
985 2664 1120 2730 verbum
1146 2664 1235 2748 λάζιο
1258 2664 1293 2728 id
1315 2676 1365 2730 est

250 2761 373 2854 άβρίζω
401 2761 527 2830 Techn.
554 2763 604 2829 76.
638 2774 671 2829 et
700 2765 750 2831 83.
781 2766 839 2831 sed
859 2766 935 2849 jure
965 2765 1124 2851 abjicitur.
1161 2761 1365 2849 Ἀλαπάζειν

252 2879 285 2932 et
305 2863 467 2950 λαπάζειν
487 2865 586 2952 urlgo
606 2866 739 2952 quidem
762 2867 802 2932 de
825 2865 923 2932 rebus
951 2867 1050 2954 longe
1084 2867 1218 2934 diversis
1249 2868 1363 2935 dicun-

251 2983 312 3047 tur,
337 2968 396 3034 sed
414 2967 455 3033 ub
477 2967 618 3052 antiquis
639 2968 744 3034 doctis
764 2969 957 3054 rediguntur
978 2971 1022 3035 ed
1042 2993 1160 3036 unum:
1187 2968 1366 3057 λαφύττειν

252 3073 308 3139 καλ
330 3067 493 3152 λαπάζειν
513 3069 550 3137 τὸ
575 3069 727 3138 ἐκκενοῦν
749 3069 805 3137 καὶ
826 3067 1023 3152 άναλίσκειν,
1045 3071 1129 3140 ὅθεν
1151 3070 1207 3138 καὶ
1225 3070 1284 3140 ἐπὶ
1304 3075 1366 3138 τοῦ

251 3178 397 3258 πορθεῖν
424 3171 463 3238 τὸ
496 3165 684 3254 ἀλαπάζειν
705 3167 737 3239 oi
760 3170 900 3258 ποιηταὶ
921 3169 1097 3241 τάττουσιν
1117 3171 1242 3239 Athen.
1265 3170 1363 3240 VIII.

252 3272 325 3339 362.
367 3273 408 3340 Ε.
432 3292 537 3357 eoque
559 3272 725 3339 intellectu
744 3271 930 3357 Aeschylus
952 3273 1115 3355 λαπάζειν
1141 3274 1312 3361 usurpavit
1332 3285 1366 3339 et

252 3369 432 3452 λαπαὸνάς,
458 3384 495 3438 ut
515 3373 723 3439 Hermunnus
744 3372 877 3458 corrigit
900 3394 961 3459 pro
985 3367 1187 3452 ἂλαπαάνάς,
1210 3375 1262 3439 cui
1282 3375 1363 3442 EM.

253 3475 317 3553 sic,
346 3487 384 3539 ut
402 3473 503 3540 verbo
530 3474 613 3561 ipsi,
636 3474 736 3564 alpha
756 3474 992 3561 pleonnsticum
1012 3472 1174 3558 assignet3
1197 3467 1364 3544 άλάπαθα

253 3573 286 3644 οἳ
309 3571 455 3642 Ἀττικοὶ
483 3573 524 3643 τά
554 3573 726 3658 κενώματα
756 3574 867 3645 Schol.
901 3573 1042 3640 Theocr.
1070 3572 1117 3637 II.
1147 3573 1198 3638 86.
1229 3586 1261 3641 et
1286 3577 1363 3645 Sch.

251 3682 322 3749 BL.
343 3679 386 3745 ed
406 3677 446 3742 Il.
469 3678 511 3745 V.
535 3675 606 3741 166.
628 3677 685 3743 ubi
704 3678 875 3746 Beklrerus
898 3675 1010 3742 nescio
1032 3695 1130 3759 quam
1152 3672 1283 3743 obrem
1305 3678 1364 3745 λά·

177 3838 181 3843 .
253 3791 354 3850 παθα
387 3776 527 3865 scripsit.
564 3814 605 3825 -
646 3778 692 3844 Τὸ
723 3776 832 3861 μολόν
860 3779 1065 3864 πλεονασμῷ
1092 3764 1209 3845 sori}
1240 3778 1365 3862 γίνεται

252 3878 391 3967 άμαλάν,
409 3879 446 3959 ἔξ
463 3867 503 3945 οὗ
524 3875 562 3943 τὸ
581 3875 756 3959 &partlm
775 3877 831 3944 καλ
849 3870 1039 3962 άμσλάπται
1062 3870 1249 3963 παράγεται
1268 3880 1363 3946 Eust.

253 3984 325 4063 690,
355 3982 408 4047 48.
437 3978 494 4065 qui
523 3977 587 4044 alio
613 3979 686 4045 loco
710 4004 745 4067 p.
771 3977 869 4055 1270,
897 3976 949 4044 58.
979 3975 1145 4062 antiquum
1172 3980 1365 4067 scripturam

254 4080 339 4169 άρνα
374 4080 484 4170 μαλήν
514 4079 553 4145 Il.
590 4080 708 4147 XXII.
740 4079 814 4145 310.
846 4079 1075 4166 interpretetur
1104 4079 1297 4166 pellicerio,
1333 4096 1365 4149 et

255 4185 354 4252 hodie
381 4185 457 4252 lans
485 4192 619 4249 vocatur
638 4181 729 4267 μάλα
752 4191 785 4243 et
803 4178 924 4261 μαλλον
951 4178 1090 4247 fortasse
1119 4179 1162 4248 ob
1184 4180 1362 4249 mollitudi-

252 4310 327 4354 nem
348 4298 384 4355 ut
406 4288 513 4376 μῆλον
538 4284 606 4353 ovis
629 4294 662 4349 et
682 4281 843 4349 mollestro
860 4278 956 4371 pellis
983 4283 1093 4365 oville3
1122 4282 1230 4352 mollis
1253 4296 1363 4359 eutem
