2736 4778
141 367 206 433 nn
231 363 452 434 srucorn
473 361 621 430 umus
641 360 863 430 voonms.
878 398 881 403 -
895 359 936 428 c.
951 324 989 428 1.'
1003 364 1029 448 ς.
1043 363 1074 430 e.
1110 365 1186 441 aar

61 560 182 617 vocant
199 552 252 636 ¹⁵)
288 569 414 634 eaeque
441 567 551 634 -ssepe
582 544 716 632 quidem
748 566 823 610 cum
854 546 1071 613 ostentatione
1102 568 1184 614 con·

55 653 195 736 junctae
221 660 299 716 eunt
326 649 389 716 sed
414 670 482 714 non
499 662 652 734 semper.
703 646 823 731 Iteque
849 668 916 711 non
939 667 958 710 a
980 647 1076 731 τέρας
1097 648 1185 713 deri·

62 763 175 818 vatum
200 753 347 829 videtur,
369 750 462 836 quod
481 746 758 834 Wytteubachius
775 757 882 812 ratum
904 745 1018 811 hebuit
1038 746 1082 812 ad
1096 747 1189 815 Ptnc

62 854 107 919 de
135 854 227 918 And.
260 852 334 918 564.
365 851 427 916 sed
454 850 654 934 ατέρδρον,
684 871 749 934 quo
782 849 810 913 si
837 848 987 913 universe
1015 846 1055 913 ed
1086 843 1188 934 dapes

67 953 287 1038 significatum
310 961 369 1029 est,
393 951 483 1017 houd
504 950 749 1016 dissentaneum
768 948 831 1014 luit
850 945 1013 1036 τερθρεία
1038 947 1104 1013 dici
1125 968 1187 1034 pro

68 1046 301 1138 ἆνριβολογία.
361 1051 430 1119 Sed
459 1051 642 1117 invenimus
678 1051 767 1117 eliud
800 1050 938 1139 primae
958 1049 1188 1117 declinationis

65 1173 189 1216 nomen
211 1151 245 1215 in
267 1151 501 1239 compositione
523 1153 690 1219 concisum
709 1150 845 1241 ραπάτη
868 1149 1073 1240 pencestes.
1108 1149 1188 1217 Ad-.

53 1252 218 1336 jectivum
250 1250 436 1336 hujusmodi
466 1253 592 1320 indicat
613 1254 696 1320 ΕΜ.
724 1254 777 1331 et,
802 1251 858 1317 26.
890 1249 985 1336 παρὰ
1011 1250 1052 1317 τὸ
1079 1248 1187 1334 μύσος

61 1348 234 1437 μοααχρός
263 1349 411 1439 μαοχρός
443 1353 503 1421 καί
531 1349 700 1439 ἂμοαχρός
731 1350 751 1420 δ
782 1346 939 1435 καθαρός
970 1374 1000 1416 v.
1035 1351 1183 1418 Meinelr.

62 1451 174 1515 Anell.
192 1451 266 1516 261.
288 1452 348 1518 sed
369 1453 624 1540 originationem
644 1454 779 1520 dubiem
798 1453 908 1519 reddit
928 1463 1099 1530 occentus,
1127 1453 1186 1538 qui

62 1553 97 1615 in
119 1552 310 1639 compositis
332 1547 526 1645 ίίγλιοχρος,
550 1553 758 1640 πάναισχρος
778 1553 963 1620 retrahitur.
1005 1555 1059 1619 Ex
1087 1555 1184 1620 tertio

62 1654 180 1718 ordine
197 1652 262 1719 huc
278 1664 450 1721 revocetur
471 1649 554 1736 οὖας
575 1655 633 1722 ναὶ
652 1655 737 1723 κατὰ
751 1656 923 1742 σογνοπίγν
939 1646 997 1733 οὖς
1016 1654 1184 1722 Choerob.

62 1753 147 1820 Can.
165 1753 241 1819 385.
255 1756 351 1820 Euat.
369 1756 462 1834 1213,
477 1756 532 1822 48.
551 1757 633 1835 ,Alii
654 1779 732 1822 vero
755 1748 814 1835 οὖς
836 1778 877 1821 ex
899 1750 960 1835 ίίος
981 1765 1184 1823 contractum

64 1854 194 1933 dicunt,
217 1854 282 1921 hoc
302 1866 410 1921 eutem
431 1857 483 1921 vel
504 1878 546 1922 ex
567 1851 631 1935 ίίος
651 1879 845 1924 conversum
867 1880 939 1922 esse
960 1857 1069 1944 elphe,
1092 1860 1185 1944 quod

62 1955 98 2018 in
111 1954 214 2020 verbo
231 1951 465 2043 diwlappereh
484 1958 519 2022 in
537 1946 705 2024 omicron
723 1969 866 2035 mutato,
887 1958 940 2022 vel
962 1981 1004 2022 ex
1027 1953 1090 2035 ίίας
1110 1983 1184 2023 mu·

62 2068 132 2120 teta
153 2056 260 2121 vocali
283 2057 397 2122 ultima
416 2068 454 2123 ut
475 2061 576 2144 δέρας
597 2059 709 2143 δέρος,
740 2058 831 2142 quod
858 2057 939 2122 EM.
960 2057 1034 2134 638,
1055 2058 1184 2124 dhre·

62 2157 126 2222 fert
148 2180 189 2222 ex
212 2155 295 2222 libro
318 2159 400 2242 περί
421 2163 547 2225 παθῶν
580 2156 644 2224 hoc
673 2167 724 2223 eet
741 2156 942 2234 Herodiani‚
980 2157 1037 2242 qui
1063 2156 1098 2222 in
1122 2156 1184 2225 hac

61 2280 165 2322 cauea
184 2257 381 2344 plus'semel
404 2258 562 2325 excitetur
583 2282 613 2324 v.
636 2259 762 2325 Techn.
782 2261 855 2326 313.
895 2258 1183 2342 Quemadmodum

62 2380 143 2423 vero
167 2353 223 2436 οὖς
243 2359 380 2424 retertur
401 2359 486 2425 inter
506 2361 640 2425 nomine
657 2362 801 2450 μονήρη,
831 2362 878 2430 ite
904 2361 1012 2428 verbis
1034 2362 1182 2447 singule·-

63 2459 154 2524 ribus
187 2460 466 2527 adnumerandum
498 2473 548 2526 est
579 2463 718 2545 δανείζω
751 2462 876 2528 Techn.
909 2464 983 2528 223.
1018 2474 1051 2527 et
1085 2462 1183 2548 hujus

63 2583 197 2646 quoque
217 2583 316 2627 causa
337 2563 472 2648 ponitur
495 2563 530 2627 in
556 2563 664 2649 ellipsi
689 2563 830 2628 vocalis:
857 2562 954 2648 παρὰ
981 2560 1020 2628 τὸ
1049 2559 1187 2632 δάνειον.

63 2659 227 2744 cerredi-{tc
259 2661 318 2728 καὶ
351 2659 385 2728 ἔν
417 2669 572 2753 συγκοπῇ
610 2660 750 2746 δανείζω
766 2663 950 2737 ,Choeroh
989 2664 1025 2731 in
1058 2665 1181 2733 Psalm.

61 2765 137 2840 142,
167 2764 217 2828 10.
268 2762 310 2827 ld
338 2763 366 2826 si
393 2785 466 2828 cum
492 2763 618 2847 γένειον
643 2759 816 2849 γοναιάζω,
847 2763 984 2832 κώνειον
1013 2766 1183 2850 κωνειάζω

60 2865 303 2941 contendimus,
324 2863 429 2928 voceli
448 2864 637 2930 destitutum
655 2866 819 2942 dicemus;
840 2866 900 2931 sed
919 2866 997 2951 quia
1014 2889 1184 2952 nunquam

58 2974 285 3051 regeneretur,
305 2964 341 3028 in
362 2963 468 3050 primo
491 2979 563 3031 satu
584 2965 708 3031 ebolite
727 2967 865 3031 videtur.
900 2968 1084 3032 Plurimum
1104 2967 1182 3034 hinc

62 3065 174 3129 differt
202 3061 294 3152 ἥγιζα
324 3059 396 3132 ἀπὸ
430 3069 490 3132 τοῦ
518 3061 634 3154 ἡγίαζε
662 3064 748 3132 κατὰ
775 3063 946 3151 σογκοπὴν
975 3065 1052 3130 Sch.
1078 3067 1189 3134 Arist.-

60 3167 151 3231 Plut.
173 3165 248 3231 681.
268 3165 396 3251 aliaque
416 3165 518 3231 verbe
538 3165 713 3250 dupliciter
732 3165 919 3242 terminate,
941 3186 1025 3250 quse
1046 3167 1190 3254 copiose·

62 3257 196 3333 tractavi
217 3267 252 3331 in
275 3266 378 3333 Proll.
397 3265 580 3332 ete-483.
610 3277 642 3331 et
663 3265 713 3331 his
734 3266 851 3332 similia
869 3267 1003 3332 nomina
1023 3260 1189 3351 ἆγιαστία.

59 3367 220 3435 καὶκατὰ
238 3367 409 3453 ocyrensis
423 3364 557 3453 dyracio
570 3368 651 3434 ΕΜ.
669 3369 720 3448 10,
735 3370 788 3436 st.
824 3367 940 3456 Φὺγδα
956 3368 997 3434 ab
1013 3369 1184 3456 Aeschylo

62 3491 124 3555 pro
161 3466 291 3554 φύγαδε
322 3467 467 3555 positum
498 3468 603 3535 simile
639 3480 690 3535 est
720 3471 851 3556 glossae
885 3471 1035 3558 Paphiae
1064 3470 1190 3560 Θδρδα·

61 3567 127 3649 ἔξω
148 3570 233 3634 Hes.
255 3567 320 3634 hoc
342 3581 391 3635 est
411 3567 545 3655 θίραδα
566 3570 634 3636 sive
656 3569 820 3657 θύρανδα,
848 3572 909 3637 sed
928 3581 965 3637 ut
987 3571 1108 3662 μίγδην
1128 3575 1190 3643 di·-

59 3671 147 3735 citur
172 3680 205 3734 et
233 3670 351 3754 μίγδα,
379 3667 538 3758 κρύβδην·
558 3680 592 3737 et
618 3668 760 3758 κρύβδα,
796 3673 843 3738 sic
872 3673 918 3738 illi
944 3674 1036 3740 licuit
1056 3688 1182 3746 mutere

60 3771 323 3837 terminationem
349 3765 478 3860 φύγδην
504 3770 629 3860 φύγδα.
649 3848 652 3853 ,
676 3772 790 3861 Alphe
810 3773 902 3861 longi
925 3775 1090 3846 abscessio
1112 3804 1191 3846 non·

61 3872 142 3937 setis
176 3870 335 3957 probetur
370 3872 528 3959 exemplis
561 3874 800 3958 gentiliciorum
838 3877 956 3963 quibus
990 3879 1180 3967 Stephanus

133 4125 178 4193 15)
199 4122 246 4179 sie
264 4123 431 4180 Aristotelea
448 4125 521 4197 Top.
533 4124 611 4180 VIll.
633 4128 662 4193 l,
678 4129 736 4183 152.
751 4131 780 4184 b.
805 4128 852 4185 tut
872 4132 965 4190 πίλους
984 4123 1179 4207 Ιτερδροιίονιοι

61 4212 229 4275 tricentur-5
246 4213 274 4265 ol
289 4213 455 4267 destrueret
474 4215 538 4286 περὶ
556 4211 605 4282 τὴν
622 4216 678 4270 τῶν
695 4210 788 4286 λόγων
805 4220 953 4287 τερθρείαν
970 4217 1180 4298 κατατρίβονται

59 4294 147 4366 Diog.
161 4295 291 4351 Prooem.
310 4298 335 4364 5.
351 4298 392 4353 17.

907 4384 971 4451 15*
