2736 4778
114 321 118 330 ’
222 331 288 408 ΒΕ
308 331 577 399 PROSTFIESI
598 332 659 396 ET
682 332 945 400 APHAERESI.
980 331 1019 399 C.
1037 333 1115 400 Vll.
1170 337 1241 408 103

126 512 222 579 batur
248 515 283 578 in
307 515 410 581 Proll.
438 514 512 579 261.
528 508 603 596 ’Ίβη
627 524 658 577 et
679 513 763 599 θέβη
787 515 877 600 prius
899 517 991 580 attuli
1014 515 1052 582 C.
1074 517 1138 580 111.
1162 520 1187 601 ξ.
1209 519 1239 583 3.

122 611 177 701 Ὑή
206 614 335 700 Σεμέλη
356 617 440 678 Ηεε.
468 613 625 678 incertum
646 610 804 679 habemus
833 636 1025 700 graecumne
1054 619 1096 681 sit
1122 641 1242 684 nomen

126 715 315 800 significans
350 715 533 800 thyiadem,
565 736 640 778 nam
677 714 792 779 eadem
831 711 949 802 Θυώνη
981 729 1096 781 vocata
1128 731 1177 784 ost
1210 731 1243 785 et

123 814 278 881 Bacchae
308 821 407 882 θυῖαι
426 821 494 898 ¹⁴),
517 837 559 879 an
581 814 659 898 quia
681 814 832 880 Bacchus
855 837 874 879 a
897 813 1080 880 Thracibus
1100 817 1248 903 Phrygi?

124 914 255 1000 busque
277 915 445 980 invocatus
467 925 517 980 est
530 914 623 1000 Ὕης,
648 915 724 980 hinc
753 916 847 980 matri
870 916 940 1000 ejus
962 940 1083 983 nornen
1106 917 1243 982 affinxe-

125 1017 192 1080 rint
210 1014 273 1101 Ὕη
305 1016 372 1081 sive
393 1012 458 1104 Ὺη.
509 1015 579 1083 Sed
606 1020 697 1103 θυᾷν
726 1015 843 1082 subare
865 1028 898 1082 ct
920 1018 1022 1083 surire
1048 1017 1090 1082 ab
1117 1008 1155 1096 ὗς
1177 1018 1244 1081 sive

128 1121 190 1193 σιἰς
212 1115 389 1181 derivatum
410 1137 481 1181 esse
502 1138 563 1202 pro
586 1136 653 1179 non
675 1114 776 1182 dubio
797 1116 944 1182 habetur.
985 1112 1096 1198 Ἰακχά
1117 1115 1244 1204 στεφά-

127 1240 221 1294 νωμα
250 1214 284 1282 ἐν
311 1219 453 1282 Σικυῶνι
481 1227 514 1281 et
548 1211 678 1297 Θιακχοὶ
707 1209 796 1303 ἶν’νθη
827 1217 861 1285 ἐν
882 1222 1024 1286 Σικυῶνι
1046 1220 1128 1283 Ηεε.
1151 1229 1264 1304 patet.

123 1314 211 1395 idem
232 1336 305 1380 esse
326 1314 536 1393 vocabulum3
560 1336 622 1380 nec
649 1316 805 1382 dissimile
826 1317 953 1383 videtur
975 1316 1099 1402 βάκχος
1118 1314 1137 1383 ὁ
1162 1314 1244 1383 κλά-

123 1416 183 1493 δος
204 1438 235 1480 v.
259 1415 428 1503 Aglaoph.
456 1417 497 1480 Τ.
519 1416 548 1480 Ι.
570 1416 644 1480 308.
700 1414 865 1498 Θολκάζει
887 1420 1120 1502 χαλιναγωγεῐ,
1151 1417 1241 1501 quod

120 1515 292 1601 Bentlejus
321 1516 485 1594 confodit,
514 1516 555 1582 ab
587 1517 704 1582 eodem
737 1539 844 1582 errore
876 1518 1059 1603 profectum
1085 1531 1135 1582 est
1153 1517 1240 1581 unde

123 1611 265 1696 δαιόζει.

207 1715 268 1782 VI.
312 1712 447 1794 Καυλός
468 1715 505 1782 τὸ
535 1709 637 1801 lixum
657 1720 717 1785 τοῦ
740 1714 883 1803 δόρατος
906 1714 991 1785 κατὰ
1011 1712 1240 1796 πλεονασμόν·

123 1810 216 1902 αὐλῷ
237 1816 303 1902 γὰρ
326 1813 413 1884 ἔοικε
436 1817 516 1882 ΕΜ.
539 1816 613 1895 493,
638 1820 666 1883 1.
698 1818 831 1883 Etenim
852 1828 991 1903 utroque
1013 1817 1145 1881 nomine
1167 1838 1239 1881 cor·

123 1937 206 2001 pora
233 1914 380 1982 tubulata
404 1917 626 2002 significantur
653 1929 684 1983 et
712 1918 788 1983 hinc
816 1915 926 1984 αι’νλῶν
947 1915 1052 1995 τόπος
1075 1915 1242 2003 ἐπιμήκης

123 2016 180 2082 καλ
208 2016 323 2095 στενὸς
350 2012 513 2102 ἀγκάλαις
537 2010 609 2084 οἷον
632 2015 867 2103 περιεχόμενος
889 2017 1017 2081 Anecd.
1040 2016 1145 2081 Bekk.
1167 2015 1241 2083 463.

123 2112 261 2194 ἔναυλος
287 2116 469 2203 χείμαῤῥος
497 2114 555 2183 διὰ
585 2119 700 2182 στενοῦ
734 2116 791 2181 καλ
821 2113 1008 2201 ἒπιμήκους
1029 2111 1137 2181 τόπου
1159 2113 1243 2203 ῥέων

123 2214 220 2302 παρὰ
248 2215 307 2282 τὸν
335 2211 455 2293 αὐλόν,
485 2209 547 2304 ἀφ’
577 2206 617 2282 οὗ
640 2214 697 2281 καὶ
719 2209 738 2304 ι)
764 2208 871 2306 asilu}
889 2215 983 2280 Eust.
1008 2214 1100 2292 1236,
1123 2213 1240 2297 50.¹⁵)

124 2314 303 2383 Καυλωνία
333 2312 501 2403 πρότερον
521 2310 684 2382 Αὐλωνιά
710 2315 867 2401 λεγομένη
897 2315 954 2383 διὰ
977 2313 1033 2381 τὸν
1060 2313 1242 2400 προκείμε-

122 2433 180 2481 νον
207 2412 342 2482 αι’νλῶνα
370 2414 477 2483 Strab.
505 2416 564 2483 VI.
591 2415 664 2481 261.
693 2427 725 2482 et
750 2417 911 2502 Scymnus
936 2440 966 2482 v.
989 2417 1063 2482 320.
1115 2418 1155 2481 In
1177 2416 1240 2482 hoc

122 2515 223 2601 igitur
243 2517 332 2581 nulla
353 2527 482 2602 praeter
502 2515 688 2603 prosthesin
712 2518 797 2582 lacta
817 2531 867 2583 est
884 2517 1034 2592 mutatio;
1058 2517 1117 2580 sed
1140 2512 1241 2594 αὐλός

123 2626 156 2681 et
180 2615 302 2695 καυλός
332 2617 494 2683 diversum
515 2617 713 2683 intellectum
735 2618 866 2696 habent,
890 2618 1043 2703 idemque
1067 2615 1240 2680 discrimen

122 2716 207 2782 inter
228 2739 267 2782 ea
289 2740 374 2802 quae
394 2718 505 2804 Epim.
527 2717 555 2781 I.
578 2718 651 2784 251.
672 2728 705 2784 et
723 2719 795 2785 254.
818 2744 892 2786 oum
910 2719 973 2784 illis
992 2717 1116 2784 conlert
1133 2713 1241 2794 τύπος

122 2815 181 2883 καὶ
208 2817 410 2906 πλεονασμῷ
442 2806 553 2886 cori}
578 2817 717 2899 κτύπος,
744 2821 845 2907 νέφος
876 2829 908 2884 et
929 2819 1060 2907 κνέφας.
1103 2819 1189 2883 ltom
1211 2817 1240 2881 si

122 2917 219 3002 κῆλα,
241 2926 278 2980 ut
300 2917 334 2981 in
355 2918 435 2983 EM.
463 2919 607 2996 traditur,
629 2918 669 2984 ab
687 2917 763 3007 ἱήμι
784 2918 856 3006 ἥσω
880 2918 1058 2983 derivatum
1087 2930 1137 2984 est
1160 2940 1239 3004 pro-

122 3017 260 3104 prieque
285 3019 420 3084 missilia
443 3019 619 3105 significat,
646 3041 698 3084 res
724 3018 765 3082 ab
787 3018 960 3082 affectione
983 3019 1051 3082 abit
1071 3020 1113 3081 ad
1136 3019 1239 3082 deno·

120 3117 349 3197 nriuationem3
371 3120 449 3185 item
469 3120 497 3184 si
521 3121 680 3195 κέλευθος
702 3114 798 3198 παρὰ
821 3115 859 3183 τὸ
882 3114 1011 3183 llutos
1035 3117 1112 3183 Soh.
1131 3120 1175 3181 A.
1199 3118 1242 3181 ad

121 3219 162 3283 Il.
191 3219 220 3283 Ι.
249 3221 323 3285 312.
353 3220 442 3287 Gud.
472 3221 546 3296 314,
576 3217 670 3300 52¹⁶)
700 3215 755 3280 olii
783 3238 860 3281 vero
883 3217 926 3280 ad
949 3218 1075 3284 κέλλειν
1098 3219 1242 3282 referunt

194 3396 239 3463 tt)
255 3396 396 3467 Thyiades
413 3397 497 3451 stiam
507 3391 610 3454 Ὑάδας
625 3398 738 3447 uocatas
755 3409 816 3446 esso
827 3393 985 3465 Hesychius
999 3396 1084 3449 docet
1091 3390 1243 3467 Ἔνασιρος

120 3477 236 3543 Μαινιλς
248 3474 355 3553 Ἀχαιός
373 3479 435 3535 ἀντὶ
453 3483 501 3534 τοῦ
516 3474 593 3540 Ὑιὶς·
606 3475 654 3538 τὰς
670 3477 724 3550 γὰρ
736 3474 850 3549 Βάκχας
862 3477 966 3540 Ὺιὶιλας
979 3480 1084 3549 ἔλεγον.
1111 3482 1240 3537 Achaeus

121 3565 209 3636 igitur
223 3567 324 3623 audaci
338 3563 485 3637 metalepsi
499 3580 602 3618 nomen
613 3562 738 3628 Maenas,
751 3562 817 3632 quis
829 3562 904 3618 idom
917 3563 1020 3618 dicitur
1035 3563 1120 3627 Θυιιὶς
1129 3575 1158 3622 et
1167 3565 1241 3636 Ὑιὶς,

121 3652 265 3707 transtulit
282 3654 320 3707 ad
334 3652 457 3723 Hyades.
469 3650 614 3714 caelestes,
634 3665 706 3718 quac
724 3665 741 3702 a
759 3647 843 3718 longe
862 3648 918 3703 alio
937 3651 1025 3705 verbo
1044 3652 1242 3707 denominatae

122 3745 234 3790 suut.-
244 3732 371 3807 Τελιομός
380 3732 482 3806 ἥσυχος
493 3734 612 3789 fortasse
623 3737 744 3808 θέλημος
756 3733 817 3799 fuit,
829 3734 909 3805 cujus
924 3739 1022 3791 eadem
1034 3736 1240 3810 interpretatio.

195 3821 240 3889 15)
251 3820 363 3875 Servius
376 3823 412 3875 ad
422 3821 493 3874 Aen.
501 3818 554 3872 IX.
564 3820 605 3872 60.
616 3817 719 3873 εαυλιιε
731 3824 776 3873 est
788 3836 927 3892 ηυιιοαιπι
940 3839 1046 3876 nomen
1061 3811 1244 3886 εἰλοίνοειος

125 3905 235 3960 Graect
258 3910 337 3960 enim
361 3902 443 3965 αὐλός
465 3910 571 3959 vocant
595 3904 773 3958 animalium
796 3907 992 3978 νοειηιλιιικιλιι.
1036 3908 1136 3978 Neque
1161 3907 1243 3963 aliter

122 3990 209 4045 sentit
219 3990 323 4046 Corsos
338 3991 374 4042 ad
385 3987 551 4043 notiones.
562 3981 632 4056 αὐλή
643 3991 775 4045 inurunt
789 3989 877 4046 caula
890 3988 905 4059 'l
919 3992 1040 4053 ἔπαυλις.
1067 3994 1125 4046 Sed
1138 3992 1242 4048 rectius

122 4078 225 4131 Festus
241 4074 353 4129 (tautae
371 4092 390 4128 ο
409 4091 483 4129 caco
502 4074 611 4131 dictae.

196 4162 241 4229 to)
261 4159 439 4224 Heraclides,
459 4159 482 4214 si
501 4167 531 4215 ut
550 4158 712 4215 Eustathius
732 4158 800 4213 dicit
819 4162 883 4225 734,
902 4161 944 4213 36.
965 4178 1027 4214 cum
1044 4164 1192 4218 Καυλωνία
1214 4173 1243 4221 et

123 4251 256 4309 κέλευθος
269 4244 440 4317 comparauit
457 4251 595 4316 κανθηλλα
611 4252 744 4316 tauquam
757 4243 831 4300 idem
845 4242 1003 4315 significans
1016 4255 1100 4319 atque
1113 4246 1241 4319 ἀνθηλια,
