2736 4778
176 369 238 436 186
564 365 844 435 DISSERTATIO
865 367 937 435 vll

175 532 226 615 38,
250 525 312 600 ὦσι
335 531 385 611 50,
409 524 479 599 εἷλε
502 530 552 612 05,
577 526 762 619 ἀνεχώρησε
774 530 825 612 73,
851 533 1002 599 Φωκεῦσι
1015 531 1086 612 112,
1109 526 1310 621 ἐτελεύτησε

177 635 248 717 138,
270 637 321 703 cui
342 636 397 701 uni
419 637 481 702 duo
497 639 621 702 tantum
644 641 677 703 et
699 636 721 700 ii
744 636 901 702 secundae
917 635 1028 701 elassis
1039 635 1163 701 codices
1187 639 1228 700 νῦ
1253 653 1308 702 as·

175 743 279 805 suunt
323 738 407 803 Ante
428 738 553 803 vocales
575 756 650 804 uero
673 739 855 826 κατέφυγεν
878 757 904 804 a
927 738 978 820 62,
1013 735 1093 806 εἰσίν
1115 756 1140 804 a
1163 737 1219 804 47.
1265 739 1306 806 In

174 842 313 910 secundo
332 842 467 929 φέρουσι
490 859 516 906 0.
540 840 590 920 37,
614 836 680 908 εἶσί
700 840 751 921 64,
774 843 955 930 συνέγραφε
978 842 1028 922 70,
1051 841 1232 910 ἐδικαίωσε
1249 843 1308 923 71;

174 953 208 1014 at
231 946 287 1013 ubi
296 946 413 1012 vocalis
425 945 572 1023 succedit,
596 942 705 1024 ἔλεξεν
727 964 753 1011 a
767 945 814 1027 10,
838 940 964 1013 ἀνεῖλεν
979 945 1026 1026 18,
1050 944 1232 1034 ἐκράτησεν
1253 946 1307 1027 37,

174 1067 308 1134 quorum
331 1049 387 1114 uni
411 1049 597 1135 συνέγραψε
619 1048 682 1113 duo
704 1048 792 1115 codd.
815 1052 853 1116 νῦ
875 1049 1234 1116 minimeneoessarium
1249 1068 1306 1134 ag·

174 1154 344 1236 glutinant,
380 1151 564 1234 Kruegerus
593 1169 668 1217 vero
689 1151 843 1219 omnibus.
887 1153 947 1219 His
980 1159 1193 1220 comentanea
1229 1160 1308 1221 sunt

174 1275 257 1340 quae
283 1255 368 1337 apud
382 1254 624 1336 Xenophontem
646 1256 860 1337 reperiuntur:
885 1251 1054 1344 ἀπήγαγεν
1065 1256 1209 1324 HellIV
1225 1275 1254 1323 e
1275 1255 1306 1335 4,

173 1359 334 1445 ἔπραττεν
355 1357 401 1423 vl
424 1375 450 1422 0
473 1357 503 1437 2,
526 1359 620 1449 ζῶσιν
641 1358 769 1425 Menum
792 1359 825 1424 II
846 1377 872 1425 0
896 1358 924 1439 7,
949 1356 1191 1445 παρεσκεύαζεν
1207 1358 1258 1426 lv
1279 1377 1307 1426 0.

174 1460 195 1528 4
220 1465 350 1526 etanta
375 1454 547 1527 consonam
566 1459 663 1550 ἔληξε
684 1460 766 1527 Hell.
788 1461 838 1528 111
859 1480 885 1528 a
907 1463 937 1543 2,
960 1454 1026 1544 εἶχε
1048 1462 1094 1528 VI
1114 1461 1151 1541 4,
1184 1462 1307 1545 quibus

173 1563 399 1647 comprobatur
421 1566 651 1652 πλημμελοῦσι
674 1565 801 1630 Memm
824 1565 874 1631 ΠΙ
894 1564 925 1646 4,
947 1571 984 1631 ut
1004 1565 1038 1631 in
1058 1570 1197 1647 quatuor
1211 1566 1306 1633 oodd

174 1669 327 1751 seriptum
349 1673 400 1734 est
420 1666 543 1734 abieoto
564 1665 665 1735 falum
686 1668 800 1750 inutili,
835 1669 919 1751 quod
941 1669 1035 1752 vulgo
1055 1672 1223 1750 receptum
1245 1673 1306 1735 ast

176 1769 226 1836 De
248 1769 299 1836 his
321 1771 427 1853 igitur,
448 1771 482 1836 in
504 1770 618 1853 quibus
641 1772 713 1839 libri
735 1772 845 1855 scripti
856 1772 995 1854 editiqua
1017 1771 1206 1855 plerumque
1228 1790 1306 1839 oon-

181 1875 331 1953 sentiunt,
353 1893 416 1940 non
438 1891 628 1956 magnopere
649 1875 840 1942 laboramus.
855 1911 890 1922 —
905 1873 970 1940 Sed
992 1873 1163 1942 difficultas
1184 1893 1304 1958 sggra·

181 1978 289 2057 vescit,
312 1978 340 2042 si
363 1978 405 2043 ad
426 1976 481 2043 illa
502 1976 723 2056 descendimus
745 1980 1040 2046 enuntiatorum
1070 1979 1305 2060 intervalla,

33 2144 39 2154 .
172 2100 255 2164 quae
276 2081 412 2164 propriis
434 2078 734 2162 quibusdamsignis
754 2081 858 2147 notari
881 2082 991 2147 solent
1035 2080 1177 2147 Primum
1198 2081 1302 2150 inter·

156 2183 366 2267 rogationis,
404 2184 471 2249 sive
503 2183 531 2247 is
565 2183 620 2265 qui
651 2184 827 2265 interrogat
858 2182 986 2249 sibimet
1016 2185 1084 2266 ipse
1117 2184 1302 2267 respondet,

170 2305 258 2371 -quae
280 2287 394 2354 erebra
415 2286 525 2352 estin
545 2284 740 2353 orationibus
772 2283 888 2368 ligura,
921 2288 988 2354 sive
1021 2287 1102 2353 alius
1135 2288 1304 2356 cuiusdam

172 2391 318 2475 quaesito
339 2391 503 2470 succurrit,
525 2393 563 2455 ut
584 2387 622 2456 fit
642 2390 675 2454 in
696 2388 837 2471 dialogis.
881 2390 1139 2474 Hicplerumque
1159 2391 1303 2474 regulae.

176 2512 259 2578 quae
281 2499 332 2561 est
353 2495 395 2560 de
415 2493 639 2576 consequentia
653 2492 827 2574 literarum,
849 2493 1033 2559 inservitur:
1057 2487 1097 2560 οὔ
1120 2493 1199 2577 περὶ
1224 2490 1303 2560 τοῦ·

172 2594 409 2685 τωνὋμηρος
443 2593 642 2682 πεποίηκεν,
674 2593 801 2684 Ἀληθῆ
824 2597 928 2681 λέγεις
950 2595 1031 2662 Plat
1064 2595 1130 2661 Ion.
1159 2593 1222 2661 531
1263 2596 1303 2677 D,

173 2705 228 2766 νῦν
252 2701 289 2769 δὲ
310 2700 343 2766 εἰ
366 2705 532 2778 ποιοῦσιν,
558 2692 674 2785 Ἔργον
695 2699 755 2781 μὲν
778 2695 875 2767 οὐδὲν
898 2697 1126 2785 ἀποφαίνουσι
1157 2698 1252 2766 Dein.
1274 2719 1301 2768 c„

172 2801 296 2885 Aphob.
319 2791 430 2867 1825.
457 2799 494 2866 16
516 2800 553 2866 R
576 2806 610 2866 et
631 2807 753 2868 contra:
788 2797 921 2883 ἀκούεις
943 2794 965 2868 d
989 2804 1136 2887 llynvor5
1170 2799 1301 2870 Βούλο-

171 2932 233 2991 μαι
259 2943 294 2954 -
319 2925 349 2988 p.
373 2904 443 2970 Cor.
466 2903 537 2969 243.
563 2905 591 2969 2.
636 2905 700 2971 Sed
721 2907 773 2973 hie
793 2927 855 2973 non
877 2926 951 2973 raro
973 2907 1117 2988 subrepit
1149 2923 1298 2986 consona,

172 3028 253 3093 quae
275 3009 336 3075 nisi
357 3026 477 3090 pausae
492 3009 617 3074 nomine
640 3007 767 3075 delendi
788 3030 850 3075 non
872 3014 993 3092 potest:
1028 3004 1145 3074 οὐκοῦν
1167 3007 1207 3073 ιι)
1242 3034 1297 3092 μι-

56 3173 63 3188 ,
171 3112 277 3200 pinedo
300 3111 334 3178 ἐν
371 3115 440 3190 τοῖς
464 3104 626 3195 ἶν’μμασινς
662 3113 729 3176 Καὶ
752 3109 854 3193 μάλα,
888 3110 954 3199 ἔφη
987 3111 1066 3176 Xen.
1088 3110 1217 3177 Memm.
1250 3111 1300 3178 ΙΠ

178 3216 225 3283 10.
249 3214 279 3295 4,
304 3213 515 3300 apolloniam·
540 3215 608 3282 Καὶ
631 3208 784 3299 δεήσεται
800 3214 933 3297 Lycurg.
956 3214 1101 3280 o.Leocr.
1123 3213 1186 3279 237
1210 3212 1300 3298 (239.

175 3317 234 3386 143
257 3317 373 3399 Bekk.)
395 3323 429 3383 et
449 3317 543 3400 paulo
565 3323 639 3400 post
661 3311 720 3383 οὖν
737 3315 933 3406 ἐιόλμησεν,·
952 3314 1098 3394 Ῥοδίοις
1122 3353 1182 3384 -.
1217 3316 1301 3384 Tum

173 3425 264 3487 extra
285 3421 572 3503 interrogationem,
595 3420 650 3486 ubi
672 3422 754 3487 ulter
772 3421 903 3487 alterius
916 3438 1093 3487 sermonem
1114 3421 1241 3503 exeipit,
1263 3426 1301 3488 ut

171 3525 204 3589 in
225 3523 306 3590 Plat.
328 3523 463 3589 Phaedr.
485 3522 549 3589 238
571 3522 596 3589 C
619 3524 757 3590 Phaedri
768 3524 898 3591 verbum
916 3524 1062 3590 ultimum
1077 3528 1128 3590 est
1149 3519 1299 3612 εἴληφεν,

172 3626 311 3694 Socratis
332 3628 469 3709 primum
492 3632 568 3714 σιγῇ
600 3627 667 3695 sine
700 3628 765 3694 ulla
799 3627 950 3694 librorum
981 3627 1207 3710 repugnantia3
1242 3626 1301 3694 aad

170 3733 240 3814 pari
251 3732 456 3797 consensione
468 3730 596 3795 Theaet
613 3729 676 3797 342
699 3730 733 3798 0.
757 3729 856 3797 ἔοικε.
893 3724 1028 3809 Πῶςῖἰν
1050 3722 1109 3796 οὖν
1122 3723 1299 3810 -,·Parm

175 3834 235 3903 144
257 3834 284 3899 Ε
309 3827 435 3918 ἶν’πειρα
457 3828 498 3898 εδ
521 3830 656 3920 reip-‘lde
679 3833 758 3900 ἐστι.
806 3833 976 3916 Φαίνεται,
1000 3833 1057 3898 sed
1079 3838 1188 3899 muna
1205 3834 1299 3901 codd.

171 3937 369 4004 Rneekertus
393 3937 425 4001 in
447 3935 552 4018 Symp.
575 3937 640 4002 200
661 3934 689 4003 Ε
717 3934 813 4004 ἐστίν.
850 3933 946 4003 Πάνυ
968 3961 1004 4022 γε
1026 3942 1061 4002 et
1093 3955 1189 4020 saepe
1212 3938 1300 4004 Bek-

171 4042 282 4120 keruS,
307 4041 395 4106 utin
418 4039 483 4106 civ.
506 4039 535 4105 V
557 4037 622 4104 460
644 4039 673 4104 Ι)
697 4037 964 4125 παραδώσουσιν.
1010 4041 1144 4129 Πολλὴν
1167 4037 1301 4130 oporto·

172 4170 239 4232 νην,
264 4143 341 4231 ἔφη,
366 4144 537 4226 eodemque
560 4143 628 4209 1000
650 4142 802 4228 γυναιξίν.
846 4144 979 4231 Πρέπει
1002 4141 1079 4231 γάρ,
1101 4137 1141 4234 ἢν
1163 4139 1194 4212 δ’
1219 4142 1299 4231 ἐγώ.

173 4247 234 4314 Hic
255 4253 403 4313 neutrum
424 4247 570 4330 probavit
593 4245 813 4332 Schneiderns,
848 4248 906 4313 sed
927 4246 960 4314 in
981 4246 998 4313 I
1020 4245 1084 4313 342
1106 4246 1131 4314 0
1153 4247 1302 4315 codicum

172 4350 392 4416 nonnullorum
416 4353 603 4417 auctoritate
626 4350 726 4416 edidit
758 4352 847 4438 τέχνη
870 4349 968 4417 ἐστίν.
1016 4348 1185 4432 Φαίνεται,
1220 4350 1301 4441 ἔφη.
