2736 4778
213 383 270 451 DE
294 382 537 467 SYNAERESI,
560 385 761 453 DIAERESI
783 394 841 454 etc.
877 389 910 454 P.
922 388 946 454 1.
970 388 1003 455 d.
1016 391 1055 456 11.
1080 393 1106 477 5.
1119 393 1148 458 2.
1204 392 1245 459 39

128 545 249 637 λιϊσιὴ.
308 549 420 631 Itaque
453 549 512 615 hoc
544 547 641 632 λεΐζω
675 550 851 633 primigenii
881 554 947 618 loco
970 554 1149 626 babendum
1171 559 1246 637 erit3

129 655 203 720 hinc
226 658 362 736 sequuta
389 658 439 718 est
466 654 580 753 ectasis
602 651 718 741 ληΐζω,
752 661 911 737 postremo
945 652 1128 739 synaeresis
1146 655 1245 746 λῄζω,

126 757 210 839 quod
231 775 293 821 non
308 774 347 821 cx
359 774 392 821 se
405 756 609 838 cognoscitur,
633 758 689 822 sed
705 776 743 822 ex
756 757 905 825 derivatis
917 759 1091 848 λέλῄσμαι,
1115 760 1243 851 λῃστής.

129 860 268 926 —Haec
289 859 403 942 triplex
424 859 557 924 variatio
579 865 712 941 apparet
733 860 765 924 in
788 861 889 926 tribus
901 861 1014 941 verbis,
1038 881 1118 945 quae
1141 883 1244 947 gram-

125 965 232 1030 matici
244 960 420 1028 conferunt:
445 957 513 1027 σἰιιὸ
530 965 589 1028 τοῦ
601 961 693 1039 κλέος
709 959 826 1044 κλεῖζω
849 965 905 1031 καὶ
917 963 1038 1053 κληΐζω
1062 966 1114 1031 καὶ
1138 964 1245 1055 κλῄζω

127 1063 172 1146 ὡς
200 1066 297 1153 χρέος
323 1063 441 1152 χριΐζω
466 1061 589 1153 χρῄζω·
624 1062 661 1129 τὸ
697 1064 733 1132 δὲ
755 1063 882 1151 κλῄδων
915 1069 987 1152 (hoc
1009 1070 1153 1151 accentu)
1187 1065 1246 1136 οἰκ

127 1169 189 1252 ἔχει
212 1168 250 1236 τὸ
269 1161 305 1244 Τ,
330 1167 447 1254 ἐπειδὴ
470 1160 531 1234 oin
552 1163 639 1233 ἐστιν
663 1161 732 1233 dat
756 1172 815 1235 τοῦ
838 1169 972 1256 κληΐζισ,
998 1166 1068 1237 ἀλλ’
1094 1166 1162 1237 ἀπὸ
1186 1175 1245 1238 τοῦ

126 1273 236 1342 καλέω
263 1271 376 1351 (κλέω)
399 1267 517 1358 κλῄσω.
550 1264 756 1356 Ἡρωδιανὸς
783 1273 860 1360 περὶ
884 1277 1008 1340 παθῶν
1039 1274 1142 1357 Etym.
1166 1273 1247 1340 Gud.

127 1375 197 1444 294.
220 1373 271 1455 46,
293 1373 348 1439 ubi
371 1372 554 1438 adverbium
587 1371 708 1462 κλήδην
730 1380 787 1439 aut
807 1394 864 1456 per
887 1369 1074 1441 oblivionem
1094 1375 1246 1444 omissum

126 1481 236 1547 autin
258 1473 386 1564 κλὴδων
420 1480 602 1556 corruptum
635 1483 711 1565 est.¹
760 1476 808 1543 De
841 1478 900 1543 hoc
922 1485 1031 1545 eontra
1053 1481 1129 1545 dicit
1151 1481 1245 1546 schol.

126 1583 183 1650 Od.
210 1582 256 1649 IV
279 1579 351 1647 317.
385 1573 455 1644 ἀπὸ
483 1581 542 1642 τοῦ
577 1577 672 1656 κλέος
705 1577 822 1663 κλεΐζω
855 1579 992 1647 κλεϊδιιίν
1020 1582 1073 1649 καὶ
1107 1582 1246 1672 κλῄδών·

124 1687 215 1764 μένει
239 1683 276 1752 δὲ
298 1681 335 1749 τὸ
359 1683 386 1755 ἶ
409 1681 728 1769 προσγεγραμμένον.
798 1682 850 1748 Sic
878 1685 961 1748 enim
984 1690 1056 1750 ante
1078 1684 1159 1752 hanc
1180 1706 1244 1753 me-

125 1790 256 1855 moriam
279 1785 476 1852 scribebatur
507 1785 540 1848 in
573 1785 717 1867 plurimis
739 1786 930 1868 tragicorum
957 1787 1049 1869 loeis,
1077 1788 1246 1870 inquibus

126 1893 190 1957 iota
223 1907 307 1959 nunc
328 1890 467 1955 deletum
500 1892 550 1952 est
571 1905 724 1954 consensu
745 1890 856 1970 tacito,
886 1890 942 1955 sed
965 1889 1071 1955 stabili
1093 1896 1127 1956 et
1147 1893 1246 1972 iust0;

126 2014 199 2060 nam
231 1999 267 2060 ut
300 2012 320 2058 a
351 1992 440 2079 κρέω
477 1985 632 2077 (aprico)
667 1991 821 2080 πρηδών,
845 1999 875 2070 {a
897 1992 982 2060 κτέω
1016 1994 1113 2079 (unde
1145 1994 1246 2076 κτείς)

125 2092 261 2186 κιηδών,
283 2115 303 2162 a
325 2091 425 2161 σπᾶω
448 2088 587 2160 σποδιόν
611 2089 789 2177 (σπάσμα),
815 2094 860 2159 sit
884 2113 903 2160 a
925 2094 1009 2162 κλὲω
1033 2093 1172 2183 adprime,
1197 2098 1244 2164 cui

126 2201 240 2268 similia
271 2199 372 2265 multa
401 2196 493 2262 attuli
526 2196 568 2261 ad
589 2196 674 2261 diac.
697 2216 726 2278 p.
752 2194 822 2263 169.
868 2195 932 2261 Sed
959 2196 1079 2262 nullum
1107 2200 1245 2265 omnium

125 2307 190 2372 iota
211 2308 285 2370 ante
313 2300 566 2368 terminationem
587 2298 692 2364 habet
725 2307 731 2319 “
750 2299 789 2365 In
810 2300 878 2383 ipso
900 2298 1031 2365 Homeri
1053 2299 1119 2365 loco
1145 2304 1243 2389 κληη-

126 2404 208 2474 δόνα
238 2405 369 2490 legitur,
403 2402 583 2468 mendosius
604 2420 679 2468 vero
711 2401 744 2467 in
777 2401 866 2467 libris
893 2402 1051 2468 nonnullis
1074 2401 1242 2490 κληῒδόνα,

125 2511 208 2577 unde
229 2506 320 2575 fluxit
333 2507 390 2573 illa
405 2505 591 2571 scholiastae
603 2504 764 2597 adnotatio
785 2523 898 2587 pamm
920 2502 1102 2583 deliberata
1139 2506 1244 2572 Verbo

125 2611 277 2696 disyllabo
298 2611 400 2676 utitur
420 2608 578 2675 Homerus
601 2607 699 2674 κλείω
722 2609 870 2689 κλέομαι,
893 2611 1087 2674 contractum
1102 2605 1243 2703 κλῄζειν,

125 2717 245 2804 κλῇσαι
267 2714 380 2797 tragici
401 2711 610 2795 frequentant.
654 2710 780 2778 Usitato
807 2709 906 2779 κλείω
929 2717 1173 2779 consentaneum
1196 2719 1245 2779 est

126 2817 239 2906 ulpio,
263 2816 321 2883 sed
341 2815 419 2881 nihil
439 2815 537 2881 habet
558 2832 619 2896 quo
641 2813 793 2896 probetur
813 2821 941 2897 praeter
964 2816 1116 2882 aoristum
1126 2816 1242 2882 Home·

125 2923 225 2988 ritum
247 2923 397 3008 κλῄέοαι.
423 2955 458 2966 -
485 2916 639 2994 Quartum
672 2916 761 2981 addit
786 2917 857 2983 ΕΜ.
886 2917 958 2982 815.
982 2917 1002 2982 4
1033 2914 1143 3006 χρῄζω
1167 2916 1244 2983 ὅσον

123 3026 162 3092 τὸ
187 3025 303 3106 δέομαι
328 3019 484 3112 σημαίνῃ,
519 3017 585 3100 ἔχλι
616 3019 653 3083 τὸ
679 3021 704 3099 ἶ,
734 3014 803 3085 ἀπὸ
832 3018 895 3106 χᾶρ
930 3023 989 3084 τοῦ
1010 3021 1105 3107 χρέος
1125 3020 1244 3104 χρεΐζω

124 3128 179 3195 καὶ
202 3129 313 3216 κριιπῄ
333 3121 456 3212 χρηΐζω
490 3120 545 3187 καὶ
577 3119 659 3186 κατὰ
683 3118 869 3206 σονσίρεσιν
890 3118 974 3212 χρῄζ
1003 3142 1011 3161 ·
1045 3121 1184 3190 ἐπειδὰν
1208 3123 1244 3192 δὲ

124 3227 267 3320 σημαίνῃ
290 3229 325 3294 τὸ
348 3225 545 3314 χρησμωδῷ,
569 3221 657 3290 ἔστιν
679 3219 757 3291 ἄνευ
779 3227 838 3291 τοῦ
862 3226 887 3295 ἶ
909 3221 1028 3311 *lurp
1052 3227 1109 3311 τῆς
1131 3223 1243 3306 trope-

125 3330 240 3419 λοχίσς
251 3326 458 3417 ἀπαιτούσης
469 3327 506 3393 τὸ
522 3328 547 3397 ἶ·
569 3324 661 3414 παρὰ
674 3326 732 3414 τὴν
741 3325 854 3413 χριιάν
866 3325 926 3416 γὰρ
939 3325 1036 3394 ἔστιν·
1061 3322 1145 3391 ditet
1160 3327 1245 3410 πρὸς

124 3433 379 3518 ἆντιδισστολῄν
401 3434 460 3499 τοῦ
483 3426 701 3520 σημαίνοντος
723 3427 760 3494 τὸ
784 3430 904 3514 δέομαι
927 3428 994 3512 ἔχει
1018 3428 1095 3498 τὸῗ.
1139 3428 1244 3496 Verbo
1355 3453 1358 3457 ·

125 3546 199 3605 noto
223 3543 257 3603 et
279 3535 368 3603 obvio
381 3534 492 3625 χρῄζω
515 3538 601 3599 recte
623 3533 688 3598 iota
710 3532 863 3598 subscribi
885 3533 1022 3598 ostentui
1044 3531 1244 3621 estlonicum

121 3639 246 3729 χρηΐζω
275 3645 308 3705 et
333 3636 549 3727 χρρΐσκσμσι,
582 3635 697 3718 quibus
730 3640 843 3719 poetae
875 3638 1008 3699 utuntur
1029 3634 1116 3716 epici.
1182 3635 1244 3700 Pro

121 3746 205 3833 χρᾷν
228 3742 256 3807 si
278 3741 408 3821 dicitur,
442 3738 525 3822 quod
558 3739 656 3805 multo
683 3739 787 3805 rarius
809 3735 853 3817 fit
875 3737 981 3802 resin
1003 3736 1132 3802 dubium
1154 3757 1243 3803 revo-

122 3851 222 3913 catur.
281 3843 319 3909 In
345 3843 453 3925 Eurip.
475 3842 546 3906 Hel.
568 3839 632 3907 536
654 3840 724 3907 Ald.
746 3842 813 3908 iota
835 3840 956 3921 adiicit,
978 3858 1080 3922 neque
1101 3840 1242 3921 praecise

123 3949 255 4015 damnat
276 3946 490 4024 normannus,
519 3944 581 4032 sed
603 3951 730 4012 veretur
756 3950 878 4023 tamen,
912 3963 951 4009 ne
975 3944 1142 4009 discrimen
1164 3941 1242 4006 illud

122 4047 359 4134 significationis
382 4067 401 4113 a
423 4049 636 4129 grammaticis
659 4048 868 4131 excogitatum
890 4047 940 4111 sit.
997 4045 1043 4109 Ac
1065 4044 1173 4109 dubito
1202 4063 1246 4142 nn

120 4150 267 4242 χρηΐζειν
300 4152 365 4216 sive
396 4146 527 4239 χρῄζειν
554 4169 714 4233 nunquam
745 4151 829 4215 idem
852 4148 936 4230 quod
967 4151 1050 4236 χρᾷν
1072 4146 1246 4211 vaticinari

123 4254 294 4340 significet3
326 4250 448 4343 χρῄζει,
472 4252 556 4335 quod
578 4252 731 4318 Matthiae
753 4253 794 4317 ad
816 4250 886 4316 Hel.
909 4251 928 4315 l.
953 4268 977 4314 c.
1000 4250 1059 4316 hoc
1081 4250 1243 4316 intellectu

99 4358 201 4426 ‘Oed
224 4358 258 4424 C.
285 4356 365 4425 1426
387 4358 525 4441 positum
547 4353 697 4436 affirmat,
720 4356 772 4421 alii
795 4355 901 4421 verius
915 4353 1062 4439 postulat
1083 4354 1237 4436 interpre-
