<?xml version="1.0" encoding="UTF-8"?>
<!DOCTYPE html PUBLIC "-//W3C//DTD XHTML 1.0 Transitional//EN"
    "http://www.w3.org/TR/xhtml1/DTD/xhtml1-transitional.dtd">
<html xmlns="http://www.w3.org/1999/xhtml" xml:lang="en" lang="en">
 <head>
  <title>
</title>
<meta http-equiv="Content-Type" content="text/html;charset=utf-8" />
  <meta name='ocr-system' content='tesseract 3.04.00' />
  <meta name='ocr-capabilities' content='ocr_page ocr_carea ocr_par ocr_line ocrx_word'/>
</head>
<body>
  <div class='ocr_page' id='page_1' title='image "./pathologiaegrae00lobegoog_0353.png"; bbox 0 0 2736 4778; ppageno 0'>
   <div class='ocr_carea' id='block_1_1' title="bbox 1219 122 1235 172">
    <p class='ocr_par' dir='ltr' id='par_1_1' title="bbox 1219 122 1235 172">
     <span class='ocr_line' id='line_1_1' title="bbox 1219 122 1235 172; baseline 0 0"><span class='ocrx_word' id='word_1_1' title='bbox 1219 122 1235 172; x_wconf 79' lang='grc' dir='ltr'><strong><em>ί</em></strong></span> 
     </span>
    </p>
   </div>
   <div class='ocr_carea' id='block_1_2' title="bbox 203 332 1240 422">
    <p class='ocr_par' dir='ltr' id='par_1_2' title="bbox 203 332 1240 422">
     <span class='ocr_line' id='line_1_2' title="bbox 203 332 1240 422; baseline 0.007 -19"><span class='ocrx_word' id='word_1_2' title='bbox 203 335 267 403; x_wconf 83' lang='grc' dir='ltr'>ΒΕ</span> <span class='ocrx_word' id='word_1_3' title='bbox 289 335 508 404; x_wconf 83' lang='lat' dir='ltr'>SYNCOPE</span> <span class='ocrx_word' id='word_1_4' title='bbox 530 334 673 403; x_wconf 89' lang='lat' dir='ltr'><strong>UNIUS</strong></span> <span class='ocrx_word' id='word_1_5' title='bbox 695 333 915 403; x_wconf 83' lang='lat' dir='ltr'><strong>VOCALIS.</strong></span> <span class='ocrx_word' id='word_1_6' title='bbox 938 332 1131 422; x_wconf 73' lang='lat' dir='ltr'>c.v1.§.3.</span> <span class='ocrx_word' id='word_1_7' title='bbox 1164 334 1240 410; x_wconf 74' lang='lat'>3⁴7</span> 
     </span>
    </p>
   </div>
   <div class='ocr_carea' id='block_1_3' title="bbox 121 516 1240 4355">
    <p class='ocr_par' dir='ltr' id='par_1_3' title="bbox 121 516 1240 4355">
     <span class='ocr_line' id='line_1_3' title="bbox 125 516 1236 606; baseline -0.005 -17"><span class='ocrx_word' id='word_1_8' title='bbox 125 524 182 591; x_wconf 88' lang='grc' dir='ltr'>καί</span> <span class='ocrx_word' id='word_1_9' title='bbox 209 525 301 606; x_wconf 78' lang='grc' dir='ltr'><strong><em>βλεῖο</em></strong></span> <span class='ocrx_word' id='word_1_10' title='bbox 332 521 395 586; x_wconf 87' lang='lat' dir='ltr'>hoc</span> <span class='ocrx_word' id='word_1_11' title='bbox 424 530 475 586; x_wconf 89' lang='lat' dir='ltr'>est</span> <span class='ocrx_word' id='word_1_12' title='bbox 503 543 522 584; x_wconf 90' lang='lat' dir='ltr'>a</span> <span class='ocrx_word' id='word_1_13' title='bbox 549 530 636 586; x_wconf 88' lang='lat' dir='ltr'>recto</span> <span class='ocrx_word' id='word_1_14' title='bbox 662 516 809 606; x_wconf 80' lang='grc' dir='ltr'><strong><em>βλείμην.</em></strong></span> <span class='ocrx_word' id='word_1_15' title='bbox 860 520 900 582; x_wconf 91' lang='lat' dir='ltr'>ln</span> <span class='ocrx_word' id='word_1_16' title='bbox 928 519 1001 584; x_wconf 87' lang='lat' dir='ltr'>loco</span> <span class='ocrx_word' id='word_1_17' title='bbox 1030 530 1236 586; x_wconf 83' lang='lat' dir='ltr'>controverso</span> 
     </span>
     <span class='ocr_line' id='line_1_4' title="bbox 124 616 1237 709; baseline -0.004 -18"><span class='ocrx_word' id='word_1_18' title='bbox 124 628 163 691; x_wconf 91' lang='lat' dir='ltr'>Il.</span> <span class='ocrx_word' id='word_1_19' title='bbox 187 625 284 693; x_wconf 89' lang='lat' dir='ltr'>XVI.</span> <span class='ocrx_word' id='word_1_20' title='bbox 309 623 361 688; x_wconf 81' lang='lat'>99.</span> <span class='ocrx_word' id='word_1_21' title='bbox 387 620 434 709; x_wconf 77' lang='grc' dir='ltr'>μη</span> <span class='ocrx_word' id='word_1_22' title='bbox 457 646 509 699; x_wconf 87' lang='grc' dir='ltr'>τις</span> <span class='ocrx_word' id='word_1_23' title='bbox 526 616 683 706; x_wconf 80' lang='grc' dir='ltr'><strong><em>’Ληγείιον</em></strong></span> <span class='ocrx_word' id='word_1_24' title='bbox 707 619 856 685; x_wconf 71' lang='grc' dir='ltr'><strong><em>θάνατον</em></strong></span> <span class='ocrx_word' id='word_1_25' title='bbox 879 617 994 705; x_wconf 78' lang='grc' dir='ltr'><strong><em>φύγοι,</em></strong></span> <span class='ocrx_word' id='word_1_26' title='bbox 1023 618 1154 686; x_wconf 73' lang='grc' dir='ltr'><strong><em>τοῖσδ’</em></strong></span> <span class='ocrx_word' id='word_1_27' title='bbox 1183 621 1237 687; x_wconf 77' lang='grc' dir='ltr'>ἐκ·</span> 
     </span>
     <span class='ocr_line' id='line_1_5' title="bbox 126 717 1239 809; baseline -0.007 -15"><span class='ocrx_word' id='word_1_28' title='bbox 126 730 226 807; x_wconf 84' lang='grc' dir='ltr'><strong><em>δοῖμεν</em></strong></span> <span class='ocrx_word' id='word_1_29' title='bbox 249 719 394 806; x_wconf 77' lang='grc' dir='ltr'><strong><em>ίίλεδρον</em></strong></span> <span class='ocrx_word' id='word_1_30' title='bbox 415 723 623 788; x_wconf 86' lang='lat' dir='ltr'>Herodianus</span> <span class='ocrx_word' id='word_1_31' title='bbox 648 717 786 802; x_wconf 80' lang='grc' dir='ltr'><strong><em>ἕκδίμεν</em></strong></span> <span class='ocrx_word' id='word_1_32' title='bbox 813 734 1041 807; x_wconf 85' lang='lat' dir='ltr'>paroxytonon</span> <span class='ocrx_word' id='word_1_33' title='bbox 1066 724 1176 809; x_wconf 80' lang='lat' dir='ltr'>po&#39;suit</span> <span class='ocrx_word' id='word_1_34' title='bbox 1203 734 1239 787; x_wconf 91' lang='lat' dir='ltr'>ut</span> 
     </span>
     <span class='ocr_line' id='line_1_6' title="bbox 127 821 1237 912; baseline -0.002 -20"><span class='ocrx_word' id='word_1_35' title='bbox 127 822 315 912; x_wconf 75' lang='grc' dir='ltr'><strong><em>ζευγνύμεν,</em></strong></span> <span class='ocrx_word' id='word_1_36' title='bbox 343 847 418 889; x_wconf 92' lang='lat' dir='ltr'>nam</span> <span class='ocrx_word' id='word_1_37' title='bbox 443 847 514 890; x_wconf 89' lang='lat' dir='ltr'>esse</span> <span class='ocrx_word' id='word_1_38' title='bbox 535 823 620 888; x_wconf 91' lang='lat' dir='ltr'>hunc</span> <span class='ocrx_word' id='word_1_39' title='bbox 645 821 838 886; x_wconf 84' lang='lat' dir='ltr'>infinitivum</span> <span class='ocrx_word' id='word_1_40' title='bbox 862 822 962 887; x_wconf 87' lang='lat' dir='ltr'>verbo</span> <span class='ocrx_word' id='word_1_41' title='bbox 984 823 1120 911; x_wconf 88' lang='lat' dir='ltr'>optandi</span> <span class='ocrx_word' id='word_1_42' title='bbox 1140 824 1237 890; x_wconf 85' lang='lat' dir='ltr'>tacito</span> 
     </span>
     <span class='ocr_line' id='line_1_7' title="bbox 127 923 1238 1012; baseline -0.002 -19"><span class='ocrx_word' id='word_1_43' title='bbox 127 925 179 1012; x_wconf 84' lang='grc' dir='ltr'><strong><em>είη</em></strong></span> <span class='ocrx_word' id='word_1_44' title='bbox 199 927 251 991; x_wconf 90' lang='lat' dir='ltr'>vel</span> <span class='ocrx_word' id='word_1_45' title='bbox 274 925 402 1011; x_wconf 77' lang='grc' dir='ltr'><strong><em>γίνοιτο</em></strong></span> <span class='ocrx_word' id='word_1_46' title='bbox 429 925 650 1010; x_wconf 88' lang='lat' dir='ltr'>subjunctum,</span> <span class='ocrx_word' id='word_1_47' title='bbox 682 923 771 1007; x_wconf 92' lang='lat' dir='ltr'>quod</span> <span class='ocrx_word' id='word_1_48' title='bbox 801 925 994 1011; x_wconf 87' lang='lat' dir='ltr'>comprobat</span> <span class='ocrx_word' id='word_1_49' title='bbox 1020 925 1130 1001; x_wconf 78' lang='lat' dir='ltr'>Schol.</span> <span class='ocrx_word' id='word_1_50' title='bbox 1154 926 1238 994; x_wconf 87' lang='lat' dir='ltr'>Vict.</span> 
     </span>
     <span class='ocr_line' id='line_1_8' title="bbox 129 1021 1238 1114; baseline 0 -21"><span class='ocrx_word' id='word_1_51' title='bbox 129 1024 158 1093; x_wconf 89' lang='grc' dir='ltr'><strong><em>εί</em></strong></span> <span class='ocrx_word' id='word_1_52' title='bbox 186 1026 248 1111; x_wconf 83' lang='grc' dir='ltr'>γὰρ</span> <span class='ocrx_word' id='word_1_53' title='bbox 274 1029 332 1091; x_wconf 82' lang='grc' dir='ltr'>τοῦ</span> <span class='ocrx_word' id='word_1_54' title='bbox 358 1021 491 1110; x_wconf 82' lang='grc' dir='ltr'><strong><em>δίοιμεν</em></strong></span> <span class='ocrx_word' id='word_1_55' title='bbox 518 1021 670 1093; x_wconf 77' lang='grc' dir='ltr'><strong><em>τίοκτικοιῖ</em></strong></span> <span class='ocrx_word' id='word_1_56' title='bbox 697 1025 867 1114; x_wconf 71' lang='grc' dir='ltr'><strong><em>σογκοντην</em></strong></span> <span class='ocrx_word' id='word_1_57' title='bbox 895 1021 977 1092; x_wconf 82' lang='grc' dir='ltr'><strong><em>αδτίν</em></strong></span> <span class='ocrx_word' id='word_1_58' title='bbox 1003 1025 1168 1114; x_wconf 77' lang='grc' dir='ltr'><strong><em>φήσομεν,</em></strong></span> <span class='ocrx_word' id='word_1_59' title='bbox 1200 1023 1238 1093; x_wconf 84' lang='grc' dir='ltr'>οδ</span> 
     </span>
     <span class='ocr_line' id='line_1_9' title="bbox 128 1122 1238 1212; baseline 0.001 -22"><span class='ocrx_word' id='word_1_60' title='bbox 128 1127 335 1212; x_wconf 70' lang='grc' dir='ltr'><strong><em>κατάλληλος</em></strong></span> <span class='ocrx_word' id='word_1_61' title='bbox 358 1123 450 1193; x_wconf 78' lang='grc' dir='ltr'><strong><em>ἔσται</em></strong></span> <span class='ocrx_word' id='word_1_62' title='bbox 473 1122 490 1191; x_wconf 88' lang='lat' dir='ltr'>o‘</span> <span class='ocrx_word' id='word_1_63' title='bbox 516 1123 620 1208; x_wconf 78' lang='grc' dir='ltr'><strong><em>λόγος.</em></strong></span> <span class='ocrx_word' id='word_1_64' title='bbox 662 1125 730 1191; x_wconf 83' lang='lat' dir='ltr'>Alii</span> <span class='ocrx_word' id='word_1_65' title='bbox 745 1148 821 1191; x_wconf 90' lang='lat' dir='ltr'>vero</span> <span class='ocrx_word' id='word_1_66' title='bbox 839 1127 921 1191; x_wconf 87' lang='lat' dir='ltr'>hanc</span> <span class='ocrx_word' id='word_1_67' title='bbox 937 1128 1238 1212; x_wconf 80' lang='lat' dir='ltr'>inconsequentiam</span> 
     </span>
     <span class='ocr_line' id='line_1_10' title="bbox 128 1225 1239 1317; baseline 0.004 -27"><span class='ocrx_word' id='word_1_68' title='bbox 128 1225 311 1311; x_wconf 84' lang='lat' dir='ltr'>effugerunt</span> <span class='ocrx_word' id='word_1_69' title='bbox 331 1230 389 1292; x_wconf 83' lang='grc' dir='ltr'><strong><em>νῶι</em></strong></span> <span class='ocrx_word' id='word_1_70' title='bbox 407 1226 584 1293; x_wconf 80' lang='lat' dir='ltr'>scribentes</span> <span class='ocrx_word' id='word_1_71' title='bbox 606 1237 731 1293; x_wconf 87' lang='lat' dir='ltr'>retento</span> <span class='ocrx_word' id='word_1_72' title='bbox 754 1229 910 1313; x_wconf 84' lang='lat' dir='ltr'>optativo,</span> <span class='ocrx_word' id='word_1_73' title='bbox 930 1230 1021 1314; x_wconf 90' lang='lat' dir='ltr'>cnjus</span> <span class='ocrx_word' id='word_1_74' title='bbox 1046 1230 1168 1317; x_wconf 83' lang='lat' dir='ltr'>duplex</span> <span class='ocrx_word' id='word_1_75' title='bbox 1190 1244 1239 1294; x_wconf 84' lang='lat' dir='ltr'>cst</span> 
     </span>
     <span class='ocr_line' id='line_1_11' title="bbox 126 1325 1235 1416; baseline 0.005 -26"><span class='ocrx_word' id='word_1_76' title='bbox 126 1327 297 1412; x_wconf 86' lang='lat' dir='ltr'>originatio</span> <span class='ocrx_word' id='word_1_77' title='bbox 317 1329 368 1393; x_wconf 89' lang='lat' dir='ltr'>vel</span> <span class='ocrx_word' id='word_1_78' title='bbox 388 1352 407 1393; x_wconf 89' lang='lat' dir='ltr'>a</span> <span class='ocrx_word' id='word_1_79' title='bbox 424 1328 589 1416; x_wconf 82' lang='lat' dir='ltr'>praesenti</span> <span class='ocrx_word' id='word_1_80' title='bbox 613 1325 679 1394; x_wconf 78' lang='grc' dir='ltr'><strong><em>δίου</em></strong></span> <span class='ocrx_word' id='word_1_81' title='bbox 701 1329 751 1393; x_wconf 90' lang='lat' dir='ltr'>vel</span> <span class='ocrx_word' id='word_1_82' title='bbox 770 1329 809 1393; x_wconf 91' lang='lat' dir='ltr'>ab</span> <span class='ocrx_word' id='word_1_83' title='bbox 828 1331 948 1396; x_wconf 88' lang='lat' dir='ltr'>aoristo</span> <span class='ocrx_word' id='word_1_84' title='bbox 973 1330 1058 1396; x_wconf 81' lang='grc' dir='ltr'><strong><em>ἔδον.</em></strong></span> <span class='ocrx_word' id='word_1_85' title='bbox 1102 1331 1158 1396; x_wconf 88' lang='lat' dir='ltr'>Ab</span> <span class='ocrx_word' id='word_1_86' title='bbox 1179 1332 1235 1396; x_wconf 91' lang='lat' dir='ltr'>illo</span> 
     </span>
     <span class='ocr_line' id='line_1_12' title="bbox 124 1429 1236 1518; baseline 0.005 -27"><span class='ocrx_word' id='word_1_87' title='bbox 124 1430 340 1515; x_wconf 85' lang='lat' dir='ltr'>proficiscitur</span> <span class='ocrx_word' id='word_1_88' title='bbox 360 1429 504 1514; x_wconf 70' lang='grc' dir='ltr'><strong><em>δοῖοιμεν,</em></strong></span> <span class='ocrx_word' id='word_1_89' title='bbox 526 1430 616 1515; x_wconf 91' lang='lat' dir='ltr'>quod</span> <span class='ocrx_word' id='word_1_90' title='bbox 634 1431 684 1494; x_wconf 92' lang='lat' dir='ltr'>vel</span> <span class='ocrx_word' id='word_1_91' title='bbox 704 1431 845 1515; x_wconf 86' lang='lat' dir='ltr'>synizesi</span> <span class='ocrx_word' id='word_1_92' title='bbox 864 1433 906 1496; x_wconf 89' lang='lat' dir='ltr'>ad</span> <span class='ocrx_word' id='word_1_93' title='bbox 920 1432 1113 1517; x_wconf 88' lang='lat' dir='ltr'>bisyllabum</span> <span class='ocrx_word' id='word_1_94' title='bbox 1131 1434 1236 1518; x_wconf 82' lang='lat' dir='ltr'>redigi</span> 
     </span>
     <span class='ocr_line' id='line_1_13' title="bbox 124 1530 1237 1618; baseline 0.003 -24"><span class='ocrx_word' id='word_1_95' title='bbox 124 1541 235 1616; x_wconf 88' lang='lat' dir='ltr'>potest</span> <span class='ocrx_word' id='word_1_96' title='bbox 259 1542 295 1595; x_wconf 89' lang='lat' dir='ltr'>ut</span> <span class='ocrx_word' id='word_1_97' title='bbox 321 1531 413 1597; x_wconf 80' lang='grc' dir='ltr'><strong><em>δυοῖν</em></strong></span> <span class='ocrx_word' id='word_1_98' title='bbox 437 1531 698 1616; x_wconf 84' lang='lat' dir='ltr'>monosyllabum</span> <span class='ocrx_word' id='word_1_99' title='bbox 727 1544 792 1608; x_wconf 87' lang='lat' dir='ltr'>est,</span> <span class='ocrx_word' id='word_1_100' title='bbox 824 1530 995 1617; x_wconf 78' lang='grc' dir='ltr'><strong><em>δακρύοισι</em></strong></span> <span class='ocrx_word' id='word_1_101' title='bbox 1029 1534 1237 1618; x_wconf 80' lang='lat' dir='ltr'>trisyllabum,</span> 
     </span>
     <span class='ocr_line' id='line_1_14' title="bbox 123 1632 1237 1722; baseline 0.004 -25"><span class='ocrx_word' id='word_1_102' title='bbox 123 1634 174 1697; x_wconf 90' lang='lat' dir='ltr'>vel</span> <span class='ocrx_word' id='word_1_103' title='bbox 196 1633 279 1697; x_wconf 88' lang='lat' dir='ltr'>crasi</span> <span class='ocrx_word' id='word_1_104' title='bbox 303 1634 412 1713; x_wconf 67' lang='grc' dir='ltr'><strong><em>δοῖμεν,</em></strong></span> <span class='ocrx_word' id='word_1_105' title='bbox 434 1634 486 1698; x_wconf 89' lang='lat' dir='ltr'>vel</span> <span class='ocrx_word' id='word_1_106' title='bbox 510 1634 616 1718; x_wconf 86' lang='lat' dir='ltr'>(quod</span> <span class='ocrx_word' id='word_1_107' title='bbox 638 1632 749 1699; x_wconf 88' lang='lat' dir='ltr'>Schol.</span> <span class='ocrx_word' id='word_1_108' title='bbox 773 1633 859 1699; x_wconf 87' lang='lat' dir='ltr'>Vict.</span> <span class='ocrx_word' id='word_1_109' title='bbox 883 1633 1059 1721; x_wconf 80' lang='lat' dir='ltr'>improbat)</span> <span class='ocrx_word' id='word_1_110' title='bbox 1083 1658 1237 1722; x_wconf 85' lang='lat' dir='ltr'>syncope.</span> 
     </span>
     <span class='ocr_line' id='line_1_15' title="bbox 122 1733 1237 1823; baseline 0.002 -25"><span class='ocrx_word' id='word_1_111' title='bbox 122 1734 216 1799; x_wconf 88' lang='lat' dir='ltr'>Idem</span> <span class='ocrx_word' id='word_1_112' title='bbox 241 1734 360 1800; x_wconf 89' lang='lat' dir='ltr'>modus</span> <span class='ocrx_word' id='word_1_113' title='bbox 393 1735 489 1800; x_wconf 89' lang='lat' dir='ltr'>attice</span> <span class='ocrx_word' id='word_1_114' title='bbox 518 1735 705 1811; x_wconf 77' lang='lat' dir='ltr'>terminatus</span> <span class='ocrx_word' id='word_1_115' title='bbox 734 1735 818 1800; x_wconf 88' lang='lat' dir='ltr'>foret</span> <span class='ocrx_word' id='word_1_116' title='bbox 847 1733 955 1823; x_wconf 91' lang='grc' dir='ltr'><strong><em>δοίην,</em></strong></span> <span class='ocrx_word' id='word_1_117' title='bbox 987 1735 1075 1800; x_wconf 85' lang='lat' dir='ltr'>undo</span> <span class='ocrx_word' id='word_1_118' title='bbox 1105 1736 1237 1801; x_wconf 90' lang='lat' dir='ltr'>ductum</span> 
     </span>
     <span class='ocr_line' id='line_1_16' title="bbox 124 1831 1237 1921; baseline 0.004 -23"><span class='ocrx_word' id='word_1_119' title='bbox 124 1835 247 1920; x_wconf 76' lang='lat' dir='ltr'>plurale</span> <span class='ocrx_word' id='word_1_120' title='bbox 275 1831 411 1920; x_wconf 90' lang='grc' dir='ltr'><strong><em>δοίημεν</em></strong></span> <span class='ocrx_word' id='word_1_121' title='bbox 439 1837 618 1900; x_wconf 89' lang='lat' dir='ltr'>secundnm</span> <span class='ocrx_word' id='word_1_122' title='bbox 645 1836 814 1921; x_wconf 77' lang='lat' dir='ltr'>analogias</span> <span class='ocrx_word' id='word_1_123' title='bbox 840 1836 875 1900; x_wconf 92' lang='lat' dir='ltr'>in</span> <span class='ocrx_word' id='word_1_124' title='bbox 899 1838 1012 1918; x_wconf 82' lang='grc' dir='ltr'><strong><em>δοῖμεν</em></strong></span> <span class='ocrx_word' id='word_1_125' title='bbox 1037 1838 1237 1903; x_wconf 88' lang='lat' dir='ltr'>contrahitur</span> 
     </span>
     <span class='ocr_line' id='line_1_17' title="bbox 124 1932 1237 2024; baseline 0.002 -24"><span class='ocrx_word' id='word_1_126' title='bbox 124 1947 160 2000; x_wconf 90' lang='lat' dir='ltr'>ut</span> <span class='ocrx_word' id='word_1_127' title='bbox 182 1932 318 2024; x_wconf 82' lang='grc' dir='ltr'><strong><em>δοίημεν</em></strong></span> <span class='ocrx_word' id='word_1_128' title='bbox 346 1935 461 2018; x_wconf 83' lang='grc' dir='ltr'><strong><em>δοῖμεν</em></strong></span> <span class='ocrx_word' id='word_1_129' title='bbox 490 1936 550 2002; x_wconf 90' lang='lat' dir='ltr'>sed</span> <span class='ocrx_word' id='word_1_130' title='bbox 578 1937 645 2001; x_wconf 86' lang='lat' dir='ltr'>iota</span> <span class='ocrx_word' id='word_1_131' title='bbox 673 1937 863 2021; x_wconf 88' lang='lat' dir='ltr'>asequenti</span> <span class='ocrx_word' id='word_1_132' title='bbox 893 1959 1038 2001; x_wconf 88' lang='lat' dir='ltr'>consona</span> <span class='ocrx_word' id='word_1_133' title='bbox 1065 1940 1237 2024; x_wconf 82' lang='lat' dir='ltr'>expellitur</span> 
     </span>
     <span class='ocr_line' id='line_1_18' title="bbox 124 2036 1237 2125; baseline 0.004 -25"><span class='ocrx_word' id='word_1_134' title='bbox 124 2038 239 2117; x_wconf 83' lang='grc' dir='ltr'><strong><em>δοῖμεν,</em></strong></span> <span class='ocrx_word' id='word_1_135' title='bbox 270 2036 471 2121; x_wconf 86' lang='lat' dir='ltr'>eandemque</span> <span class='ocrx_word' id='word_1_136' title='bbox 499 2038 644 2102; x_wconf 88' lang='lat' dir='ltr'>vocalem</span> <span class='ocrx_word' id='word_1_137' title='bbox 669 2038 868 2124; x_wconf 86' lang='lat' dir='ltr'>Apollonius</span> <span class='ocrx_word' id='word_1_138' title='bbox 899 2038 994 2102; x_wconf 88' lang='lat' dir='ltr'>ctiam</span> <span class='ocrx_word' id='word_1_139' title='bbox 1023 2039 1054 2100; x_wconf 92' lang='lat' dir='ltr'>in</span> <span class='ocrx_word' id='word_1_140' title='bbox 1084 2040 1237 2125; x_wconf 82' lang='lat' dir='ltr'>singulari</span> 
     </span>
     <span class='ocr_line' id='line_1_19' title="bbox 124 2134 1236 2225; baseline 0.004 -25"><span class='ocrx_word' id='word_1_141' title='bbox 124 2137 335 2223; x_wconf 87' lang='lat' dir='ltr'>praetermitti</span> <span class='ocrx_word' id='word_1_142' title='bbox 356 2138 401 2202; x_wconf 91' lang='lat' dir='ltr'>ait</span> <span class='ocrx_word' id='word_1_143' title='bbox 421 2134 653 2225; x_wconf 80' lang='lat' dir='ltr'>anticipatione</span> <span class='ocrx_word' id='word_1_144' title='bbox 672 2139 812 2223; x_wconf 90' lang='lat' dir='ltr'>quadam</span> <span class='ocrx_word' id='word_1_145' title='bbox 831 2139 952 2202; x_wconf 86' lang='lat' dir='ltr'>formae</span> <span class='ocrx_word' id='word_1_146' title='bbox 971 2140 1129 2225; x_wconf 88' lang='lat' dir='ltr'>passivae,</span> <span class='ocrx_word' id='word_1_147' title='bbox 1154 2164 1236 2225; x_wconf 85' lang='lat' dir='ltr'>quae</span> 
     </span>
     <span class='ocr_line' id='line_1_20' title="bbox 125 2239 1236 2324; baseline 0.003 -20"><span class='ocrx_word' id='word_1_148' title='bbox 125 2262 198 2304; x_wconf 89' lang='lat' dir='ltr'>cum</span> <span class='ocrx_word' id='word_1_149' title='bbox 224 2261 262 2303; x_wconf 90' lang='lat' dir='ltr'>ea</span> <span class='ocrx_word' id='word_1_150' title='bbox 288 2239 466 2304; x_wconf 87' lang='lat' dir='ltr'>consistere</span> <span class='ocrx_word' id='word_1_151' title='bbox 491 2239 614 2324; x_wconf 86' lang='lat' dir='ltr'>nequit</span> <span class='ocrx_word' id='word_1_152' title='bbox 660 2241 716 2306; x_wconf 76' lang='lat' dir='ltr'>Sic</span> <span class='ocrx_word' id='word_1_153' title='bbox 743 2240 828 2305; x_wconf 91' lang='lat' dir='ltr'>enim</span> <span class='ocrx_word' id='word_1_154' title='bbox 855 2253 963 2303; x_wconf 90' lang='lat' dir='ltr'>narrat</span> <span class='ocrx_word' id='word_1_155' title='bbox 986 2239 1236 2308; x_wconf 85' lang='lat' dir='ltr'>Choeroboscus</span> 
     </span>
     <span class='ocr_line' id='line_1_21' title="bbox 126 2331 1237 2428; baseline 0.005 -24"><span class='ocrx_word' id='word_1_156' title='bbox 126 2338 308 2427; x_wconf 75' lang='lat' dir='ltr'>Camll4,</span> <span class='ocrx_word' id='word_1_157' title='bbox 333 2341 383 2405; x_wconf 87' lang='lat'>13.</span> <span class='ocrx_word' id='word_1_158' title='bbox 414 2338 454 2407; x_wconf 84' lang='grc' dir='ltr'>τὰ</span> <span class='ocrx_word' id='word_1_159' title='bbox 486 2346 544 2428; x_wconf 78' lang='grc' dir='ltr'>της</span> <span class='ocrx_word' id='word_1_160' title='bbox 572 2338 730 2427; x_wconf 73' lang='grc' dir='ltr'>τετάρτης</span> <span class='ocrx_word' id='word_1_161' title='bbox 763 2339 917 2424; x_wconf 80' lang='grc' dir='ltr'><strong><em>συζυγίας</em></strong></span> <span class='ocrx_word' id='word_1_162' title='bbox 950 2346 1014 2408; x_wconf 80' lang='grc' dir='ltr'><strong><em>τιῦν</em></strong></span> <span class='ocrx_word' id='word_1_163' title='bbox 1048 2340 1096 2421; x_wconf 87' lang='grc' dir='ltr'><strong><em>είς</em></strong></span> <span class='ocrx_word' id='word_1_164' title='bbox 1127 2331 1170 2425; x_wconf 68' lang='grc' dir='ltr'>μί</span> <span class='ocrx_word' id='word_1_165' title='bbox 1199 2343 1237 2413; x_wconf 82' lang='grc' dir='ltr'>οδ</span> 
     </span>
     <span class='ocr_line' id='line_1_22' title="bbox 124 2436 1238 2538; baseline 0.005 -34"><span class='ocrx_word' id='word_1_166' title='bbox 124 2436 360 2538; x_wconf 48' lang='grc' dir='ltr'><strong><em>παραλήγουσα</em></strong></span> <span class='ocrx_word' id='word_1_167' title='bbox 381 2438 574 2529; x_wconf 75' lang='grc' dir='ltr'><strong><em>διφδόγγηι·</em></strong></span> <span class='ocrx_word' id='word_1_168' title='bbox 592 2439 744 2527; x_wconf 78' lang='grc' dir='ltr'><strong><em>ζευγνοίην</em></strong></span> <span class='ocrx_word' id='word_1_169' title='bbox 761 2440 824 2528; x_wconf 77' lang='grc' dir='ltr'>γὰρ</span> <span class='ocrx_word' id='word_1_170' title='bbox 843 2441 899 2508; x_wconf 85' lang='grc' dir='ltr'>καί</span> <span class='ocrx_word' id='word_1_171' title='bbox 915 2438 1048 2525; x_wconf 77' lang='grc' dir='ltr'><strong><em>δμνοῖην,</em></strong></span> <span class='ocrx_word' id='word_1_172' title='bbox 1072 2444 1238 2536; x_wconf 78' lang='grc' dir='ltr'><strong><em>ττληγνδην</em></strong></span> 
     </span>
     <span class='ocr_line' id='line_1_23' title="bbox 122 2539 1237 2630; baseline 0.006 -25"><span class='ocrx_word' id='word_1_173' title='bbox 122 2542 224 2624; x_wconf 72' lang='grc' dir='ltr'><strong><em>χωρίς</em></strong></span> <span class='ocrx_word' id='word_1_174' title='bbox 251 2547 310 2621; x_wconf 78' lang='grc' dir='ltr'><strong><em>τοῦ</em></strong></span> <span class='ocrx_word' id='word_1_175' title='bbox 339 2563 366 2609; x_wconf 86' lang='grc' dir='ltr'>ι’</span> <span class='ocrx_word' id='word_1_176' title='bbox 394 2542 449 2611; x_wconf 83' lang='grc' dir='ltr'>καί</span> <span class='ocrx_word' id='word_1_177' title='bbox 477 2543 563 2628; x_wconf 79' lang='grc' dir='ltr'><strong><em>λέγει</em></strong></span> <span class='ocrx_word' id='word_1_178' title='bbox 589 2539 815 2619; x_wconf 82' lang='grc' dir='ltr'><strong><em>Ἀττολλιοίνιος</em></strong></span> <span class='ocrx_word' id='word_1_179' title='bbox 842 2539 895 2608; x_wconf 83' lang='grc' dir='ltr'>ὅτι</span> <span class='ocrx_word' id='word_1_180' title='bbox 924 2548 1029 2608; x_wconf 80' lang='grc' dir='ltr'><strong><em>ταῦτα</em></strong></span> <span class='ocrx_word' id='word_1_181' title='bbox 1055 2547 1237 2630; x_wconf 72' lang='grc' dir='ltr'><strong><em>προςδέσει</em></strong></span> 
     </span>
     <span class='ocr_line' id='line_1_24' title="bbox 122 2629 1237 2739; baseline 0.002 -29"><span class='ocrx_word' id='word_1_182' title='bbox 122 2629 234 2739; x_wconf 53' lang='grc' dir='ltr'><strong><em>τοῖο-μ</em></strong></span> <span class='ocrx_word' id='word_1_183' title='bbox 248 2643 424 2728; x_wconf 69' lang='grc' dir='ltr'><strong><em>παθητικὰ</em></strong></span> <span class='ocrx_word' id='word_1_184' title='bbox 447 2641 606 2728; x_wconf 79' lang='grc' dir='ltr'><strong><em>γίγνεται,</em></strong></span> <span class='ocrx_word' id='word_1_185' title='bbox 631 2641 816 2728; x_wconf 73' lang='grc' dir='ltr'><strong><em>ζεογνιῖιιην,</em></strong></span> <span class='ocrx_word' id='word_1_186' title='bbox 837 2635 994 2733; x_wconf 81' lang='grc' dir='ltr'><strong><em>δμνίμην,</em></strong></span> <span class='ocrx_word' id='word_1_187' title='bbox 1018 2637 1237 2729; x_wconf 75' lang='grc' dir='ltr'><strong><em>ἀποβαλόντα</em></strong></span> 
     </span>
     <span class='ocr_line' id='line_1_25' title="bbox 121 2733 1238 2832; baseline 0.003 -22"><span class='ocrx_word' id='word_1_188' title='bbox 121 2742 160 2810; x_wconf 79' lang='grc' dir='ltr'>τὸ</span> <span class='ocrx_word' id='word_1_189' title='bbox 185 2769 212 2822; x_wconf 92' lang='grc' dir='ltr'>ι,</span> <span class='ocrx_word' id='word_1_190' title='bbox 237 2742 353 2830; x_wconf 70' lang='grc' dir='ltr'><strong><em>ἐπειδὴ</em></strong></span> <span class='ocrx_word' id='word_1_191' title='bbox 378 2741 463 2824; x_wconf 82' lang='grc' dir='ltr'><strong><em>μετὰ</em></strong></span> <span class='ocrx_word' id='word_1_192' title='bbox 486 2742 545 2832; x_wconf 77' lang='grc' dir='ltr'><strong><em>τὴν</em></strong></span> <span class='ocrx_word' id='word_1_193' title='bbox 564 2733 606 2811; x_wconf 65' lang='lat' dir='ltr'>ii</span> <span class='ocrx_word' id='word_1_194' title='bbox 626 2743 804 2829; x_wconf 76' lang='grc' dir='ltr'><strong><em>σύμφωνον</em></strong></span> <span class='ocrx_word' id='word_1_195' title='bbox 831 2741 890 2826; x_wconf 80' lang='grc' dir='ltr'><strong><em>οὐχ</em></strong></span> <span class='ocrx_word' id='word_1_196' title='bbox 912 2743 1117 2830; x_wconf 78' lang='grc' dir='ltr'><strong><em>εὑρίσκεται·</em></strong></span> <span class='ocrx_word' id='word_1_197' title='bbox 1142 2741 1160 2813; x_wconf 78' lang='lat' dir='ltr'>ii</span> <span class='ocrx_word' id='word_1_198' title='bbox 1183 2741 1238 2815; x_wconf 82' lang='grc' dir='ltr'><strong><em>σίν</em></strong></span> 
     </span>
     <span class='ocr_line' id='line_1_26' title="bbox 123 2838 1239 2930; baseline 0.004 -19"><span class='ocrx_word' id='word_1_199' title='bbox 123 2838 211 2926; x_wconf 84' lang='grc' dir='ltr'><strong><em>είχον</em></strong></span> <span class='ocrx_word' id='word_1_200' title='bbox 233 2838 440 2928; x_wconf 74' lang='grc' dir='ltr'><strong><em>ἀποβάλλειν</em></strong></span> <span class='ocrx_word' id='word_1_201' title='bbox 461 2844 495 2911; x_wconf 79' lang='grc' dir='ltr'><strong><em>ἒν</em></strong></span> <span class='ocrx_word' id='word_1_202' title='bbox 515 2848 587 2922; x_wconf 82' lang='grc' dir='ltr'><strong><em>τοῖς</em></strong></span> <span class='ocrx_word' id='word_1_203' title='bbox 608 2848 827 2930; x_wconf 70' lang='grc' dir='ltr'><strong><em>παθητικοῖς,</em></strong></span> <span class='ocrx_word' id='word_1_204' title='bbox 848 2847 1092 2929; x_wconf 73' lang='grc' dir='ltr'><strong><em>ιτροαττέδαλον</em></strong></span> <span class='ocrx_word' id='word_1_205' title='bbox 1112 2847 1146 2913; x_wconf 82' lang='grc' dir='ltr'><strong><em>ἒν</em></strong></span> <span class='ocrx_word' id='word_1_206' title='bbox 1168 2857 1239 2924; x_wconf 71' lang='grc' dir='ltr'><strong><em>τοῖς</em></strong></span> 
     </span>
     <span class='ocr_line' id='line_1_27' title="bbox 123 2945 1240 3031; baseline 0.003 -21"><span class='ocrx_word' id='word_1_207' title='bbox 123 2945 359 3030; x_wconf 74' lang='grc' dir='ltr'><strong><em>ἕνεογητικοῖς,</em></strong></span> <span class='ocrx_word' id='word_1_208' title='bbox 398 2947 487 3031; x_wconf 90' lang='lat' dir='ltr'>quod</span> <span class='ocrx_word' id='word_1_209' title='bbox 520 2945 634 3011; x_wconf 91' lang='lat' dir='ltr'>dubito</span> <span class='ocrx_word' id='word_1_210' title='bbox 667 2969 745 3009; x_wconf 92' lang='lat' dir='ltr'>num</span> <span class='ocrx_word' id='word_1_211' title='bbox 779 2946 841 3009; x_wconf 88' lang='lat' dir='ltr'>alio</span> <span class='ocrx_word' id='word_1_212' title='bbox 875 2946 1086 3011; x_wconf 83' lang='lat' dir='ltr'>fundamento</span> <span class='ocrx_word' id='word_1_213' title='bbox 1119 2950 1240 3013; x_wconf 86' lang='lat' dir='ltr'>nitatur</span> 
     </span>
     <span class='ocr_line' id='line_1_28' title="bbox 123 3042 1238 3133; baseline 0.004 -24"><span class='ocrx_word' id='word_1_214' title='bbox 123 3068 222 3130; x_wconf 91' lang='lat' dir='ltr'>quam</span> <span class='ocrx_word' id='word_1_215' title='bbox 240 3042 410 3133; x_wconf 82' lang='lat' dir='ltr'>scriptura,</span> <span class='ocrx_word' id='word_1_216' title='bbox 428 3069 512 3131; x_wconf 91' lang='lat' dir='ltr'>quae</span> <span class='ocrx_word' id='word_1_217' title='bbox 533 3057 676 3120; x_wconf 90' lang='lat' dir='ltr'>vocatur,</span> <span class='ocrx_word' id='word_1_218' title='bbox 699 3045 796 3109; x_wconf 89' lang='lat' dir='ltr'>attica</span> <span class='ocrx_word' id='word_1_219' title='bbox 817 3049 971 3132; x_wconf 76' lang='grc' dir='ltr'><strong><em>τετοιμοα,</em></strong></span> <span class='ocrx_word' id='word_1_220' title='bbox 996 3042 1063 3122; x_wconf 72' lang='grc' dir='ltr'>ὑός.</span> <span class='ocrx_word' id='word_1_221' title='bbox 1109 3049 1178 3114; x_wconf 89' lang='lat' dir='ltr'>Sed</span> <span class='ocrx_word' id='word_1_222' title='bbox 1198 3074 1238 3114; x_wconf 90' lang='lat' dir='ltr'>ex</span> 
     </span>
     <span class='ocr_line' id='line_1_29' title="bbox 123 3144 1238 3237; baseline 0.006 -28"><span class='ocrx_word' id='word_1_223' title='bbox 123 3145 185 3212; x_wconf 91' lang='lat' dir='ltr'>hoc</span> <span class='ocrx_word' id='word_1_224' title='bbox 216 3159 323 3212; x_wconf 90' lang='lat' dir='ltr'>tamen</span> <span class='ocrx_word' id='word_1_225' title='bbox 355 3158 530 3235; x_wconf 89' lang='lat' dir='ltr'>praecepto</span> <span class='ocrx_word' id='word_1_226' title='bbox 562 3167 668 3231; x_wconf 88' lang='lat' dir='ltr'>nuper</span> <span class='ocrx_word' id='word_1_227' title='bbox 698 3144 732 3209; x_wconf 91' lang='lat' dir='ltr'>in</span> <span class='ocrx_word' id='word_1_228' title='bbox 763 3144 865 3209; x_wconf 89' lang='lat' dir='ltr'>tribus</span> <span class='ocrx_word' id='word_1_229' title='bbox 895 3146 1032 3211; x_wconf 88' lang='lat' dir='ltr'>Homeri</span> <span class='ocrx_word' id='word_1_230' title='bbox 1066 3148 1146 3213; x_wconf 88' lang='lat' dir='ltr'>locis</span> <span class='ocrx_word' id='word_1_231' title='bbox 1178 3174 1238 3237; x_wconf 92' lang='lat' dir='ltr'>pro</span> 
     </span>
     <span class='ocr_line' id='line_1_30' title="bbox 123 3245 1237 3337; baseline 0.003 -23"><span class='ocrx_word' id='word_1_232' title='bbox 123 3248 327 3332; x_wconf 84' lang='lat' dir='ltr'>subjunctivo</span> <span class='ocrx_word' id='word_1_233' title='bbox 358 3246 419 3337; x_wconf 80' lang='grc' dir='ltr'><strong><em>δοίη</em></strong></span> <span class='ocrx_word' id='word_1_234' title='bbox 448 3257 600 3334; x_wconf 85' lang='lat' dir='ltr'>receptus</span> <span class='ocrx_word' id='word_1_235' title='bbox 629 3259 679 3314; x_wconf 89' lang='lat' dir='ltr'>est</span> <span class='ocrx_word' id='word_1_236' title='bbox 706 3248 869 3335; x_wconf 89' lang='lat' dir='ltr'>optativus</span> <span class='ocrx_word' id='word_1_237' title='bbox 899 3245 978 3336; x_wconf 81' lang='grc' dir='ltr'><strong><em>δύη,</em></strong></span> <span class='ocrx_word' id='word_1_238' title='bbox 1013 3271 1110 3332; x_wconf 91' lang='lat' dir='ltr'>quem</span> <span class='ocrx_word' id='word_1_239' title='bbox 1136 3254 1237 3317; x_wconf 87' lang='lat' dir='ltr'>nostri</span> 
     </span>
     <span class='ocr_line' id='line_1_31' title="bbox 123 3348 1237 3435; baseline 0.004 -20"><span class='ocrx_word' id='word_1_240' title='bbox 123 3350 333 3415; x_wconf 87' lang='lat' dir='ltr'>Grammatici</span> <span class='ocrx_word' id='word_1_241' title='bbox 362 3350 408 3415; x_wconf 89' lang='lat' dir='ltr'>sic</span> <span class='ocrx_word' id='word_1_242' title='bbox 439 3361 476 3414; x_wconf 91' lang='lat' dir='ltr'>ut</span> <span class='ocrx_word' id='word_1_243' title='bbox 505 3349 629 3435; x_wconf 85' lang='lat' dir='ltr'>plurale</span> <span class='ocrx_word' id='word_1_244' title='bbox 658 3349 796 3433; x_wconf 79' lang='grc' dir='ltr'><strong><em>ἐκδῦμεν</em></strong></span> <span class='ocrx_word' id='word_1_245' title='bbox 826 3350 869 3413; x_wconf 90' lang='lat' dir='ltr'>ad</span> <span class='ocrx_word' id='word_1_246' title='bbox 898 3350 1054 3417; x_wconf 89' lang='lat' dir='ltr'>aoristum</span> <span class='ocrx_word' id='word_1_247' title='bbox 1083 3348 1158 3418; x_wconf 75' lang='grc' dir='ltr'><strong><em>ἔδον</em></strong></span> <span class='ocrx_word' id='word_1_248' title='bbox 1186 3377 1237 3420; x_wconf 91' lang='lat' dir='ltr'>re-</span> 
     </span>
     <span class='ocr_line' id='line_1_32' title="bbox 121 3450 1236 3539; baseline 0.007 -25"><span class='ocrx_word' id='word_1_249' title='bbox 121 3450 237 3516; x_wconf 84' lang='lat' dir='ltr'>ferunt.</span> <span class='ocrx_word' id='word_1_250' title='bbox 288 3451 343 3517; x_wconf 89' lang='lat' dir='ltr'>Ds</span> <span class='ocrx_word' id='word_1_251' title='bbox 376 3450 564 3537; x_wconf 86' lang='lat' dir='ltr'>imperfecto</span> <span class='ocrx_word' id='word_1_252' title='bbox 598 3452 748 3539; x_wconf 87' lang='lat' dir='ltr'>passivae</span> <span class='ocrx_word' id='word_1_253' title='bbox 779 3452 901 3517; x_wconf 84' lang='lat' dir='ltr'>formae</span> <span class='ocrx_word' id='word_1_254' title='bbox 933 3464 1017 3517; x_wconf 85' lang='lat' dir='ltr'>errat</span> <span class='ocrx_word' id='word_1_255' title='bbox 1045 3455 1236 3523; x_wconf 81' lang='lat' dir='ltr'>Eustathius</span> 
     </span>
     <span class='ocr_line' id='line_1_33' title="bbox 123 3549 1238 3637; baseline 0.009 -21"><span class='ocrx_word' id='word_1_256' title='bbox 123 3553 216 3629; x_wconf 70' lang='lat'>1370,</span> <span class='ocrx_word' id='word_1_257' title='bbox 241 3553 293 3617; x_wconf 83' lang='grc'>60.</span> <span class='ocrx_word' id='word_1_258' title='bbox 321 3553 361 3620; x_wconf 81' lang='grc' dir='ltr'>τὸ</span> <span class='ocrx_word' id='word_1_259' title='bbox 385 3556 518 3620; x_wconf 84' lang='grc' dir='ltr'><strong><em>δαινῦτο</em></strong></span> <span class='ocrx_word' id='word_1_260' title='bbox 541 3551 623 3630; x_wconf 69' lang='lat' dir='ltr'>long</span> <span class='ocrx_word' id='word_1_261' title='bbox 645 3553 811 3637; x_wconf 74' lang='grc' dir='ltr'><strong><em>σογκοιτὲν</em></strong></span> <span class='ocrx_word' id='word_1_262' title='bbox 833 3551 870 3617; x_wconf 78' lang='grc' dir='ltr'>ἐκ</span> <span class='ocrx_word' id='word_1_263' title='bbox 889 3556 949 3618; x_wconf 80' lang='grc' dir='ltr'>τοῦ</span> <span class='ocrx_word' id='word_1_264' title='bbox 972 3549 1153 3636; x_wconf 75' lang='grc' dir='ltr'><strong><em>δαινοῖοιτο,</em></strong></span> <span class='ocrx_word' id='word_1_265' title='bbox 1177 3582 1238 3625; x_wconf 86' lang='lat' dir='ltr'>nec</span> 
     </span>
     <span class='ocr_line' id='line_1_34' title="bbox 121 3654 1238 3742; baseline 0.009 -25"><span class='ocrx_word' id='word_1_266' title='bbox 121 3654 227 3719; x_wconf 91' lang='lat' dir='ltr'>minus</span> <span class='ocrx_word' id='word_1_267' title='bbox 257 3654 369 3741; x_wconf 88' lang='lat' dir='ltr'>lapsus</span> <span class='ocrx_word' id='word_1_268' title='bbox 400 3665 450 3719; x_wconf 88' lang='lat' dir='ltr'>est</span> <span class='ocrx_word' id='word_1_269' title='bbox 475 3655 686 3720; x_wconf 88' lang='lat' dir='ltr'>Herodianus</span> <span class='ocrx_word' id='word_1_270' title='bbox 718 3676 818 3738; x_wconf 90' lang='lat' dir='ltr'>quum</span> <span class='ocrx_word' id='word_1_271' title='bbox 852 3676 891 3717; x_wconf 87' lang='lat' dir='ltr'>ex</span> <span class='ocrx_word' id='word_1_272' title='bbox 922 3654 1040 3742; x_wconf 87' lang='lat' dir='ltr'>plurali</span> <span class='ocrx_word' id='word_1_273' title='bbox 1070 3657 1238 3726; x_wconf 84' lang='grc' dir='ltr'><strong><em>δαινοῖνοο</em></strong></span> 
     </span>
     <span class='ocr_line' id='line_1_35' title="bbox 123 3752 1237 3842; baseline 0.004 -23"><span class='ocrx_word' id='word_1_274' title='bbox 123 3755 173 3838; x_wconf 90' lang='lat' dir='ltr'>(ut</span> <span class='ocrx_word' id='word_1_275' title='bbox 196 3756 358 3838; x_wconf 85' lang='grc' dir='ltr'><strong><em>διδοῖντο)</em></strong></span> <span class='ocrx_word' id='word_1_276' title='bbox 382 3755 449 3820; x_wconf 84' lang='lat' dir='ltr'>sive</span> <span class='ocrx_word' id='word_1_277' title='bbox 472 3757 624 3822; x_wconf 71' lang='lat' dir='ltr'>darsiano</span> <span class='ocrx_word' id='word_1_278' title='bbox 646 3755 785 3842; x_wconf 85' lang='lat' dir='ltr'>primum</span> <span class='ocrx_word' id='word_1_279' title='bbox 809 3752 980 3834; x_wconf 77' lang='lat' dir='ltr'>dormiero,</span> <span class='ocrx_word' id='word_1_280' title='bbox 1006 3757 1081 3824; x_wconf 87' lang='lat' dir='ltr'>hinc</span> <span class='ocrx_word' id='word_1_281' title='bbox 1104 3762 1237 3827; x_wconf 75' lang='grc' dir='ltr'><strong><em>δαινῦτο</em></strong></span> 
     </span>
     <span class='ocr_line' id='line_1_36' title="bbox 121 3856 1238 3946; baseline 0.006 -28"><span class='ocrx_word' id='word_1_282' title='bbox 121 3856 242 3921; x_wconf 86' lang='lat' dir='ltr'>lactum</span> <span class='ocrx_word' id='word_1_283' title='bbox 267 3867 411 3943; x_wconf 89' lang='lat' dir='ltr'>putaret;</span> <span class='ocrx_word' id='word_1_284' title='bbox 442 3880 507 3942; x_wconf 87' lang='lat' dir='ltr'>qua</span> <span class='ocrx_word' id='word_1_285' title='bbox 529 3856 666 3942; x_wconf 88' lang='lat' dir='ltr'>ambage</span> <span class='ocrx_word' id='word_1_286' title='bbox 691 3878 757 3921; x_wconf 92' lang='lat' dir='ltr'>non</span> <span class='ocrx_word' id='word_1_287' title='bbox 783 3878 900 3923; x_wconf 87' lang='lat' dir='ltr'>usurus</span> <span class='ocrx_word' id='word_1_288' title='bbox 926 3870 992 3924; x_wconf 90' lang='lat' dir='ltr'>erat</span> <span class='ocrx_word' id='word_1_289' title='bbox 1016 3861 1044 3925; x_wconf 90' lang='lat' dir='ltr'>si</span> <span class='ocrx_word' id='word_1_290' title='bbox 1071 3861 1133 3925; x_wconf 92' lang='lat' dir='ltr'>sibi</span> <span class='ocrx_word' id='word_1_291' title='bbox 1159 3884 1238 3946; x_wconf 92' lang='lat' dir='ltr'>pro·</span> 
     </span>
     <span class='ocr_line' id='line_1_37' title="bbox 122 3957 1239 4047; baseline 0.003 -24"><span class='ocrx_word' id='word_1_292' title='bbox 122 3957 287 4041; x_wconf 90' lang='lat' dir='ltr'>posuisset</span> <span class='ocrx_word' id='word_1_293' title='bbox 317 3959 466 4043; x_wconf 80' lang='lat' dir='ltr'>exempla</span> <span class='ocrx_word' id='word_1_294' title='bbox 495 3960 618 4045; x_wconf 86' lang='lat' dir='ltr'>primae</span> <span class='ocrx_word' id='word_1_295' title='bbox 647 3982 806 4044; x_wconf 88' lang='lat' dir='ltr'>personae</span> <span class='ocrx_word' id='word_1_296' title='bbox 837 3961 877 4025; x_wconf 89' lang='lat' dir='ltr'>ab</span> <span class='ocrx_word' id='word_1_297' title='bbox 906 3961 1087 4047; x_wconf 88' lang='lat' dir='ltr'>Apollonio</span> <span class='ocrx_word' id='word_1_298' title='bbox 1121 3962 1239 4026; x_wconf 88' lang='lat' dir='ltr'>tradita</span> 
     </span>
     <span class='ocr_line' id='line_1_38' title="bbox 124 4057 1238 4147; baseline 0.007 -25"><span class='ocrx_word' id='word_1_299' title='bbox 124 4057 300 4146; x_wconf 70' lang='grc' dir='ltr'><strong><em>ζεογνοῖμην</em></strong></span> <span class='ocrx_word' id='word_1_300' title='bbox 318 4071 379 4124; x_wconf 89' lang='lat' dir='ltr'>etc.</span> <span class='ocrx_word' id='word_1_301' title='bbox 397 4083 481 4143; x_wconf 87' lang='lat' dir='ltr'>quae</span> <span class='ocrx_word' id='word_1_302' title='bbox 499 4061 631 4145; x_wconf 87' lang='lat' dir='ltr'>ypsilon</span> <span class='ocrx_word' id='word_1_303' title='bbox 648 4062 783 4145; x_wconf 89' lang='lat' dir='ltr'>longum</span> <span class='ocrx_word' id='word_1_304' title='bbox 800 4059 921 4125; x_wconf 83' lang='lat' dir='ltr'>habent</span> <span class='ocrx_word' id='word_1_305' title='bbox 939 4083 997 4145; x_wconf 91' lang='lat' dir='ltr'>per</span> <span class='ocrx_word' id='word_1_306' title='bbox 1014 4061 1238 4147; x_wconf 87' lang='lat' dir='ltr'>synaloephen</span> 
     </span>
     <span class='ocr_line' id='line_1_39' title="bbox 123 4150 1240 4249; baseline 0.007 -28"><span class='ocrx_word' id='word_1_307' title='bbox 123 4171 158 4221; x_wconf 90' lang='lat' dir='ltr'>ut</span> <span class='ocrx_word' id='word_1_308' title='bbox 183 4156 345 4240; x_wconf 75' lang='grc' dir='ltr'><strong><em>ίχδοῖδιον.</em></strong></span> <span class='ocrx_word' id='word_1_309' title='bbox 368 4199 409 4208; x_wconf 91' lang='lat'>-</span> <span class='ocrx_word' id='word_1_310' title='bbox 443 4162 497 4226; x_wconf 87' lang='lat' dir='ltr'>De</span> <span class='ocrx_word' id='word_1_311' title='bbox 521 4161 728 4249; x_wconf 89' lang='lat' dir='ltr'>diphthongo</span> <span class='ocrx_word' id='word_1_312' title='bbox 753 4150 804 4227; x_wconf 66' lang='grc' dir='ltr'><strong><em>οὗ</em></strong></span> <span class='ocrx_word' id='word_1_313' title='bbox 825 4163 889 4224; x_wconf 95' lang='lat' dir='ltr'>duo</span> <span class='ocrx_word' id='word_1_314' title='bbox 915 4171 1037 4223; x_wconf 83' lang='lat' dir='ltr'>tautum</span> <span class='ocrx_word' id='word_1_315' title='bbox 1063 4161 1240 4229; x_wconf 82' lang='lat' dir='ltr'>afferuntur</span> 
     </span>
     <span class='ocr_line' id='line_1_40' title="bbox 121 4256 1236 4355; baseline 0.008 -31"><span class='ocrx_word' id='word_1_316' title='bbox 121 4261 253 4325; x_wconf 90' lang='lat' dir='ltr'>nomina</span> <span class='ocrx_word' id='word_1_317' title='bbox 277 4272 309 4325; x_wconf 87' lang='lat' dir='ltr'>et</span> <span class='ocrx_word' id='word_1_318' title='bbox 330 4282 369 4326; x_wconf 90' lang='lat' dir='ltr'>ea</span> <span class='ocrx_word' id='word_1_319' title='bbox 391 4263 541 4349; x_wconf 86' lang='lat' dir='ltr'>propria3</span> <span class='ocrx_word' id='word_1_320' title='bbox 566 4259 597 4326; x_wconf 83' lang='grc' dir='ltr'>οῖ</span> <span class='ocrx_word' id='word_1_321' title='bbox 618 4263 680 4350; x_wconf 81' lang='grc' dir='ltr'><strong><em>μέν</em></strong></span> <span class='ocrx_word' id='word_1_322' title='bbox 699 4285 804 4351; x_wconf 70' lang='grc' dir='ltr'><strong><em>φασιν</em></strong></span> <span class='ocrx_word' id='word_1_323' title='bbox 826 4256 895 4326; x_wconf 75' lang='lat' dir='ltr'>dmi</span> <span class='ocrx_word' id='word_1_324' title='bbox 921 4265 978 4328; x_wconf 83' lang='grc' dir='ltr'>τοῦ</span> <span class='ocrx_word' id='word_1_325' title='bbox 1001 4261 1130 4355; x_wconf 74' lang='grc' dir='ltr'><strong><em>[(οοοηης</em></strong></span> <span class='ocrx_word' id='word_1_326' title='bbox 1151 4263 1236 4338; x_wconf 81' lang='grc' dir='ltr'>1(οὸ-</span> 
     </span>
    </p>
   </div>
   <div class='ocr_carea' id='block_1_4' title="bbox 0 0 1372 4778">
    <p class='ocr_par' dir='ltr' id='par_1_4' title="bbox 0 0 1372 4778">
     <span class='ocr_line' id='line_1_41' title="bbox 0 0 1372 4778; baseline 0 0"><span class='ocrx_word' id='word_1_327' title='bbox 0 0 1372 4778; x_wconf 95' lang='lat' dir='ltr'> </span> 
     </span>
    </p>
   </div>
  </div>
 </body>
</html>
