2736 4778
242 404 300 475 DE
322 404 718 477 PROSCHEMATISMO.
746 407 833 483 rur
857 407 960 477 cur
984 411 1012 498 ἕ.
1024 412 1053 482 4.
1141 411 1205 481 21³

85 573 207 640 duabus
228 571 356 638 vocibus
379 569 413 638 ἐν
436 565 535 647 κύτει,
559 577 597 638 ut
618 576 742 639 veteres
765 572 881 655 dicunt,
903 574 936 639 in
957 592 1053 641 unam
1064 583 1206 644 eoumum

84 675 311 760 significatione
343 675 376 741 in
403 674 587 743 adverbium
616 673 745 757 deflexu,
779 681 816 742 ut
838 675 872 744 ἕν
898 685 967 766 χρῷ
1001 672 1115 745 dicitur
1146 699 1205 763 pro

82 777 186 868 ἔγγὺς,
209 779 365 861 simulque
388 783 530 845 assumta
552 778 657 859 speeie
679 779 901 847 adverbiorum
923 781 955 846 in
976 784 1003 852 ᾗ
1024 784 1206 850 exeuntium

83 880 232 963 ἅοιακιί,
255 880 363 968 syneri
383 886 457 961 ete,
491 880 678 965 quibuscum
708 883 804 948 etium
835 882 896 948 hau
926 883 960 948 in
986 902 1023 949 re
1052 887 1204 967 convenit,

82 986 167 1069 quod
188 987 254 1051 iota
274 985 375 1076 modo
387 984 483 1052 breve
505 984 611 1065 haber,
633 984 725 1051 modo
746 984 884 1068 longum.
913 984 976 1052 Sed
988 985 1204 1055 differtuttru·

82 1090 183 1156 ctione
205 1106 373 1155 consonae:
407 1086 572 1173 crevere)
599 1087 701 1175 χωρὶς
728 1092 787 1156 σοῦ
812 1092 839 1161 ἶ
862 1087 1078 1173 Καλλίμαχος
1110 1081 1204 1158 εἶπεν

80 1192 192 1259 Jounn.
215 1190 265 1258 38.
297 1228 333 1238 -
363 1190 443 1259 Cum
463 1192 524 1258 hoc
546 1191 764 1274 Theognostus
787 1191 862 1259 Can.
888 1191 957 1259 163.
982 1192 1022 1258 15
1045 1193 1206 1277 ueniungit

82 1291 297 1378 αὖεονυχίς
320 1295 448 1381 λέγεται
477 1294 532 1362 καὶ
554 1290 707 1379 αὐτονυχί
712 1345 720 1377 ,
755 1296 839 1378 quod
871 1296 904 1362 in
926 1295 1084 1363 codicibus
1105 1295 1204 1379 Apol-

79 1399 155 1467 lonii
176 1399 193 1465 I
214 1418 242 1464 v.
268 1395 350 1465 1019
379 1403 413 1464 ct
434 1397 510 1464 alibi
533 1394 703 1483 αἰπονοχεί
724 1398 873 1465 scribitur
894 1403 931 1464 ut
953 1394 1121 1486 ἅμφεεεεί,
1145 1394 1203 1467 αὖ·

78 1499 187 1570 ιοειεί
219 1502 344 1585 aliaque
376 1518 447 1566 cum
479 1501 658 1568 nominibus
689 1507 816 1584 tempus
844 1499 1093 1584 significantibus
1116 1521 1201 1570 eom·

77 1607 190 1689 posite.
517 1623 520 1628 ·
719 1621 724 1629 ·

163 1705 243 1794 §.d
290 1705 371 1774 Sunt
393 1725 468 1773 nero
491 1708 601 1788 etiam,
636 1724 717 1790 quae
739 1706 859 1773 mullum
893 1709 1014 1773 eertum
1040 1707 1201 1790 regionem

77 1811 225 1893 habeant,
248 1809 338 1877 euius
360 1811 504 1877 ter-minis
529 1816 620 1893 septa
641 1816 824 1891 teneantur,
856 1815 894 1876 ut
922 1806 1026 1877 οὕτω
1059 1807 1200 1890 οὕτως,

72 1932 176 1999 quare
197 1915 248 1981 hic
269 1913 456 1998 anticipabo,
480 1914 540 1981 etsi
561 1919 686 1980 veteres
708 1913 844 1980 techniei
864 1914 924 1980 hoe
945 1914 1103 1996 nativum,
1122 1914 1203 1981 illud

77 2017 224 2085 affectum
238 2023 466 2101 essepngnunt.
489 2016 659 2084 Certamen
665 2016 1037 2100 auspicaturnpouonius
1043 2017 1121 2083 Adv.
1128 2015 1201 2100 578,

75 2121 130 2188 ubi
152 2122 322 2204 disceptari
344 2122 428 2202 dicit,
450 2117 594 2209 πότερον
616 2117 650 2188 ὲν
666 2119 854 2206 προσθέσει
876 2118 946 2187 ἐστὶ
967 2119 1072 2193 rori}
1096 2116 1203 2202 οὕτως

76 2218 355 2313 beronomine
379 2223 416 2291 zi
440 2220 538 2292 nitzo.
582 2222 652 2290 Ηοο
672 2223 779 2290 verius
806 2241 877 2290 esse
910 2229 1074 2291 asseverat
1106 2222 1201 2292 ἕνεκα
1250 2287 1256 2292 ,

74 2331 134 2394 τοῦ
154 2324 275 2414 χρόνου
298 2332 357 2394 τοῦ
380 2323 660 2414 παρεδρεύοντος,
693 2326 753 2394 hoc
782 2332 833 2392 est
864 2326 949 2410 quod
981 2326 1201 2395 adverbiorum

73 2430 307 2513 berytonorum,
329 2448 410 2514 quae
431 2430 465 2496 in
482 2427 519 2502 Τ,
547 2435 677 2511 exeunt,
709 2429 831 2496 nullum
857 2430 1065 2513 penultimam
1086 2436 1202 2498 natura

78 2533 204 2616 longam
225 2533 331 2616 habet,
354 2534 437 2601 unde
455 2534 620 2615 concludit,
643 2529 731 2600 οῧιω
741 2532 935 2616 primitivum
956 2551 1019 2599 non
1041 2551 1122 2617 esse,
1143 2531 1201 2602 sed

75 2633 182 2714 οὕτως
204 2636 244 2702 ab
266 2625 365 2717 οὗτος
388 2637 517 2704 ductum
532 2644 571 2704 ut
592 2635 694 2717 καλός
715 2638 835 2729 καλῶς.
878 2635 1001 2704 Eodem
1012 2643 1200 2722 argumento

73 2740 198 2808 ducitur
218 2740 349 2822 animi
370 2740 433 2807 307
456 2739 497 2807 τὰ
521 2738 570 2821 εἷς
591 2745 618 2814 ῗι]
640 2736 801 2809 οὐδέποτε
830 2736 930 2828 φύσει
950 2747 1064 2833 μακρᾷ
1087 2767 1199 2829 παρα·

73 2839 227 2932 λήγονεαι
250 2835 319 2911 οἷον
342 2835 420 2922 ἕνα,
445 2839 547 2927 κάτω,
571 2841 700 2930 πρόσω,
724 2843 800 2924 ἔξω,
824 2836 920 2931 dnum
933 2844 1020 2932 πλὴν
1036 2849 1096 2913 τοῦ
1118 2842 1198 2914 εἴσω

72 2947 126 3014 καὶ
151 2944 240 3013 οὕτω
262 2947 346 3013 κατὰ
369 2942 496 3026 πάθος.
543 2945 736 3014 scholiastes
757 2945 1060 3029 verooionysiisca
1083 2950 1197 3030 omniu,

72 3069 154 3135 quae
187 3051 210 3122 ε’,
231 3048 333 3117 vocali
354 3049 573 3131 terminentur,
594 3049 801 3132 penultimam
821 3049 950 3116 brevem
971 3049 1090 3119 habere
1112 3052 1197 3135 dicit,

72 3153 135 3220 nisi
156 3170 280 3237 quoquo
302 3153 557 3237 modoeomupta
578 3152 656 3219 sint:
678 3150 716 3217 τὸ
740 3147 821 3219 εἴσω
844 3149 881 3219 ἐν
904 3147 1053 3235 πάθους,
1072 3154 1115 3223 ἰὸ
1133 3154 1197 3238 ἔξω

70 3260 129 3342 τῆς
151 3254 188 3335 ἐξ
209 3254 276 3338 ἔχει
299 3255 357 3344 τὴν
380 3251 578 3343 ἀναλογίαν,
612 3254 648 3322 τὸ
684 3251 798 3346 πόρρω
827 3249 968 3334 direnek
1000 3254 1197 3344 ἐκπέταται’)

70 3355 127 3423 καὶ
149 3356 400 3442 διπλασιασμὸν
422 3356 504 3442 ἔχει,
528 3357 566 3425 rb
590 3353 677 3426 odiro
700 3356 911 3445 παραφθορὰ
933 3361 992 3424 τοῦ
1015 3356 1134 3445 odiens,
1157 3362 1196 3429 rb

72 3455 179 3544 secun
203 3459 337 3541 ἔντασις
358 3456 524 3550 ποιητική.
568 3461 659 3529 Alius
680 3463 714 3529 in
734 3460 807 3527 EM.
829 3456 902 3526 643.
925 3459 967 3527 39
990 3463 1093 3546 addit,
1121 3466 1196 3549 quia

72 3551 168 3642 οὗτος
189 3564 286 3631 trium
309 3565 351 3632 sit
372 3583 540 3649 generum,
574 3566 735 3650 trigeneru
755 3570 863 3631 autem
884 3563 1025 3632 habeant
1046 3568 1196 3637 adverbia

68 3668 102 3734 in
122 3671 162 3746 5}
176 3667 361 3748 desinentia,
383 3674 553 3753 propterea
574 3667 680 3750 οὕτως
691 3669 855 3753 analogiae
866 3670 1102 3740 convenientius
1115 3692 1194 3740 esse.

68 3769 152 3837 Huic
173 3771 358 3855 Apollonius
380 3770 460 3838 Adv.
482 3772 555 3840 583.
578 3773 599 3840 4
621 3773 808 3856 aequiparet
828 3771 979 3840 Doricum
1002 3764 1065 3844 ὧτε
1097 3789 1133 3841 ut
1154 3813 1189 3826 -

69 3869 275 3962 ἀμφοτέροις
297 3877 375 3961 γοῦν
398 3871 547 3947 orbentur
574 3872 595 3965 ἡ
618 3871 769 3965 ἀποβολὴ
795 3880 856 3944 τοῦ
879 3878 906 3950 e.
951 3877 1014 3945 Sed
1045 3879 1105 3946 hoc
1137 3880 1193 3946 ad-

68 3978 208 4046 verbnlie
231 3967 295 4046 ὧτε
322 3982 357 4043 ec
378 3977 661 4047 demonstrativum
684 3969 749 4049 ὧδε
772 3980 968 4065 simplexque
1001 3983 1062 4058 ιώ,
1098 4006 1190 4071 περι·

68 4078 245 4166 σπώμενον
268 4076 340 4149 ἀντὶ
362 4082 420 4168 ποῦ
442 4077 496 4151 διό
519 4084 575 4151 καὶ
599 4081 814 4166 οἱῖεωςΡὴοῖ.,
839 4084 867 4150 si
889 4102 1108 4167 comparamus
1123 4104 1194 4152 cum

136 4320 164 4387 2)
183 4323 341 4377 tuendorum
360 4321 478 4394 ἔγεοειίς
496 4326 577 4380 toeite
595 4328 696 4381 correxi
713 4329 742 4379 in
758 4325 856 4380 Perall.
876 4324 934 4384 ior.

139 4409 168 4476 ³)
187 4411 232 4464 Sin
249 4411 418 4466 scribendum
429 4417 475 4467 'art
492 4428 541 4482 pro
559 4414 692 4466 είεακεαι.
