2736 4778
179 345 245 410 DE
266 340 536 410 PROSTHESI
555 339 618 405 ET
642 339 905 426 APHAERESI.
939 340 1072 409 C.v11.
1128 348 1200 419 ll⁹

83 523 172 611 eripi,
205 528 261 592 alii
291 550 365 592 cum
398 522 459 610 ἆρί
491 545 675 589 connexum
704 534 834 609 putent3
867 522 1068 612 ἆοιοιορειῦν
1098 525 1200 592 herba

81 629 223 707 lustralis
242 629 358 694 ecdem
374 619 599 711 περιστορεών
614 624 741 690 dicitur.
772 624 881 691 Πιίλα
898 624 940 690 ιὰ
957 621 1072 693 ἁπαλὰ
1091 629 1200 712 πιεοὰ

83 732 179 817 παρὰ
213 729 251 796 τὸ
285 727 386 795 utto
418 726 620 811 πλεονασμῷ
654 726 771 792 Orion.
808 725 884 803 128,
915 726 947 790 5.
977 748 1041 811 qno
1068 727 1202 794 delendi

83 842 195 916 potest
210 826 373 913 Hesychii
389 826 547 911 scripturo
560 826 659 913 vulgo
680 828 836 893 damnata
863 827 967 893 Τιλλά
988 827 1068 912 (sic)
1092 826 1201 913 πτερά

85 931 263 996 accedente
285 928 431 993 Pollucis
453 926 636 993 testimonio
659 929 705 994 Η.
731 930 783 994 50.
806 929 910 1016 pilos,
938 928 1058 1014 quibus
1083 930 1204 1016 polpe-

83 1031 164 1096 brse
186 1030 330 1095 munitae
352 1039 435 1107 sunt,
459 1051 479 1092 ιι
500 1029 663 1093 nonnullis
685 1030 797 1110 πίλους
813 1031 932 1096 vocari.
960 1031 1074 1117 Magis
1093 1041 1203 1096 temen

83 1133 151 1196 huc
172 1131 292 1196 inclino
314 1140 350 1195 ιιι
369 1130 487 1197 πτίλον
509 1152 714 1216 paronymon
738 1153 811 1199 esse
833 1142 945 1219 putem
965 1134 987 1199 ἰι
1008 1129 1131 1215 πτερόν
1153 1133 1204 1197 le·

84 1233 171 1297 niter
198 1232 360 1298 deflexum
386 1241 424 1296 ut
448 1253 572 1318 penna,
606 1232 707 1318 pinna
736 1231 910 1318 aivvan).
963 1234 1039 1300 Non
1068 1236 1203 1319 majoris

80 1334 219 1399 aestimo
242 1334 331 1419 quod
354 1333 435 1398 ΕΜ.
458 1332 531 1410 646,
550 1333 603 1398 24.
626 1332 784 1420 proponit
803 1332 915 1419 πραΰς
936 1333 1003 1403 ἀπὸ
1028 1339 1089 1405 τοῦ
1109 1333 1203 1424 prieur

80 1435 162 1501 EM.
186 1434 258 1512 686,
279 1435 332 1499 24.
356 1431 540 1520 Παρόακός
560 1456 638 1499 vero
653 1434 795 1501 Vossius
814 1435 855 1500 ad
873 1437 955 1501 Hes.
979 1434 1068 1502 houd
1089 1438 1202 1524 inepte

82 1538 126 1602 ad
145 1531 242 1624 ἔρδω
265 1546 443 1622 comparet.
474 1532 588 1601 Verbo
606 1534 713 1621 ἕψειν,
738 1531 855 1625 ὂπιᾷν,
877 1537 1010 1606 πέττειν
1031 1559 1102 1602 eum
1118 1538 1202 1604 inter

82 1661 117 1703 se
145 1638 392 1703 similitudinem
421 1635 544 1701 hebent
570 1649 607 1701 ut
636 1637 800 1703 communi
830 1637 901 1703 solo
930 1638 990 1703 niti
1020 1638 1201 1718 videantur,

85 1740 291 1825 eundemque
317 1739 461 1805 colorem
488 1750 617 1803 servant
645 1736 790 1802 derivato
816 1733 912 1824 ἑφθὰ
940 1738 997 1806 καὶ
1026 1735 1116 1808 ὀπτὰ
1144 1741 1204 1809 καὶ

86 1840 198 1908 πεπτὰ
209 1838 374 1925 βρώματα
395 1837 561 1904 Plutarch.
585 1839 627 1905 de
644 1838 749 1906 Sanit.
773 1839 814 1904 T.
836 1840 916 1906 Vll.
934 1840 1007 1905 382.
1032 1841 1119 1925 (126.
1137 1842 1200 1927 D.)

87 1952 118 2005 et
137 1961 279 2025 coquere,
302 1942 393 2025 quod
415 1941 588 2007 thematicc
608 1943 707 2009 πέπιο
725 1940 910 2025 proximum
928 1954 987 2019 est,
1009 1966 1077 2008 non
1097 1945 1204 2009 solum

86 2040 298 2107 decernibus
321 2042 449 2120 dicitur,
472 2041 739 2126 quaesitorem,
766 2041 825 2104 sed
855 2041 953 2104 etiam
980 2043 1020 2106 de
1048 2043 1204 2128 operibus

87 2143 241 2228 pistoriis.
283 2140 511 2225 Λατὺσσομιιι
528 2154 561 2208 et
585 2141 785 2224 πλατυγίζιο,
808 2143 891 2207 latus
914 2152 947 2205 et
968 2141 1104 2222 πλατύς,
1125 2145 1205 2211 lanx

89 2255 122 2308 et
143 2240 306 2329 πλάστιγξ
329 2244 502 2330 composui
528 2244 564 2308 in
583 2242 685 2308 Proll.
707 2242 781 2307 304.
802 2263 870 2305 ιιοιι
892 2253 928 2307 ιιι
952 2243 1087 2310 alterum
1109 2245 1201 2311 alteri

87 2343 260 2410 subustum
280 2368 353 2411 esse
375 2346 568 2411 affirmarem
590 2345 650 2411 sed
672 2354 807 2431 propter
827 2344 916 2410 vocis
936 2357 967 2410 et
990 2346 1203 2431 significatio·

84 2449 136 2513 nis
158 2447 427 2513 convenientiam.
479 2445 572 2512 Caeli
601 2447 726 2512 caulem
746 2446 943 2511 Aristoteles
973 2459 1004 2511 et
1026 2449 1081 2511 alii
1102 2450 1206 2533 πιέρ·

84 2575 160 2616 νικα
188 2558 320 2626 vocant,
351 2547 539 2632 Hesychius
562 2550 714 2637 τὲρνακα.
764 2548 805 2612 In
828 2549 975 2631 ejusdem
1000 2548 1120 2633 glossis
1143 2548 1204 2618 Εἴ-

85 2655 219 2717 secono
243 2646 435 2725 ἕπείοοντο,
455 2645 597 2737 Ὠρητὺς
619 2646 787 2735 πήρωσις,
809 2671 975 2715 consonae
997 2650 1120 2735 primae
1143 2651 1201 2716 ‹le-

85 2751 191 2816 fectus
213 2773 280 2817 non
301 2750 420 2835 injuria
439 2749 579 2815 librariis
596 2751 773 2836 imputatur
793 2750 958 2835 iidemque
982 2753 1146 2818 nonnullis
1167 2753 1202 2819 in

85 2852 308 2938 suspicionem
340 2861 497 2916 venerunt
527 2875 568 2918 ne
600 2853 638 2937 in
662 2852 953 2918 Lucan.11.406.
984 2875 1045 2938 pro
1069 2857 1201 2938 junctus

86 2954 171 3035 Sapo
204 2953 362 3019 Pisaurus
400 2953 590 3040 scripserint
630 2954 665 3018 id
705 2955 796 3037 quod
826 2954 993 3039 vulgatum
1026 2963 1076 3019 est
1107 2955 1201 3036 Sapis

84 3054 277 3137 Isauro²⁸).
321 3054 438 3138 Ithue
466 3057 650 3142 conjugatis
679 3055 812 3138 quidem
831 3054 998 3118 vocabulis
1022 3041 1054 3117 ἶι
1081 3054 1204 3119 mobile

85 3155 225 3222 concedi
241 3154 340 3221 debet
359 3156 419 3222 sed
440 3168 478 3221 ut
498 3157 616 3222 iisdem
638 3166 693 3220 aut
715 3153 863 3219 additum
886 3163 941 3216 out
964 3154 1142 3217 detractum
1161 3156 1205 3219 sit

85 3259 175 3325 nullo
198 3269 250 3324 set
271 3268 359 3324 certo
381 3269 415 3323 et
434 3256 681 3356 inerpugnabili
703 3263 893 3341 argumento
923 3254 1007 3319 effici
1029 3277 1129 3341 posse
1154 3255 1203 3318 vi-

87 3362 192 3424 detur.
216 3396 256 3407 -
277 3361 332 3425 De
352 3360 446 3425 litera
466 3359 527 3425 rho
548 3359 629 3424 nihil
652 3357 758 3423 offerri
780 3356 857 3421 licet
877 3367 1007 3443 praeter
1029 3358 1120 3442 quod
1136 3359 1203 3422 Ar·

86 3463 196 3526 manus
226 3459 395 3534 affirmavit
427 3484 480 3547 ap.
507 3463 602 3527 Eust.
628 3460 702 3538 364,
726 3460 756 3524 8.
784 3454 898 3524 Ὀδίον
927 3458 1042 3525 ducem
1064 3461 1203 3526 Holizo·

85 3586 165 3626 num
192 3560 233 3624 ab
260 3562 407 3626 Homero
437 3562 633 3628 celebratum
662 3562 740 3627 olim
764 3570 914 3625 vocatum
943 3562 1042 3627 fuisso
1066 3560 1202 3632 Ῥόδιον.

155 3780 204 3848 38)
222 3775 294 3848 Nilia
314 3777 402 3850 πτερά
420 3775 509 3851 ἤγουν
529 3782 559 3834 αἱ
578 3783 670 3835 κῶπαι
690 3778 755 3833 Sch.
775 3778 837 3835 Nic.
857 3781 941 3835 ruer.
959 3783 1018 3837 stt.
1041 3787 1102 3851 νῆις
1119 3780 1204 3837 trunci

86 3873 239 3935 φαίνουσαι
257 3870 339 3921 πτίλα
357 3867 497 3938 Lycophr.
514 3869 555 3920 25.
575 3867 661 3937 gloss.
681 3867 753 3920 torta
772 3861 788 3934 ἢ
806 3870 897 3920 κῶπαι
903 3906 912 3936 ,
932 3867 986 3922 hoc
1005 3885 1041 3922 ex
1059 3866 1205 3923 homerico

85 3951 187 4024 ἔριιμὰ
208 3946 268 4006 scire
289 3950 375 4024 πτερὰ
396 3956 476 4020 νηυσὶ
496 3955 626 4006 πέλονται
647 3951 702 4004 Od.
716 3950 768 4004 XI.
787 3953 843 4004 125.

155 4035 379 4107 30)]161χοςίο
403 4055 486 4091 numo
508 4037 678 4092 Gnosiorum
697 4054 754 4090 non
776 4032 860 4106 ὄχλον
879 4036 1022 4109 populum
1044 4031 1205 4103 significare

85 4122 198 4176 sedvel
216 4122 335 4177 hominis
354 4121 498 4192 cujusdam
517 4122 562 4176 vel
580 4119 756 4190 magistratus
774 4137 837 4175 esso
856 4120 1025 4187 nomenjum
1044 4118 1091 4171 diu
1106 4119 1205 4173 docuit

85 4206 239 4260 Eclrhelius
254 4224 280 4259 ν.
294 4207 431 4262 Dietrich.
445 4207 598 4262 Ccmment.
614 4208 650 4260 de
661 4205 814 4276 Transpos.
828 4222 856 4275 p.
868 4206 907 4257 to.
932 4203 1065 4260 Veterem
1080 4220 1205 4260 errorem

86 4292 215 4362 sequitur
227 4292 377 4347 Grimrnius
395 4292 425 4346 in
439 4291 512 4346 Hist.
527 4293 640 4363 linguae
656 4308 744 4362 germ.
761 4290 796 4345 Τ.
812 4289 834 4342 Ι.
849 4288 908 4343 380.
