2736 4778
134 322 207 394 138
384 363 387 369 ,
498 317 819 386 DISSERTATIO
850 319 879 385 1.

132 500 332 568 derivatione
366 501 425 567 sed
460 501 557 567 etiam
591 501 754 568 intestinis
786 501 984 588 quibusdam
1014 502 1252 570 mutationibus

133 604 278 692 pressius
301 602 426 668 definiri
448 601 564 668 solent.
586 640 629 653 -
661 603 764 686 Quod
788 603 824 668 in
843 603 924 668 ΕΜ.
946 601 1027 680 799,
1048 603 1102 669 49.
1125 604 1169 671 oo
1191 628 1252 671 ex·

132 704 321 793 plioundum
341 703 406 769 loci
425 724 549 769 nomen
577 708 739 789 Φθαριῖν
759 695 839 791 ὅρος
860 702 993 768 affertur
1015 700 1047 769 οῖ
1068 708 1177 791 θῆρες
1196 705 1253 772 λέ·

130 831 246 891 μονιαι
260 805 319 872 καὶ
335 809 488 894 φθεῖρες,
503 825 570 888 que
581 804 648 870 tide
660 803 813 870 traditum
829 803 871 869 sit
884 804 1110 870 nescimus.-—
1135 805 1253 885 Φάλος

129 908 165 974 id
187 919 237 974 est
263 910 377 992 μῶρος
406 903 549 989 (Techn.
571 904 662 991 250.)
689 901 771 994 ἢλός
798 904 890 990 quod
912 903 1101 990 Hesychius
1128 903 1252 988 μαινό-

130 1034 229 1094 μενον
248 1009 490 1095 interpretatur,
511 1016 545 1071 et
564 1002 732 1094 ἧλέματος
750 1005 860 1071 fatuus
882 1005 997 1072 eadem
1017 1005 1143 1073 ratione
1163 1005 1253 1071 inter

131 1133 168 1176 se
188 1110 343 1196 colligata
364 1108 601 1192 videnturque
623 1105 735 1195 φρέαρ
758 1128 832 1172 cnm
853 1106 931 1196 δέω,
952 1108 1042 1174 unde
1064 1108 1249 1174 traductum

130 1211 265 1279 verbum
277 1209 465 1302 ἢλιθιῶσαι
478 1219 553 1296 apte
567 1207 758 1294 exprimitur
768 1207 868 1274 latino
880 1211 1051 1293 infatuare.
1060 1246 1103 1259 -
1118 1208 1251 1276 Φειδιά-

131 1314 205 1380 λιον
222 1311 344 1401 δίφρος
363 1309 491 1399 σφέλας
504 1310 587 1375 Hes.
598 1309 680 1375 nihil
694 1308 784 1374 aliud
801 1319 852 1374 est
866 1330 964 1394 quam
978 1304 1120 1376 ἑδώλιον
1134 1310 1249 1376 sedile.

131 1450 174 1465 -
193 1418 318 1492 Φοῖιος
334 1413 474 1479 fortusse
494 1409 628 1498 proprie
648 1414 729 1478 itum
749 1410 912 1497 significat
933 1432 953 1474 a
969 1408 1069 1477 verbo
1090 1405 1159 1490 elio,
1178 1405 1250 1495 elus

130 1526 169 1581 ut
188 1537 209 1580 e
228 1520 343 1598 κεῖμαι
365 1507 476 1592 κοῖτος
498 1512 618 1579 Parall.
640 1512 715 1578 349.

39 1695 49 1710 ἱ
214 1617 312 1684 XVI.
334 1614 450 1683 XVII·
492 1615 548 1680 De
568 1613 662 1679 litera
679 1611 732 1679 chi
753 1612 917 1679 fabulatur
932 1612 1013 1677 EM.
1031 1610 1083 1689 75,
1101 1610 1167 1708 l}-
1175 1603 1245 1677 διεδ

131 1721 191 1787 τοῦ
211 1716 301 1799 χάζω
323 1714 449 1800 γίνεται
474 1714 561 1795 άζω·
584 1712 692 1798 ἔμεινε
714 1710 793 1802 cleri
820 1710 1028 1797 άναλογοῦσα
1053 1715 1102 1800 τῷ
1125 1735 1158 1794 χι
1187 1713 1249 1777 δα-

130 1822 224 1896 σεῖα,
246 1812 293 1894 ὡς
313 1814 351 1883 ἐκ
371 1819 430 1881 τοῦ
451 1812 551 1898 θάμα
574 1811 655 1899 άμα.
698 1814 811 1883 Verbo
833 1814 889 1879 illa
914 1813 1092 1900 permutari
1114 1813 1248 1900 quidem

130 1938 365 2003 nonnunquam
388 1915 473 1980 inter
493 1937 529 1981 se
551 1925 691 2002 possunt
711 1926 748 1980 ut
768 1915 803 1980 in
823 1914 952 1981 duobus
973 1914 1144 2001 Euripidis
1164 1916 1248 1981 locis

128 2019 204 2086 libri
221 2016 261 2087 οὔ
278 2017 425 2103 χάζομαι
446 2027 479 2082 et
499 2013 558 2098 οάχ
573 2015 701 2100 ἅζομαι
715 2017 875 2105 praebent
889 2015 1087 2083 certantibus
1102 2015 1247 2095 Criticis,

129 2121 208 2209 quia
227 2132 400 2205 utrumque
422 2118 575 2184 convenit
593 2141 624 2183 v.
637 2118 757 2184 Metth.
770 2121 813 2184 ad
829 2119 940 2185 Orest.
953 2117 1046 2183 1109.
1069 2118 1130 2182 sed
1152 2118 1247 2204 origo

129 2221 220 2288 haud
249 2219 349 2286 dubie
375 2219 505 2303 utrique
529 2219 657 2284 diversa
686 2230 745 2286 est.
789 2221 873 2285 Post
900 2219 1101 2285 homericum
1126 2217 1249 2304 λιαρός

129 2321 307 2388 increbruit
320 2315 473 2403 χλιαρός,
487 2340 587 2403 quare
599 2320 810 2386 Grammatioi
827 2320 891 2387 hoc
904 2320 951 2384 illi
968 2320 1246 2407 interpretamenti

128 2425 203 2492 loco
224 2421 402 2508 subjiciunt
423 2418 464 2485 ei.
485 2417 608 2484 Athen.
622 2421 668 2486 11.
684 2423 738 2487 41.
759 2424 800 2489 Β.
819 2423 865 2488 Ι).
890 2421 1031 2488 Bredow
1051 2421 1140 2487 Dial.
1162 2422 1246 2488 Her.

130 2526 202 2592 122.
225 2535 259 2590 et
279 2522 400 2610 pariter
419 2520 530 2599 verbo,
560 2522 650 2607 quod
673 2531 765 2588 extra
785 2523 860 2589 illos
886 2546 983 2589 nemo
1007 2524 1114 2600 novit,
1135 2521 1246 2589 Λιαί-

128 2647 231 2694 νουσα
253 2623 451 2710 πραΰνουσα
463 2622 563 2688 Phot.
591 2618 750 2710 Ἐλίανθη
769 2621 928 2711 ε’χλιάιθη
947 2626 1029 2690 Hes.
1074 2624 1111 2691 Si
1130 2623 1246 2710 primi·

128 2727 230 2791 tivum
247 2734 298 2790 est
313 2721 406 2805 χλίω,
422 2724 512 2808 quod
530 2724 564 2788 iu
575 2723 701 2789 Techn.
720 2725 865 2803 ostendi,
885 2726 1032 2810 sequitur
1047 2723 1246 2790 homericam

127 2847 241 2893 vocem
269 2847 337 2890 non
357 2824 500 2888 nativam
527 2825 587 2889 sed
618 2824 789 2912 aphaeresi
811 2825 960 2891 affectam
982 2847 1072 2904 esse,
1100 2826 1191 2910 quod
1212 2836 1246 2891 et

126 2926 319 2995 Eustachius
338 2925 500 3012 significat
519 2925 591 3004 857,
606 2927 659 2993 27.
677 2927 834 3012 nulloque
850 2928 925 3010 jure
947 2927 1120 3014 impugnat
1132 2926 1243 3012 Epim.

128 3028 237 3097 Crem.
256 3027 284 3092 1.
301 3027 375 3093 401.
395 3026 538 3095 themate
559 3028 785 3095 commenticio
807 3049 887 3092 usus
910 3021 979 3094 ἀπὸ
1002 3031 1062 3094 τοῦ
1083 3027 1147 3092 itui
1168 3029 1245 3093 λια·

126 3127 187 3218 ρόν
206 3123 266 3211 οὔχ
284 3126 330 3207 ὥς
348 3152 434 3207 τινες
455 3125 525 3198 άπὸ
544 3136 606 3199 τοῦ
621 3127 761 3217 χλιαρόν
782 3129 867 3195 κατὰ
885 3126 1075 3216 ἀφαίρεσιν.
1096 3129 1243 3192 -λῖαῖνα

125 3253 212 3309 vero,
243 3228 334 3314 quod
359 3230 395 3295 in
414 3229 495 3295 EM.
518 3231 560 3295 ad
580 3230 669 3296 idem
689 3231 824 3312 χλιαίνω
846 3228 998 3306 refertur,
1022 3227 1245 3295 Schneiderus

125 3335 244 3400 rectius
267 3352 288 3395 a
309 3331 409 3416 λῆιος
432 3328 530 3418 λάχη]
558 3331 633 3394 lana
654 3331 804 3406 arcessit,
834 3340 867 3392 et
893 3330 970 3395 hinc
998 3330 1097 3395 etiam
1121 3351 1245 3394 nomen

127 3436 234 3512 uena,
264 3430 356 3516 quod
384 3430 503 3499 Strabo
533 3453 594 3516 pro
623 3429 751 3495 exotico
780 3428 901 3496 habere
927 3433 1056 3497 videtur
1083 3432 1144 3497 IV.
1170 3431 1243 3496 196.

125 3533 205 3609 τοὺς
222 3534 337 3610 δασεῖς
355 3529 477 3617 σάγους
493 3529 612 3609 salvas
629 3531 769 3596 solorius
782 3530 947 3617 (Belgae).
970 3533 1064 3598 Idem
1075 3532 1159 3597 XII.
1168 3531 1243 3597 549.

127 3629 255 3697 dubitat
284 3643 393 3697 utrum
420 3655 539 3698 nomen
567 3630 657 3696 urbis
684 3630 885 3716 regionisve‚
917 3634 1057 3719 quaein
1080 3632 1243 3720 catalogo

127 3733 256 3797 navium
273 3727 396 3819 :islep
418 3733 544 3810 dicitur,
567 3730 774 3797 scribendum
791 3732 834 3797 sit
852 3733 992 3821 Χαλάβη
1011 3757 1053 3798 an
1070 3734 1126 3820 qui
1140 3735 1242 3820 vulgo

127 3830 300 3919 Chalybes,
316 3831 489 3897 homericis
505 3832 708 3918 temporibus
723 3834 880 3919 appellati
897 3835 962 3901 sint
972 3836 1109 3921 Alybes.
1130 3831 1243 3925 Ἰτιάνη

125 3936 183 4001 καὶ
202 3931 331 4000 Ἰτισνιά
348 3924 505 4016 ’Ἄρτεμις
528 3933 621 4000 Suid.
644 3944 700 3997 aut
724 3933 758 3997 in
780 3936 912 3999 nomine
939 3947 1024 4001 errat
1047 3949 1103 4002 aut
1127 3939 1162 4002 iu
1183 3959 1243 4002 co·

125 4035 295 4119 gnomine3
322 4056 399 4098 nam
418 4033 568 4097 Minerva
585 4028 711 4098 Ἰοωνιά
739 4035 873 4112 dicitur,
902 4035 1012 4101 Diana
1036 4036 1187 4104 Xessou'o
1210 4049 1244 4103 et

126 4133 270 4222 Χιτώνφ.
293 4175 334 4184 -
369 4134 595 4201 Consonarum
616 4133 785 4201 mobilium
805 4137 919 4202 ultimo
941 4149 991 4206 est
1013 4140 1065 4227 psi
1089 4139 1240 4225 exemplo

124 4234 239 4300 unico:
270 4232 287 4303 ὁ
313 4237 519 4325 Ἡρωδιανὸς
547 4236 643 4321 παρὰ
671 4239 709 4305 τὸ
740 4231 851 4322 άμμος
879 4240 968 4324 λέγει
993 4238 1136 4332 ψάμμος
1157 4240 1241 4307 ΕΜ.
