2736 4778
367 313 432 377 oa
458 312 750 380 amvsvnnsu
794 311 833 378 c.
856 312 901 378 11.
935 318 960 399 ε.
979 316 1010 380 a.
1171 321 1246 393 513

126 499 311 582 βλεμεαίνω
334 507 367 562 et
387 499 483 562 Euat.
506 497 551 561 ad
569 495 601 560 h.
620 497 642 561 l.
666 489 812 585 σἰβλεμής
834 491 871 564 οὗ
894 495 1076 576 πεποιθώς
1098 491 1247 585 ἄτολμος

127 594 281 687 ἀσθενής.
325 599 444 683 Neque
468 608 634 684 repugnat
656 597 777 663 Pollux
799 599 864 663 III.
890 599 961 665 123.
989 600 1045 685 qui
1072 603 1247 687 conjuncte

127 700 220 765 affert
241 694 468 782 ἀπροθύμως,
488 701 641 784 νωθρῶς,
662 693 848 784 ὀλιγώρως,
871 693 1058 784 ἀβλεμέως,
1080 696 1244 783 ἀσθενῶς,

127 799 268 885 ἀμελῶς.
312 799 403 864 Hinc
421 799 506 864 enim
523 822 590 865 non
609 798 747 865 efficium
763 794 938 884 ἀβλεμέως
956 812 988 866 at
1007 797 1140 884 ἀμελῶς
1155 803 1244 869 idem

126 903 311 989 significare
338 901 397 965 sed
421 923 521 988 saepo
544 898 579 965 in
602 899 741 966 eundem
763 900 928 966 hominem
950 901 1141 980 convenire3
1171 926 1247 970 nam

124 1005 168 1071 τὰ
194 998 329 1087 ἀμελῶς
351 1002 563 1086 πραττόμενα
591 1003 698 1068 solent
723 1025 795 1067 esse
821 1003 965 1066 invalida
993 1014 1026 1068 et
1053 1001 1243 1072 inefficacia.

126 1104 336 1171 Contrarium
351 1126 427 1170 vero
445 1104 606 1190 significat
623 1104 825 1187 ζαβλεμέας,
840 1105 932 1190 quod
944 1105 1134 1192 Hesychius
1146 1104 1247 1174 inter-

126 1217 275 1294 pretatur
296 1199 449 1288 μεγᾶλως
475 1203 658 1282 πεποιθώς
683 1204 719 1268 id
747 1216 797 1270 est
822 1209 1013 1295 τολμηρῶς,
1040 1205 1246 1293 προθύμως,

126 1311 316 1394 καρτερῶς,
352 1305 489 1370 fortasse
522 1327 564 1370 ex
595 1306 669 1372 loco
703 1317 821 1393 poetae
852 1307 1022 1391 cujusdam
1056 1307 1247 1392 ζαβλεμέως

130 1405 299 1489 ἐμάχοντο,
325 1405 497 1491 eidemque
519 1429 579 1492 pro
603 1404 760 1493 Ζαμελής
782 1407 938 1493 μεγάλως
962 1405 1160 1487 πεποιθώς,
1188 1403 1246 1476 eii-

132 1517 237 1594 ψεχος
260 1507 453 1574 Dindorfius
481 1509 515 1572 in
538 1507 641 1572 Thes.
665 1508 807 1572 restituit
835 1504 1011 1594 ζαβλεμής.
1055 1508 1119 1572 His
1147 1509 1245 1576 rebus

129 1607 276 1673 adducor
294 1608 462 1696 Panyasin
485 1631 619 1695 quoque
643 1607 834 1694 ζαβλιμέως
862 1608 1033 1695 scripsisse
1054 1630 1121 1675 uon
1144 1604 1245 1694 ἇβλε-

126 1709 217 1786 μέως
243 1703 343 1794 iddue
372 1733 446 1776 cum
476 1707 608 1794 ἀμελῶς
637 1709 718 1774 nihil
749 1709 1000 1775 necessitudinis
1030 1709 1152 1776 habere
1186 1711 1247 1779 sed

126 1809 238 1895 potius
257 1811 452 1895 adjectivum
471 1807 618 1899 ἅβλεμής
639 1813 835 1876 contrarium
856 1812 1040 1898 significare
1060 1816 1121 1879 τοῦ
1141 1816 1245 1898 βρια-

125 1909 185 1997 ρός
214 1925 454 1999 cognatumque
485 1912 530 1976 illi
559 1911 693 1977 verbum
720 1913 928 1997 βλεμεαίνων
956 1927 988 1978 ct
1014 1935 1096 1979 vocc
1129 1924 1161 1979 et
1187 1914 1244 1976 in-

125 2012 257 2078 tellectu
289 2036 470 2101 congruere
505 2036 578 2079 cum
610 2018 720 2101 βριᾷν.
776 2013 928 2100 Longius
959 2015 999 2078 ab
1031 2012 1245 2099 intelligentia

125 2123 238 2179 nostra
265 2128 425 2181 remotum
456 2127 505 2181 est
532 2115 721 2194 νωλεμέως,
757 2116 848 2198 quod
875 2116 987 2202 inepte
1016 2115 1198 2202 explicatur
1225 2140 1245 2179 a

124 2215 238 2282 Schol.
257 2217 359 2282 Dion.
380 2217 523 2284 Gramm.
544 2239 578 2302 p.
592 2214 663 2290 793,
683 2213 732 2279 15.
754 2215 850 2301 παρὰ
871 2215 907 2283 τὸ
930 2207 981 2282 'vm
996 2216 1053 2284 καὶ
1073 2217 1111 2282 τὸ
1132 2219 1244 2297 μέλλω

126 2308 255 2401 ὤφειλέ
271 2316 434 2404 λέγεσθαι
455 2317 643 2400 νωμελέως·
668 2316 799 2401 λέγεται
823 2318 861 2385 de*
881 2320 1063 2402 νωλεμέως.
1111 2315 1242 2401 Βαρνά-

127 2417 200 2515 ζειν.
215 2415 253 2482 τὸ
271 2416 489 2507 βαρβαρίζειν
511 2413 640 2505 εἴρηται
661 2410 731 2484 <int
755 2421 821 2482 τῶν
841 2415 1044 2507 Καρβάνων·
1066 2423 1244 2501 Καρβῶνες

124 2515 187 2603 γὰρ
216 2514 248 2584 οἱ
278 2517 447 2603 βάρβαροι
472 2518 552 2583 ΕΜ.
574 2517 669 2584 Suid.
699 2518 787 2582 unde
816 2519 1028 2602 καρβανίζειν
1058 2518 1244 2583 ducendum

124 2627 209 2697 erat,
232 2619 292 2683 sed
312 2630 463 2684 neutrum
484 2619 653 2685 invenitur.
697 2620 770 2685 Nec
792 2618 898 2705 magis
922 2624 952 2683 Γ
948 2615 1105 2706 λαμιιίζει
1127 2619 1244 2705 κράζει

125 2720 243 2784 Zonar.
263 2720 337 2785 442.
360 2733 394 2785 et
413 2721 543 2786 Psellus
566 2744 586 2784 a
608 2720 796 2786 Tittmanno
820 2722 927 2786 editus
950 2745 983 2808 p.
1006 2719 1114 2787 CXV.
1139 2743 1168 2784 v.
1188 2721 1242 2785 44.

125 2821 185 2885 sed
208 2820 308 2886 modo
331 2818 536 2906 κλαγγαίζειν.
579 2823 731 2888 Nominis
754 2823 904 2888 defectivi
927 2822 1147 2907 accusativum
1169 2824 1244 2887 πεί·

124 2927 231 3005 ρινθα
258 2922 368 2988 Schol.
394 2921 461 2988 od.
482 2923 561 2990 XV.
588 2925 660 2989 131.
688 2924 731 2989 ad
762 2925 870 3010 πέρας
898 2924 1013 2999 refert3
1047 2922 1139 2986 aliter
1166 2943 1243 2985 vero

123 3020 204 3090 Sch.
221 3023 262 3088 Il.
277 3023 412 3090 XXIV.
431 3023 502 3086 190.
525 3022 562 3087 ἐν,
584 3024 694 3110 ῥιπῶν
715 3047 820 3110 φασιν
842 3019 923 3087 αὐτὸ
946 3021 1136 3087 πλέκεσθαι
1163 3017 1243 3097 dieas

124 3115 212 3188 εἶναι
233 3121 393 3207 ῥίπινθα·
418 3125 511 3208 cujus
534 3124 714 3188 sentcntiae
736 3134 901 3187 auctorem
925 3123 1009 3186 sistit
1026 3121 1105 3187 EM.
1122 3120 1196 3196 489,
1211 3120 1241 3184 5.

123 3219 276 3306 Δίδυμος
302 3223 361 3311 τὴν
388 3225 566 3309 πείρινθον
591 3224 692 3307 <adde
715 3224 751 3290 ἐκ
775 3223 895 3307 ῥιπῶν)
924 3223 1131 3307 πλεκομένην
1156 3222 1244 3305 λέγει

124 3322 285 3409 ῥίπινθον
301 3324 513 3406 (καλεῖσθαι)
533 3324 588 3389 καί
607 3317 681 3389 κατ’
702 3318 875 3391 ἀντίθεσιν
893 3323 1086 3406 πείρινθον·
1106 3344 1244 3407 quorum

123 3423 232 3488 neutri
262 3424 499 3512 adstipulamur
528 3424 675 3510 quamvis
704 3425 893 3490 salubrioris
923 3424 1051 3489 consilii
1082 3434 1243 3511 expertes.

122 3524 350 3612 Hyperthesin
377 3549 450 3591 cum
476 3527 625 3613 enallage
651 3528 772 3592 vocalis
801 3538 834 3591 et
858 3536 951 3611 tropc
976 3547 1141 3590 consonae
1164 3548 1242 3591 con-

116 3627 267 3710 junctam
289 3627 420 3692 admisit
440 3628 527 3693 idem
545 3652 578 3715 p.
592 3629 663 3706 798,
680 3630 710 3693 3.
731 3625 869 3715 αολίδες
892 3624 927 3692 ui
952 3627 1103 3705 λεπίδες·
1126 3623 1164 3694 ἐκ
1185 3631 1244 3696 τοῦ

122 3725 222 3804 λεπίς
244 3726 427 3814 ὑπερθέσει
448 3729 548 3806 πολίς
565 3727 624 3794 καὶ
643 3726 826 3814 μεταθέσει
846 3731 904 3795 τοῦ
921 3716 1067 3817 pqottg
1076 3730 1156 3796 EM.
1170 3729 1242 3795 798.

123 3827 176 3893 cui
197 3851 265 3893 nou
293 3851 377 3916 opus
402 3829 518 3894 luisset
540 3830 583 3893 ad
606 3830 867 3895 commenticium
891 3827 992 3908 πολίς
1014 3831 1190 3914 confugere
1214 3828 1242 3892 si

122 3929 292 4013 cognitum
316 3929 487 3996 habuisset
513 3953 633 3997 nomen
662 3930 778 4022 λοφίς,
811 3933 901 4018 (μισῶ
927 3933 1046 4017 legitur
1072 3932 1108 3994 in
1132 3927 1243 3996 Schol.

121 4031 197 4096 Nic.
221 4030 321 4096 Ther.
344 4032 416 4097 154.
445 4033 483 4099 τὸ
511 4033 609 4110 λεπίς
635 4028 801 4121 μροίρεται
824 4032 948 4101 ἔνεισι
970 4027 1085 4117 λοφίς·
1114 4024 1245 4116 εἴρηται

123 4132 161 4198 δέ
191 4137 430 4220 μεταφορικῶς
460 4126 528 4200 ιίπὸ
558 4137 625 4198 τῶν
655 4129 797 4214 ἰχθύων,
834 4133 892 4196 sed
922 4131 975 4195 hic
1004 4129 1116 4216 potius
1147 4129 1246 4218 φολίς

123 4233 264 4320 scripsit.
315 4235 497 4319 Utriusque
527 4233 616 4298 vocis
650 4233 762 4298 similis
791 4233 924 4318 quidem
957 4230 1151 4317 significatio
1185 4233 1244 4298 scd

175 4337 310 4382 Lobeek.
328 4337 420 4376 Pathol.
991 4334 1032 4398 33
1220 4335 1224 4344 '
