2736 4778
167 351 226 426 ’16
541 347 861 415 DISSER'I'ATIO
892 349 921 414 1.

177 531 279 596 attuli.
318 525 494 618 Ἀστρηνές
517 525 577 610 δξί
604 532 686 597 Hes.
717 531 797 596 nihil
828 530 917 596 aliud
944 540 993 595 est
1022 514 1118 616 quam
1144 531 1288 617 στρρνές.

170 628 419 722 Ἀστυφελίζειν
440 631 516 698 huic
540 655 674 700 numero
690 633 851 700 subtraxit
868 633 1060 720 Spitznerus
1079 631 1122 696 ad
1138 630 1178 696 Il.
1189 631 1288 698 XVI.

177 734 207 799 7.
230 732 340 801 πολλὰ
360 733 397 802 δέ
412 731 577 822 χερμάδια
592 732 709 820 μεγάλ’
730 730 880 832 ἀσπίδας
896 733 1117 821 ἐστυφέλιξεν,
1140 732 1289 800 scholion

176 833 395 922 subscriptum
417 832 635 923 Ἀρίσταρχος
660 832 716 902 διὰ
731 841 801 902 τοῦ
830 861 853 902 α
879 830 1096 919 ἀστυφέλιξεν
1118 836 1165 901 sic
1187 836 1288 901 corri-

175 960 257 1024 gens
287 935 521 1024 ἐστυφέλιξαν,
556 936 648 1021 quod
675 959 799 1003 summe
834 935 1003 1024 probabile
1030 947 1088 1002 est.
1144 937 1181 1004 si
1207 936 1290 1001 illud

176 1039 306 1105 aliunde
337 1036 505 1123 cognitum
536 1048 638 1115 esset,
664 1037 890 1103 Aristarchum
912 1032 1134 1125 άστυφέλιξαν
1155 1050 1290 1127 propter

176 1162 251 1218 sex,
280 1139 338 1225 qui
369 1137 587 1225 praecedunt,
618 1140 752 1206 eosdem
781 1162 880 1207 sonos
912 1138 1107 1227 praetulisse
1132 1140 1288 1218 dicerem3

175 1265 252 1309 nam
273 1238 337 1324 ἔχει
357 1265 390 1309 τι
409 1235 510 1324 ίίγκου
526 1244 649 1323 σεμνοῦ
666 1242 704 1308 τὸ
720 1229 746 1310 α
762 1238 951 1310 πλεονάσαν
967 1241 1160 1308 Eustachius
1182 1243 1289 1329 inquit
1334 1262 1341 1266 ·

177 1344 275 1411 adh.
298 1342 319 1408 l.
344 1341 561 1428 laudaturque
590 1342 731 1427 antiquis
760 1365 871 1409 versus
893 1363 1032 1409 canorus
1052 1343 1191 1410 XXIII.
1216 1345 1287 1410 116.
1331 1350 1335 1357 '

176 1446 286 1516 πολλὰ
315 1440 348 1512 δ’
373 1438 496 1512 άναυτα
519 1441 663 1510 κάταντα
684 1442 839 1529 πάραυτα
861 1469 896 1511 τε
920 1482 957 1495 -
983 1461 1081 1531 quem
1102 1445 1155 1513 hic
1176 1468 1288 1534 repre·

176 1547 343 1630 heriditl).
388 1545 457 1614 Sed
471 1543 681 1611 Aristarchus
698 1546 753 1610 illo
770 1545 844 1612 loeo
860 1546 996 1613 verbum
1014 1547 1136 1635 plurale
1154 1559 1289 1636 propter

176 1650 313 1716 eandem
344 1647 504 1713 rationem
540 1647 772 1734 praeposuisse
804 1648 932 1714 videtur
973 1672 1039 1736 qus
1074 1648 1180 1738 φύγον
1211 1646 1289 1740 ἡνία

175 1752 307 1840 scripsit
330 1750 370 1815 Il.
400 1749 497 1816 VIII.
528 1748 600 1814 137.
632 1760 665 1814 et
692 1746 847 1836 φάσγανα
873 1751 978 1819 πέσον
1006 1751 1086 1819 XV.
1119 1751 1190 1817 714.
1221 1774 1287 1836 quo

175 1854 275 1920 modo
296 1853 461 1916 Homerus
486 1850 551 1915 alia
573 1850 706 1915 nomina
727 1848 822 1935 hujus
845 1850 974 1936 generis
994 1874 1069 1918 cum
1089 1852 1189 1917 verbo
1212 1852 1286 1939 plu-

173 1956 235 2021 rsli
261 1954 431 2040 conjungit
456 1953 557 2037 βέλεα
584 1952 661 2039 ῥέον
681 1951 765 2016 XH.
789 1952 860 2016 159.
886 1947 988 2038 άγγεα
1010 1957 1105 2019 ναῖον
1131 1953 1199 2020 Οδ.
1221 1955 1285 2019 ΙΧ.

173 2059 247 2125 222.
280 2057 385 2125 πέσον
414 2048 516 2139 άγγεα
546 2053 626 2120 XV.
657 2054 707 2119 13.
737 2054 856 2140 τρέμον
877 2059 953 2139 γυῖα
978 2052 1043 2118 ΧΙ.
1064 2053 1138 2119 527.
1165 2055 1287 2122 πέδιλα

174 2157 215 2227 τά
237 2184 293 2241 μιν
315 2159 419 2245 φέρον
443 2156 486 2222 V.
509 2156 603 2240 tut)
651 2157 741 2221 Ante
769 2165 891 2219 mutam
925 2177 999 2220 cum
1031 2154 1158 2240 liquida
1189 2152 1289 2242 alpha

175 2259 343 2326 abundare
379 2256 477 2322 docet
508 2256 718 2322 Herodianus
748 2278 801 2342 ap.
839 2254 955 2321 Orion.
982 2278 1016 2343 p.
1044 2256 1096 2322 28.
1130 2252 1199 2324 ἀπὸ
1227 2261 1288 2324 τοῦ

175 2361 286 2449 κρέμω
312 2357 494 2446 ῥηματικὸν
522 2349 628 2438 ίίνομα
657 2357 786 2440 κρέμων
815 2357 871 2422 καί
901 2358 1058 2445 κρέμονες
1075 2358 1112 2425 τὸ
1137 2360 1287 2444 πληθυν-

173 2460 267 2528 τικὸν
290 2458 346 2525 καί
367 2458 568 2544 πλεονασμῷ
589 2451 742 2542 ἀκρεμσίν
764 2452 809 2534 ιὸς
831 2451 984 2541 άσταγυς,
1006 2459 1097 2543 quod
1119 2461 1287 2526 confirmet

174 2560 409 2646 Theognostus
432 2555 540 2622 Cram.
563 2556 684 2635 35,14.
708 2568 741 2621 et
760 2558 812 2635 39,
832 2559 882 2623 10.
901 2557 1031 2648 κρεμιίν
1054 2556 1209 2641 ὀξιίτονυν
1231 2563 1286 2628 καί

175 2663 232 2731 διὰ
245 2649 344 2728 τοῦδ
363 2657 527 2747 γράφεται
550 2658 724 2744 (κλίνεται)
749 2660 805 2727 καί
822 2660 1052 2748 τρισυλλάβως
1073 2663 1203 2745 λέγεται
1229 2663 1286 2732 ἐπὶ

173 2767 233 2851 τῆς
262 2756 364 2850 αὐτῆς
392 2761 569 2847 σημασίας.
617 2760 778 2847 Bisyllabi
805 2773 918 2827 auctor
944 2772 1034 2827 extat
1057 2764 1180 2842 nullus;
1209 2788 1286 2830 nam

173 2862 284 2959 urbis-
296 2884 415 2928 nomen
441 2861 596 2948 Κρεμών,
626 2886 710 2948 quae
741 2886 761 2928 a
786 2863 943 2930 Romanis
966 2863 1129 2931 Cremona
1158 2868 1285 2947 dicitur,

53 3038 56 3045 ,
174 2987 233 3052 per
260 2986 280 3029 ο
309 2985 406 3050 mega
433 2963 614 3029 declinatur
641 2987 749 3051 neque
776 2988 922 3052 unquam
943 2964 1043 3052 alpha
1064 2969 1195 3056 recipit3
1226 2971 1285 3037 sed

175 3078 225 3135 est
253 3066 484 3153 appellativum
515 3065 557 3130 ab
580 3067 660 3133 EM.
681 3068 735 3148 52,
756 3069 808 3135 24.
839 3069 1057 3155 disceptatum
1084 3068 1237 3160 άκρίμων
1265 3070 1283 3141 ὁ

173 3167 295 3247 κλάδος
325 3168 380 3235 καί
409 3167 538 3256 κρεμών
563 3169 691 3253 λέγεται
714 3171 802 3257 πρὸς
822 3170 987 3259 διάφορον
1008 3170 1285 3262 transtulero*

172 3271 237 3358 γάρ
260 3270 354 3356 παρὰ
380 3272 418 3335 τὸ
440 3266 543 3353 άκρον
564 3269 688 3357 γίνεται
716 3266 911 3357 ἀκρίμωνῖ)
945 3267 1088 3361 ’ρ’παρά
1111 3275 1148 3342 τὸ
1173 3276 1283 3360 κρέμω

242 3459 271 3526 5)
284 3455 349 3511 Alia
365 3453 447 3527 hujus
465 3454 623 3528 parechesis
642 3455 772 3527 exempla
784 3455 865 3510 attuli
879 3457 915 3510 ad
927 3455 993 3510 Phr.
1006 3456 1065 3509 621.
1080 3462 1109 3509 et
1122 3453 1226 3508 Par-all.
1240 3457 1282 3510 21.

173 3543 240 3599 adn.
276 3543 322 3598 Ab
334 3542 477 3598 homerico
503 3540 641 3613 σπλάγχν’
662 3539 799 3597 ἐπάσαντο
813 3540 931 3597 descivit
942 3540 1112 3614 Apollonius
1126 3534 1214 3593 πάντα
1227 3561 1284 3613 φα-

173 3627 247 3699 άνθη
259 3628 384 3685 scribens
397 3629 449 3684 111.
464 3629 538 3683 1311.
553 3647 578 3682 ν.
595 3627 674 3683 Well.
687 3631 762 3683 adh.
775 3628 794 3682 l.
821 3628 915 3700 Alpha
930 3627 958 3683 iu
971 3629 1073 3683 eodem
1085 3626 1173 3681 verbo
1185 3637 1284 3698 quater

171 3714 322 3789 repetitum
338 3716 444 3769 habeut
459 3713 600 3769 homerica
617 3711 826 3787 ἀμφαγάπαζον
850 3722 880 3769 et
896 3709 1127 3787 ἀμφαφάασθαι,
1151 3717 1282 3785 quodque

143 3871 145 3874 Α
172 3819 264 3875 nuper
279 3801 386 3866 Quinto
402 3800 559 3855 restitutum
576 3808 620 3855 est
639 3799 845 3872 ἀμφαγέροντο
864 3798 998 3854 1111722.

240 3888 316 3957 δ)1α
337 3885 472 3958 singulm-i
493 3893 602 3941 constet
625 3888 743 3941 verbum
775 3891 885 3942 κεῖσθαι
907 3885 936 3940 in
961 3883 1037 3940 exitu
1061 3883 1162 3941 senarii
1185 3886 1282 3955 εἵματα

172 3980 259 4031 κεῖται
271 3974 327 4030 Od.
342 3973 390 4028 VI.
404 3976 445 4029 26.
463 3969 588 4042 κειμήλια
606 3979 691 4028 κεῖται
711 3968 774 4026 XV.
789 3971 847 4024 113.
864 3970 974 4026 ὀνείατα
992 3977 1078 4026 κεῖται
1088 3970 1125 4026 X.
1140 3974 1164 4026 o.
1179 3981 1207 4025 et
1220 3991 1281 4028 cum

173 4059 236 4116 aliis
253 4059 413 4117 nominibus
431 4057 480 4113 IV.
496 4060 553 4114 127.
570 4058 647 4114 XVI.
658 4060 718 4113 tut.
740 4066 769 4112 st
781 4057 810 4110 iu
823 4056 987 4128 imperfecto
1000 4060 1084 4113 modo
1095 4065 1179 4113 aucto
1193 4055 1279 4129 τεύχε’

172 4147 259 4204 taem
281 4147 389 4202 11.111.
412 4145 471 4199 327.
505 4144 597 4217 δέμνι’
624 4146 709 4200 ἔκειτο
737 4145 793 4198 Οδ.
815 4143 892 4199 VIII.
915 4146 975 4199 277.
1000 4144 1083 4215 δόμοι
1102 4148 1149 4199 καί
1168 4141 1280 4216 κτήματ’

173 4232 259 4292 ἔκειτο
271 4232 353 4288 XIV.
365 4233 425 4287 221.
439 4229 529 4304 εἵματ’
547 4232 642 4299 ἔκειτο,
654 4231 738 4287 modo
751 4247 809 4285 uon
824 4239 906 4288 aucto
919 4229 1014 4305 τείχεα
1026 4239 1098 4290 κεῖτο
1111 4230 1206 4288 XXII.
1223 4232 1281 4287 102.

243 4320 272 4394 7)
285 4320 329 4375 De
347 4326 464 4375 accentu
484 4317 542 4373 dixi
560 4318 598 4373 sd
615 4317 661 4389 Aj.
680 4336 709 4392 p.
731 4319 787 4373 171.
