2736 4778
224 370 289 434 DE
310 365 580 436 PROSTHESI
600 363 664 431 ΕΤ
686 362 949 434 APHAERESI.
983 365 1114 435 c.v11.
1168 373 1241 445 tlt

210 554 273 620 lx.
294 555 341 620 X.
386 552 564 618 Consonus
577 538 604 617 ’ν
617 551 828 638 pleonasmus
846 551 1075 636 comprobatur
1091 552 1241 639 Oppiani

122 657 277 742 exemplo
299 653 367 720 tn«)
389 657 590 737 νηποδανοῖς
608 655 764 730 μελέεσσι
784 650 921 714 dicentis
939 673 1000 736 pro
1019 652 1137 718 usitato
1159 653 1241 742 ἥπε-

124 759 248 835 όαοηῖς.
298 757 345 820 Et
374 753 456 818 haec
481 753 640 838 adjectiva
669 774 737 817 non
768 749 883 816 dubito
915 751 995 835 quin
1022 750 1063 816 ab
1086 745 1188 839 ἤπιος
1209 767 1243 821 et

122 853 247 942 νήπιος
268 854 413 920 derivata
435 854 517 932 sint,
539 855 624 920 inter
645 875 731 938 quae
752 853 862 917 differt
883 850 1019 936 quidem
1038 851 1163 936 aliquid
1184 854 1243 919 sed
1305 884 1309 891 ·

120 978 194 1019 non
217 955 292 1041 plus
315 976 412 1038 quam
431 955 521 1021 mitia
542 967 576 1021 et
595 954 759 1021 imbecilla
784 953 916 1019 differre
944 953 1062 1019 solent.
1109 951 1244 1038 Νῆπνος

124 1055 185 1118 alii
215 1077 259 1139 ny
288 1050 521 1139 pleonasticum
548 1055 685 1132 habere,
708 1055 763 1120 alii
784 1077 826 1121 ex
846 1054 1000 1141 negativo
1024 1051 1062 1142 νῆ
1090 1064 1123 1119 et
1143 1053 1244 1121 verbo

126 1151 240 1220 claein
261 1154 310 1219 vel
332 1151 450 1240 ἥπύειν
470 1169 660 1223 coutsxmm
679 1179 752 1223 esse
774 1158 896 1234 dicunt,
920 1179 986 1242 qur
999 1157 1127 1222 ratione
1143 1157 1243 1243 vulgo

125 1256 236 1336 r'nsans
256 1254 434 1340 explicatur
452 1270 485 1322 et
504 1255 634 1345 δβακῆς
656 1259 752 1343 παρὰ
774 1259 813 1326 τὸ
834 1245 883 1347 μῆ
896 1257 1019 1342 βάζειν.
1052 1258 1244 1344 Simplicior

121 1354 257 1439 quidem
287 1355 527 1442 dilucidiorque
552 1360 610 1424 illa
634 1360 762 1424 videtur
791 1359 964 1444 originatio
995 1358 1055 1424 sed
1082 1359 1242 1446 exemplis

122 1455 280 1521 destituta
300 1459 431 1543 estw).
485 1459 589 1541 Quod
622 1460 708 1525 enirn
735 1472 879 1525 veterum
913 1460 1013 1544 aliqui
1041 1470 1173 1525 sumunt
1201 1459 1242 1526 ab

122 1553 206 1642 ἥδύς
229 1558 426 1644 productum
449 1584 521 1627 esse
546 1560 681 1647 ἥδυμος,
705 1559 747 1624 ab
771 1560 835 1626 hoc
855 1558 1014 1647 νήδυμος,
1042 1583 1084 1626 ex
1104 1573 1242 1645 utraque

121 1670 217 1745 parte
238 1660 378 1725 vacillat.
422 1662 507 1726 Nam
533 1673 565 1726 et
591 1661 824 1746 adjectivorum
845 1662 879 1727 in
898 1649 948 1740 ξ
962 1662 1149 1727 exeuntium
1169 1663 1242 1727 nul-

121 1760 191 1825 lum
217 1759 282 1826 huc
311 1762 433 1826 inflecti
458 1763 745 1829 animadvertimus
779 1773 812 1828 et
845 1764 1056 1850 pleonasmus
1086 1751 1243 1830 literae-r

123 1862 326 1928 Graecorum
360 1863 557 1930 doctissimis
591 1865 675 1931 adeo
707 1865 858 1930 insolitus
889 1865 979 1930 visus
1005 1875 1117 1930 estut
1142 1866 1242 1931 Posi·

88 2028 91 2033 Α
123 1963 244 2029 douius
271 1964 458 2029 Hesiodum
485 1966 731 2051 reprehenderit
760 1967 851 2049 quod
877 1964 1004 2052 ἥδυμος
1035 1967 1154 2030 dixerit
1184 1966 1243 2052 τῆν

122 2061 272 2151 Ὁμήρου
293 2065 381 2145 λέξιν
397 2067 654 2151 παροφθεδρος,
672 2065 882 2130 Aristarchus
904 2076 1022 2141 autern,
1046 2066 1103 2150 qui
1116 2067 1244 2130 Home·

128 2185 199 2227 rum
224 2165 334 2252 ipsum
361 2164 484 2248 ubique
513 2162 658 2253 νήδυμον
685 2166 856 2252 scripsisse
888 2175 1049 2243 censeret,
1081 2165 1118 2231 id
1143 2165 1245 2253 longe

127 2265 218 2331 aliter
231 2267 500 2352 interpretaretur
515 2267 572 2332 adv
589 2261 776 2347 ἀνέκδοτον,
799 2267 889 2353 quod
911 2267 1117 2354 amplectitur
1131 2269 1243 2334 nescio

125 2367 182 2451 qui
203 2367 239 2433 in
257 2368 340 2434 EM.
362 2367 436 2445 420,
459 2356 514 2432 47.
536 2364 663 2453 ἥδυμος
683 2363 753 2436 ἀπὸ
781 2374 843 2437 νοῦ
870 2367 1025 2457 νήδυμος.
1070 2370 1112 2434 Id
1134 2381 1244 2437 tamen

123 2466 281 2533 refellitur
303 2468 426 2554 duplici
447 2468 590 2545 ratione3
612 2491 687 2534 narn
703 2494 723 2534 a
745 2470 843 2537 verbo
867 2469 935 2537 δύω
958 2483 990 2534 et
1011 2470 1157 2535 similiter
1179 2484 1243 2536 ter·

122 2568 257 2635 minatis
289 2569 447 2653 adjectiva
473 2570 508 2635 in
528 2557 630 2653 effi
647 2572 785 2656 produci
807 2571 974 2635 insolitum
987 2571 1039 2654 ³⁰)
1065 2580 1097 2634 et
1119 2571 1146 2634 si
1167 2573 1243 2637 Ho-

122 2693 234 2736 merus
266 2670 341 2735 hinc
379 2671 533 2737 duxisset.
558 2671 719 2759 νῆδυμος,
753 2672 943 2759 ambiguum
974 2672 1106 2738 lecisset
1137 2684 1244 2739 utrum

124 2768 304 2838 ἀνέκδοτον
318 2770 382 2837 hoc
400 2784 451 2837 est
466 2771 705 2839 inexcitabilem
720 2797 762 2841 au
779 2769 954 2843 ἆνένδυοον
977 2775 1114 2861 intelligi
1136 2777 1243 2842 vellet.

124 2868 196 2935 Cur
226 2893 301 2937 cum
325 2873 481 2939 intentivo
506 2873 546 2961 νῆ
568 2874 786 2960 compositum
808 2898 969 2943 essenon
992 2878 1097 2965 possit
1119 2878 1188 2943 dixi
1209 2878 1245 2943 in

123 2972 229 3036 Proll.
253 2972 325 3037 165.
368 2975 485 3058 Itaque
504 2975 545 3040 ad
562 2976 650 3040 illam
671 2976 853 3061 pleonasmi
876 2979 1036 3041 rationem
1057 3001 1246 3043 revocamur

124 3072 275 3157 quamvis
295 3074 387 3138 inviti
411 3087 444 3141 ct
465 3075 591 3164 ἥδυμος
616 3075 657 3139 ab
682 3072 763 3162 ἥδύς
787 3077 966 3140 derivatum
990 3099 1061 3141 esse
1084 3079 1245 3143 credimus

126 3291 160 3327 ca
178 3291 252 3344 quae
265 3271 415 3346 Μολύκριον
435 3275 547 3331 dicitur.
582 3271 640 3328 Alii
656 3272 918 3347 comparant'ridu'u
937 3263 1022 3337 ύδλος
1035 3279 1143 3348 μῦθος,
1162 3278 1247 3349 ἓροης

124 3355 255 3430 μύρμηξ,
281 3354 338 3422 οἷος
354 3356 456 3432 μόνος,
481 3358 556 3430 ἅρπη
575 3354 707 3431 priamo,
732 3357 784 3431 δκῆ
804 3380 916 3427 mucro,
940 3360 1033 3434 μύλκη
1052 3363 1147 3434 algor,
1171 3360 1244 3429 υύξον

126 3453 249 3508 mactus,
272 3450 352 3514 μίιος
372 3449 428 3500 lrt‘c
449 3445 556 3509 vimen,
581 3464 644 3500 nam
664 3462 723 3499 non
745 3445 870 3501 multum
894 3464 914 3500 ο
932 3446 1026 3504 salice
1043 3450 1169 3505 altilium
1191 3470 1245 3508 μου

126 3530 225 3585 distat
242 3533 323 3583 sites
341 3529 415 3585 Plin.

194 3617 245 3684 29)
264 3615 390 3670 Tertium
410 3615 545 3689 proponit
564 3614 694 3669 Clemens
712 3614 835 3685 Paedag.
852 3616 875 3668 1.
893 3618 918 3668 δ.
939 3633 967 3687 p.
982 3616 1023 3670 st.
1048 3617 1099 3674 ούν
1121 3621 1166 3677 ent
1192 3625 1247 3677 sair

125 3696 264 3773 ἀφρόνων
276 3699 305 3756 νδ
320 3698 418 3771 vincor
433 3694 551 3757 rdrrerm
565 3699 606 3770 (in
620 3700 711 3755 Paulli
723 3699 855 3773 epistole)
871 3699 1001 3770 νηπύτιος
1015 3703 1070 3780 γὰρ
1087 3695 1178 3776 οὗτος,
1198 3705 1247 3776 νη-

126 3807 190 3849 mor
205 3788 237 3841 dl
257 3784 271 3841 δ
288 3784 399 3854 radmor
416 3782 432 3854 ἢ
449 3789 548 3843 νεωστὶ
564 3781 645 3855 iimcc
661 3783 699 3848 ὦς
714 3780 794 3855 ἤπιος
811 3784 825 3842 δ
843 3785 1025 3863 ἀπαλόφρων.
1062 3791 1246 3848 Thiarschius

126 3873 251 3926 Gramm.
268 3873 292 3939 5.
305 3872 365 3926 200.
382 3873 447 3927 adn.
463 3873 502 3928 ll.
516 3879 665 3943 utrumque
681 3890 745 3926 cunr
761 3871 900 3942 particule
917 3879 951 3930 νέ
967 3876 1146 3949 conjunctum
1165 3886 1247 3949 putat

125 3959 178 4011 sed
195 3954 292 4023 νῆπιος
308 3958 343 4012 ab
362 3958 420 4013 lucr
438 3955 570 4021 arcessit,
591 3952 720 4025 νηπύτιος
737 3958 772 4010 ab
791 3954 880 4013 ἀπύω.

195 4042 244 4110 30)
257 4037 412 4116 Σπδρνμος,
431 4040 547 4115 κύδιμος
564 4050 593 4096 et
612 4041 669 4097 alia
680 4059 753 4114 quse
766 4043 884 4098 Stollius
900 4047 981 4100 affert
994 4047 1031 4098 ad
1043 4045 1148 4099 Antim.
1161 4066 1188 4118 p.
1202 4049 1244 4103 tt.

122 4126 220 4182 aliena
239 4137 313 4183 suut.
349 4122 483 4197 Νῆδυμος
495 4127 670 4199 Gesttliugio
688 4129 725 4182 ad
736 4127 845 4200 Theog.
862 4131 920 4183 171.
933 4148 968 4185 ex
987 4127 1020 4196 νῆ
1038 4137 1067 4184 et
1080 4129 1161 4186 δδνῖν
1179 4152 1245 4189 con·

125 4214 224 4268 ilatum
245 4213 363 4267 videtur.
405 4213 460 4267 Pro
477 4210 545 4281 ἥδέςι
562 4213 656 4285 posuit
675 4213 757 4269 Paul.
779 4213 881 4269 Silent.
903 4215 985 4269 amb.
1000 4215 1038 4269 ll.
1058 4216 1118 4270 187.
1136 4210 1247 4292 νῆδυμα

125 4296 307 4371 arpasiocum
325 4308 354 4353 et
372 4317 398 4355 v.
413 4299 472 4353 tat.
491 4296 601 4371 νηδυμα
619 4304 757 4368 κυμαῖνον.

995 4385 1038 4451 gr

330 4544 348 4581 d
