2736 4778
197 335 274 412 270
476 330 811 402 'DlSSERTATIO
840 331 888 396 ll.
930 328 972 396 Ρ.
992 329 1022 395 1.

197 513 354 587 πνείσσκε
381 514 495 601 Apoll
517 516 546 580 l.
567 517 641 582 231.
671 538 767 582 nemo
793 537 871 583 vero
895 514 992 598 χέσκε
1022 511 1106 578 dixit
1130 512 1183 577 vol
1208 512 1318 601 ρέσκε.

197 619 244 685 Et
269 615 415 683 similiter
442 637 527 701 quoe
553 617 651 682 ulium
678 616 713 681 in
737 615 863 702 syllubu
889 614 994 702 prime
1021 613 1167 681 vooolem
1195 611 1318 680 hubent

196 716 308 785 τίεσκε
330 726 363 781 et
382 710 542 784 ἇλλὺεσκε
560 718 663 784 Hom.
682 717 815 801 χρίεσκε
832 718 878 782 Η.
893 718 940 783 Η.
960 715 996 781 in
1012 714 1088 782 Cer.
1103 715 1178 781 228.
1198 713 1317 783 λύεσκε

199 816 315 900 Quint.
336 816 402 881 Ill.
427 815 500 881 822.
527 813 669 900 (ilicone
693 817 806 905 Apoll.
828 817 893 883 111.
916 817 990 883 223.
1016 813 1143 884 θύεσκε
1162 815 1337 904 Hippon'

195 919 253 985 Fr.
276 917 379 986 XXI.
406 913 560 985 πλώεσεε
580 917 727 1004 Ορρίεα.
749 918 826 984 Hel.
849 919 892 986 V.
911 917 986 982 475.
1010 916 1137 1004 Tryph.
1158 917 1233 983 216.
1258 940 1316 984 ex-

197 1017 304 1106 eeptis
329 1016 458 1083 duobus
482 1016 672 1097 homericis,
701 1016 854 1087 ἐκὲσκετο
882 1039 943 1105 pro
972 1015 1100 1098 ἐκέετο,
1130 1018 1222 1103 quod
1242 1040 1315 1093 ver·

197 1119 316 1186 borum
342 1107 442 1202 inps
469 1120 657 1186 exeuntium
682 1121 788 1186 flexus
816 1119 964 1204 sequitur
985 1117 1105 1203 hisque
1129 1117 1229 1204 vulgo
1255 1120 1315 1185 ud·

195 1219 363 1286 numerari
383 1219 485 1297 solet,
513 1231 547 1286 et
566 1220 745 1304 μκοὶσκετο,
774 1221 827 1287 oui
848 1231 949 1308 poeto
972 1218 1102 1306 epsilon
1126 1216 1316 1286 subtrahere

199 1332 333 1387 oouotus
360 1329 410 1386 est
417 1344 427 1397 ς
459 1343 535 1385 nem
561 1320 760 1405 μκαέσκετο,
794 1322 872 1407 quio
902 1318 1002 1408 ulpho
1032 1319 1130 1385 breve
1158 1318 1257 1386 hebet
1284 1343 1315 1385 v.

199 1421 325 1488 Teohn.
346 1423 397 1487 11.
418 1432 521 1488 memo
543 1432 716 1509 repugnat.
743 1420 896 1491 Ῥύσκετο
917 1444 959 1487 ne
982 1421 1056 1507 quis
1077 1443 1138 1508 pro
1160 1421 1316 1506 ῥυέσκετο

198 1524 339 1611 oeeipiot
359 1533 491 1589 eentum
512 1534 562 1589 est
580 1524 616 1589 in
637 1523 763 1590 Techn.
784 1546 819 1610 p.
838 1523 892 1589 61.
913 1524 990 1589 odn.
1010 1522 1065 1588 20.
1109 1521 1179 1590 Sed
1200 1519 1314 1608 hujus·

195 1626 288 1691 modi
312 1625 467 1703 exseresi,
485 1624 633 1689 nonnulli
660 1625 757 1690 etium
783 1624 861 1692 ἔσκε
886 1624 1091 1691 deourtutum
1111 1623 1241 1689 dieunt:
1268 1619 1316 1703 ὥς

197 1724 320 1814 ἔφερον
338 1724 514 1811 φέρεσκον,
536 1725 624 1792 οὕτω
647 1720 796 1792 ἀπὸτοῦ
817 1721 872 1792 ἔον
892 1720 1036 1808 ὤφειλεν
1058 1717 1143 1821 εἶναι
1164 1721 1204 1792 τὸ
1225 1720 1316 1791 λωνι-

198 1825 258 1890 κὸκ
287 1821 418 1891 ἔεσκοα·
447 1818 532 1891 stt&
561 1824 619 1891 διὰ
647 1825 707 1914 τὴν
735 1822 942 1912 ἑπαλλρλίαν
970 1825 1009 1892 τὸ
1039 1821 1075 1892 ἓν
1102 1848 1119 1891 ε
1148 1820 1314 1911 ἐξεβλήθη

194 1925 278 1992 ΕΜ.
294 1924 369 2003 381,
385 1926 438 1991 32.
458 1924 515 2010 qui
530 1948 632 2011 quum
651 1921 763 1992 ἔασκεν
778 1925 943 2011 integrum
960 1947 1032 1991 esse
1049 1935 1188 2012 putaret,
1205 1924 1314 2011 aptius

198 2026 345 2093 conferre
366 2037 495 2113 poterut
510 2026 633 2108 χέεσκε.
670 2027 739 2094 Sed
761 2027 803 2093 de
825 2027 984 2111 ejectione
1005 2039 1100 2092 eruut.
1134 2026 1219 2091 Nam
1237 2022 1316 2093 ἔσκε

198 2127 240 2193 ub
261 2118 281 2216 ἦ
305 2128 403 2213 (erut)
421 2128 605 2193 traductum
626 2138 677 2192 est
699 2138 852 2213 correpta
873 2127 977 2194 vocali
999 2127 1090 2212 quod
1109 2127 1145 2192 fit
1163 2125 1314 2194 omnibus

196 2228 232 2292 in
259 2227 395 2313 longum
423 2227 618 2294 exeuntibus
646 2225 800 2305 τίθεσκε,
834 2229 987 2307 λ’στασκε,
1020 2226 1160 2305 στάσκε,
1190 2225 1315 2295 vtum

197 2328 290 2414 quod
311 2328 347 2393 in
366 2329 446 2394 EM.
469 2330 548 2406 624,
569 2331 601 2393 4.
624 2329 757 2393 offertur
777 2328 889 2395 neseio
915 2328 1002 2394 unde
1024 2339 1182 2405 sumtum,
1203 2325 1313 2405 δόσκε,

197 2427 298 2497 (lions
313 2430 378 2511 ⁸⁰).
421 2428 477 2495 Ab
501 2429 564 2494 hoo
587 2427 739 2513 analogia
760 2428 868 2494 defioit
889 2428 980 2494 verbi
998 2427 1191 2493 substantivi
1211 2427 1315 2495 torma

196 2530 474 2617 moeropuruleotu
506 2529 550 2596 ob
583 2529 647 2594 hoo
679 2529 788 2615 ipsum
821 2541 953 2596 enotata
985 2529 1021 2593 in
1048 2529 1158 2615 Epim.
1182 2529 1212 2594 1.
1242 2529 1313 2596 159.

194 2626 214 2695 ὁ
239 2632 301 2714 μὲν
329 2630 473 2717 ποιητὴς
495 2629 554 2716 τὴν
575 2627 741 2713 ἄρχουσαν
766 2631 938 2697 συστέλλει
966 2629 1001 2697 ἐν
1025 2635 1073 2718 τῷ
1098 2629 1209 2698 ἔσκεν·
1234 2627 1254 2698 ὁ
1276 2630 1315 2697 δὲ

191 2725 338 2811 Ἀλκμὰν
361 2731 431 2814 (Fr.
445 2730 542 2795 LIX.
564 2731 627 2795 552
640 2728 779 2815 Bergk.)
802 2727 964 2815 φυλάττει
992 2725 1116 2818 „lant
1135 2755 1199 2811 τις
1221 2729 1314 2798 σκά-

197 2850 294 2913 φευς
318 2823 537 2898 ἅνάσσων“.
585 2831 681 2909 Τινὲς
700 2832 738 2898 δὲ
763 2827 824 2896 δύο
845 2831 907 2913 μὲν
928 2830 1005 2914 (scr.
1018 2829 1117 2919 μέρη)
1140 2830 1245 2920 φασὶν
1269 2821 1314 2919 ἦς

196 2923 270 2994 ἀντὶ
291 2934 351 2997 τοῦ
373 2922 413 3019 ἦν
435 2930 491 2998 καὶ
513 2932 557 2999 κέ
578 2930 769 3016 σύνδεσμος.
813 2932 890 2996 Hoc
911 2930 1033 3017 effugio
1055 2943 1201 2998 servetur
1221 2941 1314 2997 tenor

196 3030 329 3116 regulae
357 3033 397 3099 τὸ
423 3027 537 3099 εἴασκε
558 3031 647 3100 κατὰ
674 3028 918 3128 σοστολὶφτοῠ
936 3019 979 3098 α·
1003 3028 1088 3100 otto
1111 3031 1169 3099 καὶ
1191 3029 1315 3110 πάντες

197 3135 275 3216 (sor.
297 3131 436 3217 πάντα).
485 3132 534 3199 Τὰ
557 3130 621 3216 γὰρ
647 3132 704 3200 διὰ
726 3135 787 3200 τοῦ
811 3157 852 3200 σκ
878 3133 1075 3220 παρργμένα
1099 3128 1203 3209 ἷακῶς
1226 3138 1313 3217 βρα-

194 3238 289 3313 χεῖαν
312 3229 380 3313 iicet
408 3233 469 3319 τὴν
493 3229 756 3319 παραλήγουσαν
779 3229 927 3311 εἴπεσκε,
950 3230 1113 3319 φορέεσκε
1135 3229 1246 3300 Sohol.
1268 3233 1314 3297 A.

194 3333 240 3397 od
265 3333 305 3397 ll.
329 3332 376 3397 11.
404 3333 478 3398 832.
511 3333 602 3415 quod
633 3353 745 3397 verum
777 3356 849 3399 esse
881 3332 1039 3418 probetur
1069 3333 1144 3420 ipso
1177 3345 1315 3399 noeentu

196 3429 329 3510 στάσκε,
354 3429 454 3500 dione
476 3443 538 3497 ete.
582 3430 694 3498 Verbo
716 3433 785 3516 ejus
808 3432 943 3511 ordinis,
967 3435 1011 3499 ad
1031 3457 1130 3519 quem
1150 3435 1316 3522 φορέεσκε

196 3532 355 3626 pertipet,
386 3531 470 3598 hune
499 3531 666 3619 proprium
694 3533 830 3598 formem
858 3532 978 3600 habere
1005 3557 1168 3623 personae
1200 3535 1315 3600 tertiae

195 3629 231 3692 in
257 3654 290 3696 εε
317 3634 447 3698 exeunti
475 3633 754 3700 accommodatum
778 3633 969 3721 intelligitur
994 3657 1036 3702 ex
1061 3622 1227 3702 Herodoti
1252 3658 1316 3701 usu

197 3728 255 3815 qui
287 3732 448 3813 ejusmodi
481 3734 673 3821 imperfecte
705 3734 891 3819 frequentet
923 3736 1098 3817 ποιέεσκε,
1132 3735 1313 3813 πωλέεσκε,

196 3829 311 3918 pouois
334 3843 447 3897 eontra
467 3834 673 3901 venientibus
692 3856 777 3920 quoe
797 3835 925 3902 dialecti
945 3838 1157 3904 Herodoteue
1179 3837 1314 3903 investi·

195 3941 328 4018 gutures
354 3933 396 3997 ud
418 3955 516 3999 unum
537 3957 683 4002 normam
708 3935 875 4022 corrigunt
899 3959 929 4003 v.
950 3938 1105 4005 Dindorf.
1129 3940 1156 4024 ξ.
1177 3937 1313 4004 XXIV.

264 4171 495 4243 50)]1αρέρασκε
519 4172 597 4242 quod
619 4170 756 4226 Matthiae
781 4173 864 4228 offert
884 4173 1008 4228 Grumm.
1027 4175 1088 4228 tto.
1114 4181 1143 4229 et
1166 4167 1313 4244 ἐφάσκετε,

196 4256 274 4322 quod
289 4255 469 4312 Thierschius
490 4275 519 4329 p.
536 4258 595 4312 tlt.
615 4275 673 4313 nou
689 4259 745 4313 huo
762 4258 903 4330 portinent
920 4261 972 4313 sed
989 4261 1027 4314 td
1045 4257 1149 4328 βάσκω,
1167 4255 1279 4331 φάσκω.
