2736 4778
128 382 191 447 aaa
289 364 292 369 ’
326 340 338 353 ”
504 374 784 445 οιεστοτιιιο
806 374 878 443 vn

126 543 231 608 iuncte
242 542 373 609 tractari
393 543 509 609 solent:
535 539 568 609 αἲ
582 541 765 630 προθέσεις
779 535 1047 625 ἐπεκτεινόμεναι
1059 540 1263 610 σονέλιιοναι

128 645 212 711 κατὰ
245 643 283 709 τὸ
316 645 412 724 τέλος
447 648 506 734 τὴν
529 640 638 725 ὀξεῖαν
666 638 712 722 ὡς
741 642 806 727 ἔχει
841 640 861 732 ἦ
897 641 955 712 ἔνι’
988 644 1045 709 καὶ
1081 638 1103 730 ἦ
1143 642 1264 732 προτί

126 747 227 830 Apoll.
251 745 337 829 Synt.
360 746 405 813 IV
426 749 456 812 2.
479 746 541 814 309
564 745 672 831 (304),
705 746 743 810 τὸ
775 744 860 834 πρός
893 744 964 811 κατ’
994 743 1187 813 ἕπε’νιαασιν
1214 744 1261 833 ρι’·

128 874 217 916 νεται
241 847 344 935 προσί
365 843 411 928 ὥς
433 847 467 917 ἐν
489 849 536 918 ἐνί
556 850 627 916 EM.
650 848 724 916 685.
746 849 798 914 25.
841 848 905 914 Alii
927 851 1128 914 contrarium
1151 847 1261 915 defeu-

127 938 215 1033 dunt,
238 951 287 1019 dvi
308 952 450 1018 nativum
470 971 550 1033 esse,
575 951 607 1020 ἐν
629 953 798 1033 facticium,
821 956 1006 1034 argumento
1028 952 1165 1035 triplici,
1190 972 1259 1032 uno,

127 1055 212 1137 quod
233 1054 482 1137 praepositiones
510 1055 692 1138 pleonasmo
719 1055 892 1138 productae
914 1059 1080 1120 accentum
1116 1075 1184 1121 non
1211 1072 1259 1121 re

126 1157 271 1237 trahant,
305 1155 356 1224 ἔνι’
376 1162 482 1238 autem
505 1159 715 1241 anastrophae
740 1159 915 1224 subiaceat:
950 1152 1020 1224 ἔνθ’
1057 1156 1109 1224 ἔνι
1146 1155 1258 1247 καῦρρ.

128 1260 237 1339 altero,
261 1260 345 1342 quod
366 1280 428 1326 non
449 1260 782 1343 proverboponantur
804 1268 840 1326 ut
862 1255 932 1326 ἔνθ’
957 1259 1004 1325 ἔνι
1026 1260 1090 1342 μὲν
1115 1259 1260 1349 φιλότης

127 1381 185 1444 pro
209 1360 327 1441 ἔνεστι,
360 1368 536 1446 postremo,
569 1382 666 1445 quum
699 1363 788 1429 nulla
810 1363 1002 1446 praepositio
1032 1362 1117 1428 duas
1139 1364 1259 1430 habeat

127 1464 252 1531 vocales
274 1463 485 1548 abundantes,
519 1466 646 1532 concedi
667 1485 729 1532 non
750 1484 859 1548 posse,
881 1472 918 1531 nt
940 1460 1001 1532 ιῖνί
1022 1482 1061 1529 ex
1085 1463 1123 1533 ἐν
1146 1472 1257 1533 natum

129 1568 179 1633 sit
223 1568 312 1634 Haec
344 1568 721 1651 singulaEpim.1170
754 1569 799 1633 sic
831 1568 936 1633 diluit:
970 1584 1041 1632 cum
1075 1570 1194 1657 ποραί
1226 1574 1258 1635 et

129 1668 227 1736 κοιναί
247 1689 311 1735 non
331 1677 417 1736 recte
440 1673 615 1754 comparari
638 1667 703 1751 ἔνι’,
736 1689 809 1735 nam
832 1670 891 1734 hoc
916 1674 952 1734 ut
974 1669 1129 1737 Doricum
1154 1668 1257 1759 προτί

128 1774 190 1840 duo
211 1772 328 1839 habere
350 1780 502 1856 tempora,
524 1775 579 1840 illa
600 1775 672 1855 tria,
695 1773 853 1839 etidcirco
865 1773 1077 1855 anastrophen
1089 1792 1254 1858 respuere,

128 1875 209 1942 hanc
230 1881 336 1942 autem
359 1878 515 1958 adhiberi,
551 1878 577 1944 si
609 1896 667 1961 pro
690 1874 796 1942 ἔνεστι
819 1875 924 1941 valeat
951 1877 1033 1942 sicut
1067 1874 1166 1965 πάρα
1199 1896 1254 1960 pro

128 1975 278 2061 πάρισοι,
301 1996 359 2044 nec
381 1980 517 2060 obstare,
541 1980 625 2062 quod
647 1973 708 2045 ιῖνί
730 1977 897 2059 dupliciter
912 1980 1055 2061 creverit,
1078 1973 1098 2045 ὃ
1124 1980 1188 2065 γὰρ
1211 1968 1253 2057 εἷς

129 2081 340 2164 πλεονασμὸς
361 2086 419 2169 τῆς
442 2078 639 2169 προθέσεώς
662 2080 750 2147 ἔστιν
771 2081 881 2164 (adde
905 2077 1061 2165 αἰτιικός),
1084 2079 1104 2145 ὅ
1127 2084 1165 2150 δι’
1186 2080 1251 2149 ἕτε-

128 2207 187 2270 ρος
210 2180 393 2271 ποιητιιός,
417 2204 479 2267 quc
498 2184 568 2250 loco
590 2182 752 2249 confundit
772 2184 1038 2265 praepositionem
1060 2182 1111 2249 ἐνί
1129 2189 1164 2250 et
1186 2202 1252 2250 rer·

129 2284 201 2351 bale
225 2284 287 2364 ἔνι,
322 2306 383 2369 quo
407 2288 473 2354 solo
495 2292 628 2352 utumtur
649 2286 755 2366 Plato,
786 2285 971 2367 Xenophon,
1003 2291 1119 2367 poetae
1142 2284 1252 2369 tragici

128 2388 299 2471 comicique
315 2388 354 2472 ¹),
387 2407 461 2455 narn
485 2388 531 2456 ἐνὶ
555 2386 685 2472 δώμασι
707 2388 789 2454 Plut.
816 2388 898 2454 1158
920 2389 952 2454 in
974 2389 1095 2455 cautim
1119 2394 1182 2468 est,
1208 2388 1252 2454 id·

129 2509 191 2572 que
224 2502 244 2556 a
265 2492 393 2573 tragicis
417 2493 513 2558 etiam
536 2491 695 2557 abiudicat
716 2490 916 2556 Hermannus
944 2491 983 2557 ad
1006 2489 1074 2572 Iph.
1099 2491 1136 2555 T.
1162 2489 1252 2556 1081.

129 2591 193 2657 Sed
225 2600 331 2657 tamen
364 2595 476 2659 harum
510 2594 666 2658 rationum
701 2592 788 2657 nulla
809 2598 933 2658 tantum
960 2593 1058 2673 valet,
1092 2599 1132 2659 ut
1165 2593 1252 2659 litem

128 2694 264 2759 dirimat.
310 2696 397 2761 Alias
420 2698 543 2777 linguas
570 2695 826 2777 comparantibus
855 2697 1014 2778 antiquius
1036 2696 1166 2763 videtur
1189 2714 1252 2762 mo-

126 2796 321 2878 nosyllabum
344 2797 386 2875 ἕς,
412 2797 473 2877 ἒνς,
497 2795 553 2876 εἷς,
577 2795 617 2877 ἲν,
641 2799 683 2861 ln.
698 2836 738 2844 -
758 2798 1101 2884 llpccr'ficticiumest;
1127 2796 1252 2884 προτί

130 2903 164 2963 et
187 2899 287 2965 ποιί
321 2901 395 2982 quia
415 2919 577 2982 nunquam
609 2901 651 2965 ad
672 2899 930 2983 monosyllabiam
952 2900 1086 2965 redeunt
1108 2902 1172 2967 nisi
1198 2920 1253 2985 per

128 3001 387 3068 assimilationem
417 3004 497 3086 (πὸτ
519 3001 590 3085 τόν)
618 3009 651 3069 et
676 3003 931 3085 compositionem
954 2999 1108 3086 (πόταγε)
1132 3003 1174 3070 ab
1197 3004 1254 3069 hoc

129 3101 195 3168 loco
218 3104 322 3169 aliena
345 3110 433 3183 sunt3
457 3101 581 3191 ὑπερί
602 3107 798 3187 grammatici
819 3106 880 3188 ipsi
892 3111 1021 3187 propter
1033 3111 1099 3170 tres
1112 3105 1250 3188 syllabas

80 3226 83 3232 ·
127 3203 279 3271 Graeciae
301 3205 415 3271 finibus
438 3215 548 3273 arcent
569 3208 640 3273 EM.
664 3209 735 3274 778.
758 3208 815 3287 26;
840 3208 930 3275 ccvi
952 3227 991 3273 ne
1013 3225 1071 3288 per
1093 3209 1249 3273 somnium

125 3308 251 3389 quidem
279 3310 443 3391 imaginati
466 3315 555 3390 suut,
589 3311 644 3375 sed
672 3316 799 3392 recepto
832 3311 1040 3376 antevertisse
1069 3312 1251 3391 suspicatum

125 3410 257 3475 Ahrens.
287 3413 359 3477 dial.
382 3413 468 3478 Aeol.
495 3412 563 3492 151,
588 3412 625 3477 cl.
648 3411 825 3478 Hoffmann.
849 3411 976 3489 Quaest.
1000 3414 1091 3479 Hom.
1115 3413 1132 3477 I
1158 3413 1228 3480 167.

232 3512 344 3578 Fuisse
388 3515 578 3597 aliquando,
621 3516 675 3597 qui
719 3516 942 3582 adverbium
976 3511 1016 3602 ἤν
1049 3515 1162 3581 eadem
1196 3535 1249 3583 ro·

125 3614 184 3678 cali
207 3623 333 3681 auctum
361 3623 527 3698 putarent,
561 3616 663 3699 colligi
685 3624 791 3699 potest
817 3636 834 3682 e
863 3619 957 3684 schol.
981 3619 1110 3683 Theoor.
1134 3618 1185 3683 ΙΙΙ
1212 3618 1249 3684 10

125 3715 300 3784 δασύνεται
335 3722 388 3785 καὶ
424 3716 574 3799 ὀξύνεται
608 3720 646 3784 τὸ
680 3715 734 3806 ἧντ’
766 3721 820 3785 καὶ
855 3718 933 3808 παρ’
963 3718 1125 3799 Ἀττικοῖς
1160 3719 1250 3788 obruo

125 3822 350 3907 προφέρεται,
395 3827 429 3886 et
460 3821 544 3886 Suid.
583 3818 647 3908 η’νί
686 3816 757 3886 ἀντὶ
797 3829 856 3888 τοῦ
894 3820 967 3890 ἰδού
1006 3826 1172 3909 δωρικιῦς,
1217 3831 1251 3890 et

124 3922 169 3987 sic
207 3923 282 3987 olim
319 3941 415 4004 saepe
443 3923 638 3989 scribebatur
672 3915 717 4007 ἦν’
753 3919 818 3997 ἰδέ,
856 3925 913 3990 sed
945 3926 1009 3991 iam
1043 3927 1250 3993 emendatum

124 4031 188 4105 est,
220 4044 248 4091 v.
282 4025 324 4090 ad
356 4026 538 4091 Buttmann.
561 4021 687 4103 11341,
721 4023 882 4109 Patholog.
916 4027 1185 4095 Elemm.1607.
1213 4067 1249 4078 -

194 4256 290 4326 1)”Ενι
315 4268 461 4330 μεταθέσει
485 4265 533 4317 τοῦ
552 4260 632 4317 τόνου
657 4261 706 4317 οὐκ
729 4265 767 4320 ἔτι
790 4264 922 4337 πρόθεσις
948 4266 1004 4322 ἀλλ’
1033 4272 1071 4330 ele
1098 4270 1257 4344 ῥηματικὸν

122 4354 281 4413 μεταβαίνει
299 4352 382 4405 schol.
400 4353 479 4406 Arist.
498 4353 565 4418 qu.
587 4348 628 4403 17.
