<?xml version="1.0" encoding="UTF-8"?>
<!DOCTYPE html PUBLIC "-//W3C//DTD XHTML 1.0 Transitional//EN"
    "http://www.w3.org/TR/xhtml1/DTD/xhtml1-transitional.dtd">
<html xmlns="http://www.w3.org/1999/xhtml" xml:lang="en" lang="en">
 <head>
  <title>
</title>
<meta http-equiv="Content-Type" content="text/html;charset=utf-8" />
  <meta name='ocr-system' content='tesseract 3.04.00' />
  <meta name='ocr-capabilities' content='ocr_page ocr_carea ocr_par ocr_line ocrx_word'/>
</head>
<body>
  <div class='ocr_page' id='page_1' title='image "./pathologiaegrae00lobegoog_0816.png"; bbox 0 0 2736 4778; ppageno 0'>
   <div class='ocr_carea' id='block_1_1' title="bbox 181 359 937 430">
    <p class='ocr_par' dir='ltr' id='par_1_1' title="bbox 181 359 937 430">
     <span class='ocr_line' id='line_1_1' title="bbox 181 359 937 430; baseline -0.004 0"><span class='ocrx_word' id='word_1_1' title='bbox 181 363 242 430; x_wconf 92' lang='grc'><strong>144</strong></span> <span class='ocrx_word' id='word_1_2' title='bbox 556 359 834 429; x_wconf 79' lang='lat' dir='ltr'>DISSERTATIO</span> <span class='ocrx_word' id='word_1_3' title='bbox 867 362 937 429; x_wconf 85' lang='lat' dir='ltr'><strong>vn.</strong></span> 
     </span>
    </p>
   </div>
   <div class='ocr_carea' id='block_1_2' title="bbox 177 515 1305 923">
    <p class='ocr_par' dir='ltr' id='par_1_2' title="bbox 177 515 1305 923">
     <span class='ocr_line' id='line_1_2' title="bbox 177 515 1303 614; baseline -0.006 -21"><span class='ocrx_word' id='word_1_4' title='bbox 177 525 243 593; x_wconf 83' lang='lat' dir='ltr'><strong>Noc</strong></span> <span class='ocrx_word' id='word_1_5' title='bbox 265 527 369 592; x_wconf 89' lang='lat' dir='ltr'><strong>minus</strong></span> <span class='ocrx_word' id='word_1_6' title='bbox 390 526 496 592; x_wconf 82' lang='lat' dir='ltr'><strong>laxum</strong></span> <span class='ocrx_word' id='word_1_7' title='bbox 519 532 569 592; x_wconf 85' lang='lat' dir='ltr'><strong>ost</strong></span> <span class='ocrx_word' id='word_1_8' title='bbox 584 549 772 614; x_wconf 74' lang='lat' dir='ltr'><strong>parapoqaa</strong></span> <span class='ocrx_word' id='word_1_9' title='bbox 792 515 916 605; x_wconf 85' lang='lat' dir='ltr'><strong>nomon,</strong></span> <span class='ocrx_word' id='word_1_10' title='bbox 939 542 1000 606; x_wconf 92' lang='lat' dir='ltr'><strong>quo</strong></span> <span class='ocrx_word' id='word_1_11' title='bbox 1022 522 1211 603; x_wconf 81' lang='lat' dir='ltr'><strong>Apollonius</strong></span> <span class='ocrx_word' id='word_1_12' title='bbox 1234 539 1303 586; x_wconf 93' lang='lat' dir='ltr'><strong>non</strong></span> 
     </span>
     <span class='ocr_line' id='line_1_3' title="bbox 177 623 1305 713; baseline -0.004 -19"><span class='ocrx_word' id='word_1_13' title='bbox 177 629 278 695; x_wconf 89' lang='lat' dir='ltr'><strong>solum</strong></span> <span class='ocrx_word' id='word_1_14' title='bbox 299 631 520 711; x_wconf 88' lang='lat' dir='ltr'><strong>pronominum</strong></span> <span class='ocrx_word' id='word_1_15' title='bbox 543 625 666 713; x_wconf 71' lang='lat' dir='ltr'><strong>oritoni,</strong></span> <span class='ocrx_word' id='word_1_16' title='bbox 690 627 832 698; x_wconf 75' lang='grc' dir='ltr'><strong>ἐκεινοσί</strong></span> <span class='ocrx_word' id='word_1_17' title='bbox 854 633 965 695; x_wconf 89' lang='lat' dir='ltr'><strong>auctus</strong></span> <span class='ocrx_word' id='word_1_18' title='bbox 988 628 1135 709; x_wconf 85' lang='lat' dir='ltr'><strong>designat</strong></span> <span class='ocrx_word' id='word_1_19' title='bbox 1157 624 1248 708; x_wconf 82' lang='lat' dir='ltr'><strong>Synt</strong></span> <span class='ocrx_word' id='word_1_20' title='bbox 1270 623 1305 688; x_wconf 93' lang='grc' dir='ltr'>Π</span> 
     </span>
     <span class='ocr_line' id='line_1_4' title="bbox 177 726 1304 822; baseline -0.004 -24"><span class='ocrx_word' id='word_1_21' title='bbox 177 731 206 798; x_wconf 87' lang='grc'><strong>3.</strong></span> <span class='ocrx_word' id='word_1_22' title='bbox 231 732 291 798; x_wconf 90' lang='grc'><strong>105</strong></span> <span class='ocrx_word' id='word_1_23' title='bbox 315 733 417 818; x_wconf 84' lang='grc'><strong>(100),</strong></span> <span class='ocrx_word' id='word_1_24' title='bbox 451 735 508 800; x_wconf 87' lang='lat' dir='ltr'><strong>sod</strong></span> <span class='ocrx_word' id='word_1_25' title='bbox 531 735 627 800; x_wconf 86' lang='lat' dir='ltr'><strong>otiam</strong></span> <span class='ocrx_word' id='word_1_26' title='bbox 649 734 816 799; x_wconf 87' lang='lat' dir='ltr'><strong>verborum</strong></span> <span class='ocrx_word' id='word_1_27' title='bbox 839 726 949 822; x_wconf 73' lang='grc' dir='ltr'><em>ἄγῃσι,</em></span> <span class='ocrx_word' id='word_1_28' title='bbox 981 733 1116 816; x_wconf 72' lang='grc' dir='ltr'><em>λέγωμι,</em></span> <span class='ocrx_word' id='word_1_29' title='bbox 1146 731 1304 818; x_wconf 76' lang='grc' dir='ltr'><strong><em>λέγῃσθα</em></strong></span> 
     </span>
     <span class='ocr_line' id='line_1_5' title="bbox 178 831 1302 923; baseline -0.004 -21"><span class='ocrx_word' id='word_1_30' title='bbox 178 836 218 902; x_wconf 85' lang='lat' dir='ltr'><strong>do</strong></span> <span class='ocrx_word' id='word_1_31' title='bbox 252 835 340 902; x_wconf 76' lang='lat' dir='ltr'><strong>(ioni.</strong></span> <span class='ocrx_word' id='word_1_32' title='bbox 363 836 435 902; x_wconf 80' lang='grc'><strong>516.</strong></span> <span class='ocrx_word' id='word_1_33' title='bbox 480 837 622 919; x_wconf 81' lang='lat' dir='ltr'><strong>Utroque</strong></span> <span class='ocrx_word' id='word_1_34' title='bbox 636 838 831 923; x_wconf 65' lang='lat' dir='ltr'><strong>xpromiscuo</strong></span> <span class='ocrx_word' id='word_1_35' title='bbox 864 837 965 901; x_wconf 92' lang='lat' dir='ltr'><strong>utitur</strong></span> <span class='ocrx_word' id='word_1_36' title='bbox 997 836 1094 902; x_wconf 84' lang='lat' dir='ltr'><strong>Pn&#39;sa</strong></span> <span class='ocrx_word' id='word_1_37' title='bbox 1117 833 1181 899; x_wconf 85' lang='lat' dir='ltr'><strong>XII</strong></span> <span class='ocrx_word' id='word_1_38' title='bbox 1204 833 1233 899; x_wconf 83' lang='lat'><strong>5.</strong></span> <span class='ocrx_word' id='word_1_39' title='bbox 1259 831 1302 897; x_wconf 79' lang='lat'><strong>23</strong></span> 
     </span>
    </p>
   </div>
   <div class='ocr_carea' id='block_1_3' title="bbox 94 937 1302 1130">
    <p class='ocr_par' dir='ltr' id='par_1_3' title="bbox 94 937 1302 1130">
     <span class='ocr_line' id='line_1_6' title="bbox 176 937 1302 1023; baseline -0.003 -19"><span class='ocrx_word' id='word_1_40' title='bbox 176 958 206 1021; x_wconf 93' lang='lat' dir='ltr'><strong>p.</strong></span> <span class='ocrx_word' id='word_1_41' title='bbox 229 939 292 1004; x_wconf 82' lang='grc'><strong>552</strong></span> <span class='ocrx_word' id='word_1_42' title='bbox 316 941 479 1023; x_wconf 85' lang='lat' dir='ltr'><strong>simulque,</strong></span> <span class='ocrx_word' id='word_1_43' title='bbox 513 941 669 1023; x_wconf 90' lang='lat' dir='ltr'><strong>quomodo</strong></span> <span class='ocrx_word' id='word_1_44' title='bbox 691 940 804 1006; x_wconf 80' lang='lat' dir='ltr'>Latine</span> <span class='ocrx_word' id='word_1_45' title='bbox 839 940 900 1005; x_wconf 87' lang='lat' dir='ltr'><strong>dici</strong></span> <span class='ocrx_word' id='word_1_46' title='bbox 920 940 1057 1022; x_wconf 84' lang='lat' dir='ltr'><strong>possint,</strong></span> <span class='ocrx_word' id='word_1_47' title='bbox 1091 957 1149 1003; x_wconf 89' lang='lat' dir='ltr'><strong>nos</strong></span> <span class='ocrx_word' id='word_1_48' title='bbox 1172 937 1302 1002; x_wconf 87' lang='lat' dir='ltr'><strong>edocet:</strong></span> 
     </span>
     <span class='ocr_line' id='line_1_7' title="bbox 94 1040 1302 1130; baseline -0.002 -24"><span class='ocrx_word' id='word_1_49' title='bbox 94 1073 101 1080; x_wconf 81' lang='lat'>·</span> <span class='ocrx_word' id='word_1_50' title='bbox 176 1040 336 1129; x_wconf 72' lang='lat' dir='ltr'><strong>quaoet</strong></span> <span class='ocrx_word' id='word_1_51' title='bbox 357 1055 386 1106; x_wconf 85' lang='lat' dir='ltr'><strong>ct</strong></span> <span class='ocrx_word' id='word_1_52' title='bbox 408 1056 525 1125; x_wconf 74' lang='lat' dir='ltr'><strong>cetera,</strong></span> <span class='ocrx_word' id='word_1_53' title='bbox 548 1042 660 1128; x_wconf 71' lang='lat' dir='ltr'><strong>quobus</strong></span> <span class='ocrx_word' id='word_1_54' title='bbox 683 1041 869 1130; x_wconf 71' lang='lat' dir='ltr'><strong>adiaaqitar</strong></span> <span class='ocrx_word' id='word_1_55' title='bbox 900 1054 971 1106; x_wconf 83' lang='lat' dir='ltr'><strong>met</strong></span> <span class='ocrx_word' id='word_1_56' title='bbox 989 1065 1050 1128; x_wconf 81' lang='lat' dir='ltr'><strong>por</strong></span> <span class='ocrx_word' id='word_1_57' title='bbox 1068 1041 1302 1127; x_wconf 72' lang='lat' dir='ltr'><strong>porrectionem</strong></span> 
     </span>
    </p>
   </div>
   <div class='ocr_carea' id='block_1_4' title="bbox 69 1144 1300 1231">
    <p class='ocr_par' dir='ltr' id='par_1_4' title="bbox 69 1144 1300 1231">
     <span class='ocr_line' id='line_1_8' title="bbox 69 1144 1300 1231; baseline 0.002 -23"><span class='ocrx_word' id='word_1_58' title='bbox 69 1164 74 1171; x_wconf 89' lang='lat'><em>·</em></span> <span class='ocrx_word' id='word_1_59' title='bbox 176 1145 226 1209; x_wconf 79' lang='lat' dir='ltr'><strong>vel</strong></span> <span class='ocrx_word' id='word_1_60' title='bbox 245 1146 481 1227; x_wconf 70' lang='lat' dir='ltr'><strong>conaminacm‘,</strong></span> <span class='ocrx_word' id='word_1_61' title='bbox 517 1168 612 1231; x_wconf 82' lang='lat' dir='ltr'><strong>qaam</strong></span> <span class='ocrx_word' id='word_1_62' title='bbox 634 1145 754 1211; x_wconf 73' lang='lat' dir='ltr'><strong>Gracci</strong></span> <span class='ocrx_word' id='word_1_63' title='bbox 772 1159 883 1211; x_wconf 74' lang='lat' dir='ltr'><strong>uocarat</strong></span> <span class='ocrx_word' id='word_1_64' title='bbox 915 1144 1090 1214; x_wconf 77' lang='grc' dir='ltr'><em>ἐπέκοοοιν</em></span> <span class='ocrx_word' id='word_1_65' title='bbox 1114 1145 1164 1210; x_wconf 81' lang='lat' dir='ltr'><strong>vol</strong></span> <span class='ocrx_word' id='word_1_66' title='bbox 1188 1170 1300 1229; x_wconf 77' lang='grc' dir='ltr'><strong><em>παρα-</em></strong></span> 
     </span>
    </p>
   </div>
   <div class='ocr_carea' id='block_1_5' title="bbox 177 1244 1303 1441">
    <p class='ocr_par' dir='ltr' id='par_1_5' title="bbox 177 1244 1303 1441">
     <span class='ocr_line' id='line_1_9' title="bbox 177 1244 1300 1336; baseline -0.003 -22"><span class='ocrx_word' id='word_1_67' title='bbox 177 1244 294 1336; x_wconf 74' lang='grc' dir='ltr'><em>γωγήν,</em></span> <span class='ocrx_word' id='word_1_68' title='bbox 316 1249 416 1314; x_wconf 71' lang='lat' dir='ltr'><strong>colera</strong></span> <span class='ocrx_word' id='word_1_69' title='bbox 430 1247 591 1334; x_wconf 83' lang='lat' dir='ltr'><strong>proferri.</strong></span> <span class='ocrx_word' id='word_1_70' title='bbox 637 1248 791 1328; x_wconf 84' lang='lat' dir='ltr'><strong>Quartum</strong></span> <span class='ocrx_word' id='word_1_71' title='bbox 814 1250 935 1316; x_wconf 89' lang='lat' dir='ltr'><strong>addunt</strong></span> <span class='ocrx_word' id='word_1_72' title='bbox 950 1249 1111 1315; x_wconf 81' lang='lat' dir='ltr'>Charisius</span> <span class='ocrx_word' id='word_1_73' title='bbox 1134 1246 1222 1313; x_wconf 86' lang='lat' dir='ltr'><strong>IV5.</strong></span> <span class='ocrx_word' id='word_1_74' title='bbox 1240 1244 1300 1312; x_wconf 87' lang='grc'><strong>156</strong></span> 
     </span>
     <span class='ocr_line' id='line_1_10' title="bbox 177 1347 1303 1441; baseline -0.004 -23"><span class='ocrx_word' id='word_1_75' title='bbox 177 1357 211 1418; x_wconf 83' lang='lat' dir='ltr'><strong>et</strong></span> <span class='ocrx_word' id='word_1_76' title='bbox 232 1351 403 1419; x_wconf 81' lang='lat' dir='ltr'><strong>Diomedes</strong></span> <span class='ocrx_word' id='word_1_77' title='bbox 425 1351 458 1417; x_wconf 88' lang='lat' dir='ltr'>H</span> <span class='ocrx_word' id='word_1_78' title='bbox 479 1351 552 1418; x_wconf 88' lang='grc'><strong>436.</strong></span> <span class='ocrx_word' id='word_1_79' title='bbox 574 1353 609 1419; x_wconf 90' lang='grc' dir='ltr'><strong>Ρ.</strong></span> <span class='ocrx_word' id='word_1_80' title='bbox 632 1348 923 1441; x_wconf 78' lang='grc' dir='ltr'><em>προοποροὲληψος</em></span> <span class='ocrx_word' id='word_1_81' title='bbox 954 1365 1016 1434; x_wconf 83' lang='lat' dir='ltr'><strong>cot,</strong></span> <span class='ocrx_word' id='word_1_82' title='bbox 1050 1374 1144 1437; x_wconf 82' lang='lat' dir='ltr'><strong>qaam</strong></span> <span class='ocrx_word' id='word_1_83' title='bbox 1173 1347 1303 1436; x_wconf 78' lang='lat' dir='ltr'><strong>aliquid</strong></span> 
     </span>
    </p>
   </div>
   <div class='ocr_carea' id='block_1_6' title="bbox 175 1451 1302 2368">
    <p class='ocr_par' dir='ltr' id='par_1_6' title="bbox 175 1451 1302 2368">
     <span class='ocr_line' id='line_1_11' title="bbox 178 1451 1300 1544; baseline -0.001 -27"><span class='ocrx_word' id='word_1_84' title='bbox 178 1451 224 1544; x_wconf 77' lang='lat' dir='ltr'><strong>ad</strong></span> <span class='ocrx_word' id='word_1_85' title='bbox 244 1455 446 1519; x_wconf 79' lang='lat' dir='ltr'><strong>novissimam</strong></span> <span class='ocrx_word' id='word_1_86' title='bbox 465 1469 591 1541; x_wconf 80' lang='lat' dir='ltr'><strong>partem</strong></span> <span class='ocrx_word' id='word_1_87' title='bbox 619 1456 766 1522; x_wconf 81' lang='lat' dir='ltr'><strong>dictrbm&#39;o</strong></span> <span class='ocrx_word' id='word_1_88' title='bbox 788 1453 907 1520; x_wconf 79' lang='lat' dir='ltr'><strong>accedit</strong></span> <span class='ocrx_word' id='word_1_89' title='bbox 928 1467 962 1519; x_wconf 78' lang='lat' dir='ltr'><strong>ut</strong></span> <span class='ocrx_word' id='word_1_90' title='bbox 984 1454 1206 1536; x_wconf 76' lang='lat' dir='ltr'><strong><em>admittier,</em></strong></span> <span class='ocrx_word' id='word_1_91' title='bbox 1242 1475 1300 1517; x_wconf 83' lang='lat' dir='ltr'><strong>cc·</strong></span> 
     </span>
     <span class='ocr_line' id='line_1_12' title="bbox 177 1545 1299 1645; baseline 0.002 -25"><span class='ocrx_word' id='word_1_92' title='bbox 177 1556 345 1645; x_wconf 76' lang='lat' dir='ltr'><strong>cirpier,</strong></span> <span class='ocrx_word' id='word_1_93' title='bbox 381 1560 438 1626; x_wconf 84' lang='lat' dir='ltr'><strong>sod</strong></span> <span class='ocrx_word' id='word_1_94' title='bbox 469 1559 521 1626; x_wconf 89' lang='lat' dir='ltr'><strong>hic</strong></span> <span class='ocrx_word' id='word_1_95' title='bbox 548 1563 694 1627; x_wconf 91' lang='lat' dir='ltr'><strong>continuo</strong></span> <span class='ocrx_word' id='word_1_96' title='bbox 723 1545 1020 1643; x_wconf 43' lang='lat' dir='ltr'><strong>subiicit‘tanquam</strong></span> <span class='ocrx_word' id='word_1_97' title='bbox 1045 1559 1204 1625; x_wconf 83' lang='lat' dir='ltr'><strong>diversam</strong></span> <span class='ocrx_word' id='word_1_98' title='bbox 1227 1575 1299 1640; x_wconf 73' lang='lat' dir='ltr'><strong>spo</strong></span> 
     </span>
     <span class='ocr_line' id='line_1_13' title="bbox 177 1658 1300 1750; baseline -0.002 -24"><span class='ocrx_word' id='word_1_99' title='bbox 177 1660 271 1727; x_wconf 84' lang='lat' dir='ltr'><strong>ciem:</strong></span> <span class='ocrx_word' id='word_1_100' title='bbox 306 1658 489 1750; x_wconf 75' lang='grc' dir='ltr'><strong>παραγωγή</strong></span> <span class='ocrx_word' id='word_1_101' title='bbox 513 1676 573 1745; x_wconf 78' lang='lat' dir='ltr'><strong>eat,</strong></span> <span class='ocrx_word' id='word_1_102' title='bbox 608 1686 702 1749; x_wconf 81' lang='lat' dir='ltr'><strong>qaam</strong></span> <span class='ocrx_word' id='word_1_103' title='bbox 724 1663 769 1727; x_wconf 84' lang='lat' dir='ltr'><strong>ad</strong></span> <span class='ocrx_word' id='word_1_104' title='bbox 787 1663 929 1728; x_wconf 76' lang='lat' dir='ltr'><strong>ultimam</strong></span> <span class='ocrx_word' id='word_1_105' title='bbox 952 1662 1100 1727; x_wconf 75' lang='lat' dir='ltr'><strong>dictionis</strong></span> <span class='ocrx_word' id='word_1_106' title='bbox 1121 1661 1300 1725; x_wconf 77' lang='lat' dir='ltr'><strong>clausulam</strong></span> 
     </span>
     <span class='ocr_line' id='line_1_14' title="bbox 177 1761 1302 1854; baseline -0.001 -27"><span class='ocrx_word' id='word_1_107' title='bbox 177 1775 233 1827; x_wconf 82' lang='lat' dir='ltr'><strong>aut</strong></span> <span class='ocrx_word' id='word_1_108' title='bbox 254 1763 359 1827; x_wconf 76' lang='lat' dir='ltr'><strong>littera</strong></span> <span class='ocrx_word' id='word_1_109' title='bbox 381 1765 522 1853; x_wconf 72' lang='lat' dir='ltr'><strong>r&#39;uapitar</strong></span> <span class='ocrx_word' id='word_1_110' title='bbox 545 1779 600 1831; x_wconf 79' lang='lat' dir='ltr'><strong>aot</strong></span> <span class='ocrx_word' id='word_1_111' title='bbox 621 1767 753 1854; x_wconf 78' lang='lat' dir='ltr'><strong>syllaba,</strong></span> <span class='ocrx_word' id='word_1_112' title='bbox 777 1767 884 1830; x_wconf 78' lang='lat' dir='ltr'><strong>littera</strong></span> <span class='ocrx_word' id='word_1_113' title='bbox 905 1778 940 1830; x_wconf 84' lang='lat' dir='ltr'><strong>ut</strong></span> <span class='ocrx_word' id='word_1_114' title='bbox 962 1764 1051 1851; x_wconf 83' lang='lat' dir='ltr'><strong>apud</strong></span> <span class='ocrx_word' id='word_1_115' title='bbox 1064 1765 1216 1829; x_wconf 80' lang='lat' dir='ltr'><strong>Plautum</strong></span> <span class='ocrx_word' id='word_1_116' title='bbox 1238 1761 1302 1827; x_wconf 78' lang='lat' dir='ltr'><strong>ted</strong></span> 
     </span>
     <span class='ocr_line' id='line_1_15' title="bbox 175 1867 1299 1956; baseline 0.003 -27"><span class='ocrx_word' id='word_1_117' title='bbox 175 1889 239 1951; x_wconf 78' lang='lat' dir='ltr'><strong>pro</strong></span> <span class='ocrx_word' id='word_1_118' title='bbox 263 1868 340 1949; x_wconf 69' lang='lat' dir='ltr'><strong>w),</strong></span> <span class='ocrx_word' id='word_1_119' title='bbox 365 1869 486 1954; x_wconf 69' lang='lat' dir='ltr'><strong>syllaba</strong></span> <span class='ocrx_word' id='word_1_120' title='bbox 508 1883 543 1934; x_wconf 75' lang='lat' dir='ltr'><strong>aa</strong></span> <span class='ocrx_word' id='word_1_121' title='bbox 558 1871 783 1956; x_wconf 62' lang='lat' dir='ltr'><strong>porcarum).</strong></span> <span class='ocrx_word' id='word_1_122' title='bbox 828 1870 894 1935; x_wconf 87' lang='lat' dir='ltr'><strong>Nos</strong></span> <span class='ocrx_word' id='word_1_123' title='bbox 916 1889 991 1936; x_wconf 76' lang='lat' dir='ltr'><strong>saro</strong></span> <span class='ocrx_word' id='word_1_124' title='bbox 1013 1889 1075 1935; x_wconf 94' lang='lat' dir='ltr'><strong>uno</strong></span> <span class='ocrx_word' id='word_1_125' title='bbox 1096 1867 1299 1951; x_wconf 82' lang='lat' dir='ltr'><strong>prosohema·</strong></span> 
     </span>
     <span class='ocr_line' id='line_1_16' title="bbox 177 1967 1298 2053; baseline -0.001 -17"><span class='ocrx_word' id='word_1_126' title='bbox 177 1971 263 2036; x_wconf 88' lang='lat' dir='ltr'><strong>tismi</strong></span> <span class='ocrx_word' id='word_1_127' title='bbox 286 1971 352 2036; x_wconf 85' lang='lat' dir='ltr'><strong>sivo</strong></span> <span class='ocrx_word' id='word_1_128' title='bbox 375 1975 577 2040; x_wconf 85' lang='lat' dir='ltr'><strong>assumtionis</strong></span> <span class='ocrx_word' id='word_1_129' title='bbox 610 1975 735 2039; x_wconf 90' lang='lat' dir='ltr'><strong>nomino</strong></span> <span class='ocrx_word' id='word_1_130' title='bbox 768 1973 907 2039; x_wconf 76' lang='lat' dir='ltr'><strong>contenti</strong></span> <span class='ocrx_word' id='word_1_131' title='bbox 929 1973 1046 2038; x_wconf 85' lang='lat' dir='ltr'><strong>erimus</strong></span> <span class='ocrx_word' id='word_1_132' title='bbox 1069 1967 1199 2053; x_wconf 82' lang='lat' dir='ltr'><strong>eiusque</strong></span> <span class='ocrx_word' id='word_1_133' title='bbox 1223 1968 1298 2037; x_wconf 83' lang='lat' dir='ltr'><strong>affe·</strong></span> 
     </span>
     <span class='ocr_line' id='line_1_17' title="bbox 178 2073 1299 2160; baseline -0.002 -21"><span class='ocrx_word' id='word_1_134' title='bbox 178 2074 289 2139; x_wconf 89' lang='lat' dir='ltr'><strong>ctionis</strong></span> <span class='ocrx_word' id='word_1_135' title='bbox 312 2077 456 2159; x_wconf 82' lang='lat' dir='ltr'><strong>exempla</strong></span> <span class='ocrx_word' id='word_1_136' title='bbox 488 2076 533 2142; x_wconf 88' lang='lat' dir='ltr'><strong>ita</strong></span> <span class='ocrx_word' id='word_1_137' title='bbox 556 2077 767 2160; x_wconf 82' lang='lat' dir='ltr'><strong>disponemus,</strong></span> <span class='ocrx_word' id='word_1_138' title='bbox 801 2082 838 2142; x_wconf 95' lang='lat' dir='ltr'><strong>ut</strong></span> <span class='ocrx_word' id='word_1_139' title='bbox 869 2077 970 2159; x_wconf 89' lang='lat' dir='ltr'><strong>primo</strong></span> <span class='ocrx_word' id='word_1_140' title='bbox 1003 2076 1071 2141; x_wconf 87' lang='lat' dir='ltr'><strong>loco</strong></span> <span class='ocrx_word' id='word_1_141' title='bbox 1094 2075 1238 2140; x_wconf 86' lang='lat' dir='ltr'><strong>dicamus</strong></span> <span class='ocrx_word' id='word_1_142' title='bbox 1261 2073 1299 2138; x_wconf 86' lang='lat' dir='ltr'><strong>de</strong></span> 
     </span>
     <span class='ocr_line' id='line_1_18' title="bbox 177 2177 1299 2263; baseline -0.001 -20"><span class='ocrx_word' id='word_1_143' title='bbox 177 2179 320 2245; x_wconf 85' lang='lat' dir='ltr'><strong>consonis</strong></span> <span class='ocrx_word' id='word_1_144' title='bbox 343 2180 573 2263; x_wconf 78' lang='lat' dir='ltr'><strong>vocaliumque,</strong></span> <span class='ocrx_word' id='word_1_145' title='bbox 596 2200 730 2263; x_wconf 87' lang='lat' dir='ltr'><strong>quarmn</strong></span> <span class='ocrx_word' id='word_1_146' title='bbox 753 2181 930 2246; x_wconf 88' lang='lat' dir='ltr'><strong>accessione</strong></span> <span class='ocrx_word' id='word_1_147' title='bbox 941 2197 1092 2246; x_wconf 84' lang='lat' dir='ltr'><strong>numerus</strong></span> <span class='ocrx_word' id='word_1_148' title='bbox 1104 2177 1299 2261; x_wconf 84' lang='lat' dir='ltr'><strong>syllabarum</strong></span> 
     </span>
     <span class='ocr_line' id='line_1_19' title="bbox 177 2283 952 2368; baseline 0.005 -23"><span class='ocrx_word' id='word_1_149' title='bbox 177 2299 241 2346; x_wconf 93' lang='lat' dir='ltr'><strong>non</strong></span> <span class='ocrx_word' id='word_1_150' title='bbox 263 2286 410 2364; x_wconf 82' lang='lat' dir='ltr'><strong>augetur,</strong></span> <span class='ocrx_word' id='word_1_151' title='bbox 433 2287 501 2349; x_wconf 91' lang='lat' dir='ltr'><strong>tum</strong></span> <span class='ocrx_word' id='word_1_152' title='bbox 525 2285 564 2350; x_wconf 88' lang='lat' dir='ltr'><strong>de</strong></span> <span class='ocrx_word' id='word_1_153' title='bbox 587 2285 763 2367; x_wconf 81' lang='lat' dir='ltr'><strong>augmentis</strong></span> <span class='ocrx_word' id='word_1_154' title='bbox 786 2283 952 2368; x_wconf 85' lang='lat' dir='ltr'><strong>syllabicis.</strong></span> 
     </span>
    </p>
   </div>
   <div class='ocr_carea' id='block_1_7' title="bbox 634 2477 839 2486">
    <p class='ocr_par' dir='ltr' id='par_1_7' title="bbox 634 2477 839 2486">
     <span class='ocr_line' id='line_1_20' title="bbox 634 2477 839 2486; baseline 0 -2"><span class='ocrx_word' id='word_1_155' title='bbox 634 2477 839 2486; x_wconf 52' lang='lat' dir='ltr'><strong>...w</strong></span> 
     </span>
    </p>
   </div>
   <div class='ocr_carea' id='block_1_8' title="bbox 514 2593 961 2820">
    <p class='ocr_par' dir='ltr' id='par_1_8' title="bbox 514 2593 961 2820">
     <span class='ocr_line' id='line_1_21' title="bbox 593 2593 886 2673; baseline 0 -1"><span class='ocrx_word' id='word_1_156' title='bbox 593 2593 701 2672; x_wconf 78' lang='grc'><strong>11118</strong></span> <span class='ocrx_word' id='word_1_157' title='bbox 740 2593 886 2673; x_wconf 78' lang='lat' dir='ltr'><strong>Pnlnn.</strong></span> 
     </span>
     <span class='ocr_line' id='line_1_22' title="bbox 514 2734 961 2820; baseline 0.007 -3"><span class='ocrx_word' id='word_1_158' title='bbox 514 2734 596 2819; x_wconf 85' lang='lat' dir='ltr'><strong>De</strong></span> <span class='ocrx_word' id='word_1_159' title='bbox 644 2738 961 2820; x_wconf 80' lang='lat' dir='ltr'><strong>consonis</strong></span> 
     </span>
    </p>
   </div>
   <div class='ocr_carea' id='block_1_9' title="bbox 172 2916 1353 3418">
    <p class='ocr_par' dir='ltr' id='par_1_9' title="bbox 172 2916 1353 3418">
     <span class='ocr_line' id='line_1_23' title="bbox 263 2916 1302 3004; baseline 0.002 -24"><span class='ocrx_word' id='word_1_160' title='bbox 263 2916 312 2981; x_wconf 86' lang='lat' dir='ltr'><strong>Do</strong></span> <span class='ocrx_word' id='word_1_161' title='bbox 340 2918 441 2983; x_wconf 87' lang='lat' dir='ltr'><strong>tribus</strong></span> <span class='ocrx_word' id='word_1_162' title='bbox 469 2920 625 3000; x_wconf 62' lang='lat' dir='ltr'><strong>consonis</strong></span> <span class='ocrx_word' id='word_1_163' title='bbox 661 2941 742 3004; x_wconf 87' lang='lat' dir='ltr'><strong>quae</strong></span> <span class='ocrx_word' id='word_1_164' title='bbox 775 2922 826 2987; x_wconf 88' lang='lat' dir='ltr'><strong>hic</strong></span> <span class='ocrx_word' id='word_1_165' title='bbox 857 2922 890 2985; x_wconf 88' lang='lat' dir='ltr'><strong>in</strong></span> <span class='ocrx_word' id='word_1_166' title='bbox 918 2920 1133 3003; x_wconf 87' lang='lat' dir='ltr'><strong>quaestionem</strong></span> <span class='ocrx_word' id='word_1_167' title='bbox 1156 2918 1302 2998; x_wconf 74' lang='lat' dir='ltr'><strong>veniunt,</strong></span> 
     </span>
     <span class='ocr_line' id='line_1_24' title="bbox 178 3016 1353 3106; baseline -0.004 -21"><span class='ocrx_word' id='word_1_168' title='bbox 178 3020 257 3086; x_wconf 89' lang='lat' dir='ltr'><strong>duas</strong></span> <span class='ocrx_word' id='word_1_169' title='bbox 283 3022 420 3103; x_wconf 83' lang='lat' dir='ltr'><strong>potiores</strong></span> <span class='ocrx_word' id='word_1_170' title='bbox 454 3023 605 3088; x_wconf 83' lang='lat' dir='ltr'><strong>delibavit</strong></span> <span class='ocrx_word' id='word_1_171' title='bbox 638 3024 732 3088; x_wconf 86' lang='lat' dir='ltr'><strong>schol.</strong></span> <span class='ocrx_word' id='word_1_172' title='bbox 756 3023 914 3106; x_wconf 85' lang='lat' dir='ltr'><strong>Aristoph.</strong></span> <span class='ocrx_word' id='word_1_173' title='bbox 937 3022 1039 3087; x_wconf 90' lang='lat' dir='ltr'><strong>Nnbb.</strong></span> <span class='ocrx_word' id='word_1_174' title='bbox 1064 3021 1123 3085; x_wconf 87' lang='grc'><strong>741</strong></span> <span class='ocrx_word' id='word_1_175' title='bbox 1150 3019 1244 3104; x_wconf 83' lang='grc'><strong>(743)</strong></span> <span class='ocrx_word' id='word_1_176' title='bbox 1269 3016 1300 3086; x_wconf 78' lang='grc' dir='ltr'><strong>οἱ</strong></span> <span class='ocrx_word' id='word_1_177' title='bbox 1350 3076 1353 3080; x_wconf 72' lang='grc'><strong>,</strong></span> 
     </span>
     <span class='ocr_line' id='line_1_25' title="bbox 172 3119 1301 3213; baseline 0 -24"><span class='ocrx_word' id='word_1_178' title='bbox 172 3119 316 3191; x_wconf 76' lang='grc' dir='ltr'><strong>Ἀττικοὶ</strong></span> <span class='ocrx_word' id='word_1_179' title='bbox 341 3123 513 3191; x_wconf 74' lang='grc' dir='ltr'><strong><em>πάντατὰ</em></strong></span> <span class='ocrx_word' id='word_1_180' title='bbox 538 3123 629 3192; x_wconf 72' lang='grc' dir='ltr'>ἑνικὰ</span> <span class='ocrx_word' id='word_1_181' title='bbox 663 3126 714 3191; x_wconf 82' lang='grc' dir='ltr'><strong>καὶ</strong></span> <span class='ocrx_word' id='word_1_182' title='bbox 750 3127 960 3213; x_wconf 76' lang='grc' dir='ltr'><em>πληθυντικὰ</em></span> <span class='ocrx_word' id='word_1_183' title='bbox 996 3125 1091 3213; x_wconf 77' lang='grc' dir='ltr'><strong><em>τρίτα</em></strong></span> <span class='ocrx_word' id='word_1_184' title='bbox 1125 3121 1301 3210; x_wconf 77' lang='grc' dir='ltr'><em>πρόσωπα</em></span> 
     </span>
     <span class='ocr_line' id='line_1_26' title="bbox 176 3224 1304 3318; baseline -0.001 -25"><span class='ocrx_word' id='word_1_185' title='bbox 176 3232 241 3293; x_wconf 75' lang='grc' dir='ltr'><strong>τῶν</strong></span> <span class='ocrx_word' id='word_1_186' title='bbox 263 3225 419 3318; x_wconf 75' lang='grc' dir='ltr'><em>ῥημάτων</em></span> <span class='ocrx_word' id='word_1_187' title='bbox 451 3229 504 3294; x_wconf 83' lang='grc' dir='ltr'><strong>καὶ</strong></span> <span class='ocrx_word' id='word_1_188' title='bbox 538 3229 597 3306; x_wconf 77' lang='grc' dir='ltr'><strong>τὰς</strong></span> <span class='ocrx_word' id='word_1_189' title='bbox 631 3232 694 3293; x_wconf 82' lang='grc' dir='ltr'><strong>τῶν</strong></span> <span class='ocrx_word' id='word_1_190' title='bbox 717 3224 887 3310; x_wconf 81' lang='grc' dir='ltr'><strong>ὀνομάτων</strong></span> <span class='ocrx_word' id='word_1_191' title='bbox 909 3229 1045 3306; x_wconf 76' lang='grc' dir='ltr'><em>δοτικὰς</em></span> <span class='ocrx_word' id='word_1_192' title='bbox 1068 3227 1304 3315; x_wconf 73' lang='grc' dir='ltr'><em>πληθυνιικᾶς</em></span> 
     </span>
     <span class='ocr_line' id='line_1_27' title="bbox 177 3328 1304 3418; baseline -0.003 -22"><span class='ocrx_word' id='word_1_193' title='bbox 177 3328 357 3417; x_wconf 76' lang='grc' dir='ltr'><em>συμφώνου</em></span> <span class='ocrx_word' id='word_1_194' title='bbox 380 3332 434 3398; x_wconf 88' lang='grc' dir='ltr'><strong>καὶ</strong></span> <span class='ocrx_word' id='word_1_195' title='bbox 456 3328 638 3416; x_wconf 77' lang='grc' dir='ltr'><strong><em>φωνήεντος</em></strong></span> <span class='ocrx_word' id='word_1_196' title='bbox 651 3329 890 3418; x_wconf 76' lang='grc' dir='ltr'><em>ἐπιφερομένου</em></span> <span class='ocrx_word' id='word_1_197' title='bbox 912 3334 994 3415; x_wconf 83' lang='grc' dir='ltr'><em>μετὰ</em></span> <span class='ocrx_word' id='word_1_198' title='bbox 1007 3336 1062 3398; x_wconf 76' lang='grc' dir='ltr'><strong>τοῦ</strong></span> <span class='ocrx_word' id='word_1_199' title='bbox 1074 3335 1096 3402; x_wconf 74' lang='grc' dir='ltr'><strong>ν’</strong></span> <span class='ocrx_word' id='word_1_200' title='bbox 1108 3329 1304 3417; x_wconf 75' lang='grc' dir='ltr'><em>γράφουσιν</em></span> 
     </span>
    </p>
   </div>
   <div class='ocr_carea' id='block_1_10' title="bbox 171 3590 1304 4440">
    <p class='ocr_par' dir='ltr' id='par_1_10' title="bbox 171 3590 1303 3916">
     <span class='ocr_line' id='line_1_28' title="bbox 244 3590 1303 3659; baseline -0.001 -16"><span class='ocrx_word' id='word_1_201' title='bbox 244 3590 270 3654; x_wconf 84' lang='grc'><strong>3)</strong></span> <span class='ocrx_word' id='word_1_202' title='bbox 288 3592 431 3642; x_wconf 84' lang='lat' dir='ltr'><strong>Putachius</strong></span> <span class='ocrx_word' id='word_1_203' title='bbox 450 3591 544 3643; x_wconf 83' lang='lat' dir='ltr'><strong>edidit:</strong></span> <span class='ocrx_word' id='word_1_204' title='bbox 572 3591 640 3658; x_wconf 73' lang='lat' dir='ltr'><strong>quod</strong></span> <span class='ocrx_word' id='word_1_205' title='bbox 655 3599 678 3643; x_wconf 81' lang='lat' dir='ltr'><strong>tc</strong></span> <span class='ocrx_word' id='word_1_206' title='bbox 696 3592 740 3643; x_wconf 79' lang='lat' dir='ltr'><strong>boc</strong></span> <span class='ocrx_word' id='word_1_207' title='bbox 756 3593 788 3643; x_wconf 78' lang='lat' dir='ltr'><strong>tia</strong></span> <span class='ocrx_word' id='word_1_208' title='bbox 801 3600 869 3659; x_wconf 80' lang='lat' dir='ltr'><strong>pote,</strong></span> <span class='ocrx_word' id='word_1_209' title='bbox 888 3593 957 3658; x_wconf 87' lang='lat' dir='ltr'><strong>quod</strong></span> <span class='ocrx_word' id='word_1_210' title='bbox 974 3594 1110 3645; x_wconf 76' lang='lat' dir='ltr'><strong>intellectu</strong></span> <span class='ocrx_word' id='word_1_211' title='bbox 1128 3598 1212 3655; x_wconf 79' lang='lat' dir='ltr'><strong>caret,</strong></span> <span class='ocrx_word' id='word_1_212' title='bbox 1231 3591 1303 3643; x_wconf 81' lang='lat' dir='ltr'><strong>Cac-</strong></span> 
     </span>
     <span class='ocr_line' id='line_1_29' title="bbox 176 3676 1303 3746; baseline -0.004 -16"><span class='ocrx_word' id='word_1_213' title='bbox 176 3679 260 3730; x_wconf 83' lang='lat' dir='ltr'><strong>oariua</strong></span> <span class='ocrx_word' id='word_1_214' title='bbox 288 3677 327 3744; x_wconf 77' lang='lat' dir='ltr'><strong>qd*</strong></span> <span class='ocrx_word' id='word_1_215' title='bbox 346 3685 368 3727; x_wconf 81' lang='lat' dir='ltr'><strong>ct</strong></span> <span class='ocrx_word' id='word_1_216' title='bbox 386 3677 462 3728; x_wconf 80' lang='lat' dir='ltr'><strong>bootia</strong></span> <span class='ocrx_word' id='word_1_217' title='bbox 477 3696 526 3744; x_wconf 80' lang='lat' dir='ltr'><strong>pro</strong></span> <span class='ocrx_word' id='word_1_218' title='bbox 544 3679 623 3740; x_wconf 49' lang='lat' dir='ltr'><strong>boa&amp;</strong></span> <span class='ocrx_word' id='word_1_219' title='bbox 649 3680 815 3730; x_wconf 82' lang='lat' dir='ltr'><strong>scribendum</strong></span> <span class='ocrx_word' id='word_1_220' title='bbox 838 3679 953 3730; x_wconf 82' lang='lat' dir='ltr'><strong>videtur:</strong></span> <span class='ocrx_word' id='word_1_221' title='bbox 978 3697 1039 3746; x_wconf 80' lang='lat' dir='ltr'><strong>quo</strong></span> <span class='ocrx_word' id='word_1_222' title='bbox 1056 3677 1107 3730; x_wconf 82' lang='lat' dir='ltr'><strong>ted</strong></span> <span class='ocrx_word' id='word_1_223' title='bbox 1123 3677 1176 3728; x_wconf 80' lang='lat' dir='ltr'><strong>boo</strong></span> <span class='ocrx_word' id='word_1_224' title='bbox 1192 3676 1303 3727; x_wconf 75' lang='lat' dir='ltr'><strong>noetio</strong></span> 
     </span>
     <span class='ocr_line' id='line_1_30' title="bbox 171 3763 1302 3833; baseline 0.001 -18"><span class='ocrx_word' id='word_1_225' title='bbox 171 3781 224 3830; x_wconf 74' lang='lat' dir='ltr'><strong>pro</strong></span> <span class='ocrx_word' id='word_1_226' title='bbox 240 3770 277 3824; x_wconf 84' lang='lat' dir='ltr'><strong>te,</strong></span> <span class='ocrx_word' id='word_1_227' title='bbox 296 3779 362 3829; x_wconf 87' lang='lat' dir='ltr'><strong>quao</strong></span> <span class='ocrx_word' id='word_1_228' title='bbox 381 3770 443 3815; x_wconf 84' lang='lat' dir='ltr'><strong>aunt</strong></span> <span class='ocrx_word' id='word_1_229' title='bbox 460 3766 548 3817; x_wconf 87' lang='lat' dir='ltr'><strong>Plauti</strong></span> <span class='ocrx_word' id='word_1_230' title='bbox 565 3766 649 3817; x_wconf 79' lang='lat' dir='ltr'><strong>verba</strong></span> <span class='ocrx_word' id='word_1_231' title='bbox 664 3767 693 3816; x_wconf 91' lang='lat' dir='ltr'><strong>in</strong></span> <span class='ocrx_word' id='word_1_232' title='bbox 710 3767 838 3833; x_wconf 83' lang='lat' dir='ltr'><strong>principio</strong></span> <span class='ocrx_word' id='word_1_233' title='bbox 850 3767 1033 3819; x_wconf 77' lang='lat' dir='ltr'><strong>Curculionis:</strong></span> <span class='ocrx_word' id='word_1_234' title='bbox 1052 3763 1302 3833; x_wconf 63' lang='lat' dir='ltr'><strong>porrectorum</strong></span> 
     </span>
     <span class='ocr_line' id='line_1_31' title="bbox 178 3849 502 3916; baseline -0.006 -14"><span class='ocrx_word' id='word_1_235' title='bbox 178 3851 261 3902; x_wconf 79' lang='lat' dir='ltr'><strong>dicam</strong></span> <span class='ocrx_word' id='word_1_236' title='bbox 273 3849 397 3916; x_wconf 71' lang='lat' dir='ltr'><strong>proficisci</strong></span> <span class='ocrx_word' id='word_1_237' title='bbox 412 3849 502 3914; x_wconf 70' lang='lat' dir='ltr'><strong>foras?</strong></span> 
     </span>
    </p>

    <p class='ocr_par' dir='ltr' id='par_1_11' title="bbox 172 3931 1304 4440">
     <span class='ocr_line' id='line_1_32' title="bbox 246 3931 1303 4006; baseline -0.002 -16"><span class='ocrx_word' id='word_1_238' title='bbox 246 3940 274 3995; x_wconf 89' lang='grc'><strong>4)</strong></span> <span class='ocrx_word' id='word_1_239' title='bbox 292 3938 412 3989; x_wconf 83' lang='lat' dir='ltr'><strong>Donatus</strong></span> <span class='ocrx_word' id='word_1_240' title='bbox 438 3940 466 3988; x_wconf 90' lang='lat' dir='ltr'><strong>in</strong></span> <span class='ocrx_word' id='word_1_241' title='bbox 484 3938 546 3990; x_wconf 80' lang='lat' dir='ltr'><strong>Arte</strong></span> <span class='ocrx_word' id='word_1_242' title='bbox 564 3936 604 3986; x_wconf 87' lang='lat'><strong>111</strong></span> <span class='ocrx_word' id='word_1_243' title='bbox 623 3936 646 3989; x_wconf 86' lang='grc'><strong>4.</strong></span> <span class='ocrx_word' id='word_1_244' title='bbox 664 3933 797 3998; x_wconf 72' lang='grc'><strong>1911771</strong></span> <span class='ocrx_word' id='word_1_245' title='bbox 815 3938 857 3996; x_wconf 89' lang='grc' dir='ltr'><strong>Ρ.)</strong></span> <span class='ocrx_word' id='word_1_246' title='bbox 885 3931 1040 4006; x_wconf 71' lang='grc' dir='ltr'><em>παραγωγή</em></span> <span class='ocrx_word' id='word_1_247' title='bbox 1066 3942 1101 3987; x_wconf 75' lang='lat' dir='ltr'><strong>cot</strong></span> <span class='ocrx_word' id='word_1_248' title='bbox 1119 3934 1246 4001; x_wconf 65' lang='lat' dir='ltr'><strong>appositio</strong></span> <span class='ocrx_word' id='word_1_249' title='bbox 1264 3936 1303 3988; x_wconf 79' lang='lat' dir='ltr'><strong>cd</strong></span> 
     </span>
     <span class='ocr_line' id='line_1_33' title="bbox 173 4023 1304 4092; baseline -0.001 -15"><span class='ocrx_word' id='word_1_250' title='bbox 173 4026 250 4092; x_wconf 66' lang='lat' dir='ltr'><strong>fhoca</strong></span> <span class='ocrx_word' id='word_1_251' title='bbox 267 4025 381 4076; x_wconf 74' lang='lat' dir='ltr'><strong>dictionis</strong></span> <span class='ocrx_word' id='word_1_252' title='bbox 398 4025 496 4077; x_wconf 77' lang='lat' dir='ltr'><strong>litterae</strong></span> <span class='ocrx_word' id='word_1_253' title='bbox 522 4032 568 4075; x_wconf 82' lang='lat' dir='ltr'><strong>aut</strong></span> <span class='ocrx_word' id='word_1_254' title='bbox 585 4024 699 4091; x_wconf 74' lang='lat' dir='ltr'><strong>syllabae</strong></span> <span class='ocrx_word' id='word_1_255' title='bbox 725 4030 753 4073; x_wconf 77' lang='lat' dir='ltr'><strong>at</strong></span> <span class='ocrx_word' id='word_1_256' title='bbox 770 4023 867 4089; x_wconf 74' lang='lat' dir='ltr'><strong>asapia</strong></span> <span class='ocrx_word' id='word_1_257' title='bbox 888 4041 939 4090; x_wconf 81' lang='lat' dir='ltr'><strong>pro</strong></span> <span class='ocrx_word' id='word_1_258' title='bbox 964 4040 1063 4090; x_wconf 73' lang='lat' dir='ltr'><strong>osope,</strong></span> <span class='ocrx_word' id='word_1_259' title='bbox 1089 4029 1233 4089; x_wconf 74' lang='lat' dir='ltr'><strong>potestur</strong></span> <span class='ocrx_word' id='word_1_260' title='bbox 1248 4041 1304 4090; x_wconf 79' lang='lat' dir='ltr'><strong>pro</strong></span> 
     </span>
     <span class='ocr_line' id='line_1_34' title="bbox 172 4109 1303 4178; baseline -0.002 -16"><span class='ocrx_word' id='word_1_261' title='bbox 172 4120 288 4178; x_wconf 79' lang='lat' dir='ltr'><strong>potest.</strong></span> <span class='ocrx_word' id='word_1_262' title='bbox 328 4113 371 4163; x_wconf 84' lang='lat' dir='ltr'><strong>Sic</strong></span> <span class='ocrx_word' id='word_1_263' title='bbox 390 4114 531 4166; x_wconf 83' lang='lat' dir='ltr'><strong>Putacbius</strong></span> <span class='ocrx_word' id='word_1_264' title='bbox 550 4118 576 4163; x_wconf 84' lang='lat' dir='ltr'><strong>ot</strong></span> <span class='ocrx_word' id='word_1_265' title='bbox 593 4111 791 4162; x_wconf 82' lang='lat' dir='ltr'><strong>Lindemannuo</strong></span> <span class='ocrx_word' id='word_1_266' title='bbox 810 4110 889 4160; x_wconf 83' lang='lat' dir='ltr'><strong>scribi</strong></span> <span class='ocrx_word' id='word_1_267' title='bbox 906 4109 996 4160; x_wconf 84' lang='lat' dir='ltr'><strong>iubent</strong></span> <span class='ocrx_word' id='word_1_268' title='bbox 1013 4125 1061 4175; x_wconf 88' lang='lat' dir='ltr'><strong>pro</strong></span> <span class='ocrx_word' id='word_1_269' title='bbox 1074 4116 1149 4175; x_wconf 80' lang='lat' dir='ltr'><strong>poto</strong></span> <span class='ocrx_word' id='word_1_270' title='bbox 1161 4126 1215 4175; x_wconf 80' lang='lat' dir='ltr'><strong>pro</strong></span> <span class='ocrx_word' id='word_1_271' title='bbox 1230 4118 1303 4176; x_wconf 81' lang='lat' dir='ltr'><strong>pot·</strong></span> 
     </span>
     <span class='ocr_line' id='line_1_35' title="bbox 176 4194 1302 4265; baseline 0.001 -17"><span class='ocrx_word' id='word_1_272' title='bbox 176 4207 240 4258; x_wconf 59' lang='lat' dir='ltr'><strong>coa·</strong></span> <span class='ocrx_word' id='word_1_273' title='bbox 257 4199 378 4250; x_wconf 82' lang='lat' dir='ltr'><strong>Hundius</strong></span> <span class='ocrx_word' id='word_1_274' title='bbox 396 4202 425 4250; x_wconf 90' lang='lat' dir='ltr'><strong>iu</strong></span> <span class='ocrx_word' id='word_1_275' title='bbox 442 4200 554 4252; x_wconf 84' lang='lat' dir='ltr'><strong>Turaoll.</strong></span> <span class='ocrx_word' id='word_1_276' title='bbox 573 4198 605 4250; x_wconf 90' lang='lat' dir='ltr'><strong>T.</strong></span> <span class='ocrx_word' id='word_1_277' title='bbox 625 4197 665 4247; x_wconf 91' lang='lat'><strong>111</strong></span> <span class='ocrx_word' id='word_1_278' title='bbox 683 4194 733 4248; x_wconf 84' lang='grc'><strong>554</strong></span> <span class='ocrx_word' id='word_1_279' title='bbox 752 4196 889 4262; x_wconf 74' lang='lat' dir='ltr'><strong>vulgatum</strong></span> <span class='ocrx_word' id='word_1_280' title='bbox 906 4203 1001 4261; x_wconf 82' lang='lat' dir='ltr'><strong>tuetur,</strong></span> <span class='ocrx_word' id='word_1_281' title='bbox 1020 4211 1074 4247; x_wconf 90' lang='lat' dir='ltr'><strong>non</strong></span> <span class='ocrx_word' id='word_1_282' title='bbox 1091 4202 1170 4256; x_wconf 74' lang='lat' dir='ltr'><strong>rocta,</strong></span> <span class='ocrx_word' id='word_1_283' title='bbox 1189 4199 1302 4265; x_wconf 78' lang='lat' dir='ltr'><strong>opinor3</strong></span> 
     </span>
     <span class='ocr_line' id='line_1_36' title="bbox 176 4283 1303 4352; baseline 0.002 -17"><span class='ocrx_word' id='word_1_284' title='bbox 176 4302 237 4336; x_wconf 89' lang='lat' dir='ltr'><strong>nam</strong></span> <span class='ocrx_word' id='word_1_285' title='bbox 262 4293 376 4350; x_wconf 76' lang='lat' dir='ltr'><strong>potestur</strong></span> <span class='ocrx_word' id='word_1_286' title='bbox 394 4287 509 4352; x_wconf 85' lang='lat' dir='ltr'><strong>inoptam</strong></span> <span class='ocrx_word' id='word_1_287' title='bbox 528 4285 640 4351; x_wconf 87' lang='lat' dir='ltr'><strong>quidam,</strong></span> <span class='ocrx_word' id='word_1_288' title='bbox 667 4283 714 4335; x_wconf 84' lang='lat' dir='ltr'><strong>aod</strong></span> <span class='ocrx_word' id='word_1_289' title='bbox 740 4283 792 4334; x_wconf 87' lang='lat' dir='ltr'><strong>hoo</strong></span> <span class='ocrx_word' id='word_1_290' title='bbox 809 4289 898 4335; x_wconf 86' lang='lat' dir='ltr'><strong>tamon</strong></span> <span class='ocrx_word' id='word_1_291' title='bbox 915 4283 974 4336; x_wconf 86' lang='lat' dir='ltr'><strong>ioco</strong></span> <span class='ocrx_word' id='word_1_292' title='bbox 992 4284 1172 4336; x_wconf 79' lang='lat' dir='ltr'><strong>necessarium</strong></span> <span class='ocrx_word' id='word_1_293' title='bbox 1190 4290 1235 4336; x_wconf 80' lang='lat' dir='ltr'><strong>cot</strong></span> <span class='ocrx_word' id='word_1_294' title='bbox 1254 4285 1303 4337; x_wconf 77' lang='lat' dir='ltr'><strong>ad·</strong></span> 
     </span>
     <span class='ocr_line' id='line_1_37' title="bbox 173 4372 630 4440; baseline -0.007 -17"><span class='ocrx_word' id='word_1_295' title='bbox 173 4372 296 4423; x_wconf 81' lang='lat' dir='ltr'><strong>iectionis</strong></span> <span class='ocrx_word' id='word_1_296' title='bbox 313 4373 459 4440; x_wconf 78' lang='lat' dir='ltr'><strong>syllabicus</strong></span> <span class='ocrx_word' id='word_1_297' title='bbox 477 4373 630 4438; x_wconf 77' lang='lat' dir='ltr'><strong>exemplum.</strong></span> 
     </span>
    </p>
   </div>
   <div class='ocr_carea' id='block_1_11' title="bbox 0 0 1372 4778">
    <p class='ocr_par' dir='ltr' id='par_1_12' title="bbox 0 0 1372 4778">
     <span class='ocr_line' id='line_1_38' title="bbox 0 0 1372 4778; baseline 0 0"><span class='ocrx_word' id='word_1_298' title='bbox 0 0 1372 4778; x_wconf 95' lang='lat' dir='ltr'><strong> </strong></span> 
     </span>
    </p>
   </div>
  </div>
 </body>
</html>
