2736 4778
219 333 284 401 DE
305 332 524 401 SYNCOPE
545 330 691 399 UNIUS
712 330 932 400 vocene.
955 331 1053 399 Qu.
1075 333 1100 417 ξ.
1114 332 1143 396 l.
1166 334 1242 409 235

125 521 183 587 τοῦ
212 511 362 608 ἀφεῖναι.
414 516 549 583 Centies
575 515 771 603 proponitur
798 515 905 603 ήλατο
938 516 998 582 καὶ
1027 515 1062 582 ἐν
1089 518 1241 602 σνμκοπῇ

124 609 219 699 ἆλτο,
242 619 302 683 sed
324 618 467 706 pertinet
489 617 564 683 alio.
610 615 707 698 Quae
729 614 841 685 Sohol
863 615 1004 681 Theoer.
1026 616 1055 680 1.
1078 616 1130 682 30.
1159 638 1240 681 oon·

124 719 228 786 soeiat
247 717 458 803 κεκονιμένος
479 711 550 787 ἀπὸ
571 720 629 784 τοῦ
651 714 887 802 κεκονιαμένος
910 715 1045 782 diversis
1070 714 1239 803 prinoipils

125 818 318 885 innituntur.

452 1158 458 1165 ,
590 1102 693 1170 CAP.
726 1103 772 1169 11.

551 1240 611 1313 De
655 1242 814 1338 aprile.

209 1425 235 1508 ᾗ.
257 1423 286 1486 1.
332 1422 494 1488 Ordinem
508 1423 692 1489 institutum
703 1421 852 1508 sequenti
866 1421 970 1509 prima
988 1431 1063 1487 sunt
1078 1423 1239 1491 vocabula

124 1543 210 1606 quae
231 1521 359 1608 epsilon
387 1522 481 1610 stirpi
502 1524 637 1589 insitum
656 1523 691 1589 in
714 1523 913 1589 derivatione
936 1533 1060 1588 exuunt
1082 1536 1238 1609 sequente

123 1622 281 1696 inaltera
297 1622 434 1710 ‘syllaba
449 1634 517 1691 eta
545 1625 597 1691 vel
627 1623 727 1712 alpha
754 1624 867 1711 longo.
910 1624 1111 1709 Hujusmodi
1139 1627 1239 1693 multa

123 1722 263 1789 afferunt
286 1724 478 1813 Etymologi
511 1727 571 1792 sed
597 1725 699 1791 nimio
729 1725 901 1814 parilitatis
937 1746 1046 1792 amore
1075 1725 1238 1813 quidquid

123 1823 247 1891 eonoisi
271 1825 415 1913 speeiem
442 1825 543 1893 habet
563 1827 605 1893 ab
634 1827 743 1913 aliquo
770 1850 838 1893 non
870 1827 1003 1893 oonoiso
1031 1842 1138 1894 ortum
1165 1852 1238 1898 esse

123 1926 260 2013 lingunt.
314 1925 461 1993 Primum
492 1929 696 2016 praesentia:
729 1920 801 1995 eino
832 1932 892 1995 τοῦ
923 1922 1009 2015 τομή
1040 1933 1134 2012 τομιό
1165 1936 1237 2014 σμῶ

122 2023 236 2115 τμήμω
257 2026 375 2092 Zonar.
386 2027 460 2092 267.
483 2032 576 2115 περῶ
590 2022 729 2113 παρόσον
745 2023 885 2115 πρήσσω
895 2027 1131 2113 Epim.1.356.
1147 2030 1238 2114 quod

125 2126 322 2193 anodromae
352 2138 572 2194 commentum
601 2137 762 2214 respuunt
792 2127 857 2193 alia
887 2127 1059 2193 verboram
1086 2126 1238 2195 themati·

124 2250 236 2294 eorum
256 2229 496 2317 complementa
515 2222 672 2317 πτήσσω,
695 2222 842 2316 θνήσκω,
863 2223 1047 2313 πιπράσνιο
1073 2250 1103 2295 ν.
1127 2230 1237 2297 Teolr·

125 2328 191 2394 nol
214 2328 274 2393 107
295 2352 345 2415 sq.
400 2329 487 2394 Tum
509 2339 657 2417 tempora
676 2327 811 2415 obliqua
838 2350 858 2393 a
885 2326 992 2394 verbis
1021 2329 1237 2400 oireumflexis

113 2440 270 2516 ‚repetere
290 2431 468 2496 moliuntur
488 2435 581 2497 πετῶ
603 2424 739 2518 ποιήσω
760 2427 936 2515 πεπέιηκα
960 2426 1017 2495 καὶ
1044 2431 1130 2497 κατὰ
1157 2455 1236 2520 σογ-

123 2527 232 2618 κοπήν
251 2528 410 2619 πέπτηκα
437 2529 498 2597 καὶ
523 2534 635 2619 τροπῇ
663 2529 828 2597 πέπτωκα
855 2526 1019 2594 Choerob.
1055 2528 1138 2596 Cen.
1161 2533 1234 2600 554.

123 2633 216 2716 περῶ
236 2629 415 2718 πεπέρακα
438 2629 496 2698 καὶ
517 2633 667 2719 σνγκοπῇ
690 2628 852 2717 πέπρακα
874 2629 962 2696 Gnd.
972 2629 1047 2709 479,
1059 2632 1091 2697 4.
1109 2637 1236 2721 πρᾶσις

124 2727 226 2799 οἱονεὶ
247 2728 393 2816 πέρασις
411 2729 498 2798 κατὰ
524 2730 692 2819 σογνοπήν
711 2732 769 2797 τοῦ
791 2718 910 2797 ΞΕΜ.
933 2729 1014 2809 686,
1035 2732 1088 2799 46.
1113 2756 1143 2800 ν.
1165 2735 1234 2801 Ρα-

123 2832 271 2898 ταΠΑΟΙ.
295 2830 759 2917 Tmnetiamadjeotirasceui
767 2824 1234 2924 πειήνᾶπετήνκαὶσογκοπῇ

123 2927 232 3021 ἆπτήν
257 2931 374 3000 Orion.
396 2933 449 3011 22,
470 2931 522 2997 26.
545 2927 687 3020 σκληρός
706 2928 802 3013 παρὰ
818 2927 857 2997 τὸ
874 2933 963 2998 oniti
973 2931 1232 3020 μονοσύλλαβον,

124 3031 247 3101 teoto
261 3027 332 3100 ἀπὸ
349 3037 407 3101 τοῦ
425 3030 553 3099 σκέλλω
562 3032 643 3098 ΕΜ.
656 3031 728 3107 718,
747 3030 797 3093 14.
815 3028 852 3095 ἐκ
869 3033 928 3094 τοῦ
945 3027 1068 3116 μενήσω
1086 3028 1237 3120 μενήσισς

124 3131 181 3199 καὶ
195 3127 606 3221 κατᾶσογνοπήνμήσιος
622 3130 703 3208 236,
721 3131 773 3195 22.
793 3126 888 3214 παρὰ
904 3127 944 3196 τὸ
955 3129 1030 3195 nto
1041 3128 1080 3198 τὸ
1100 3128 1235 3215 πελάζον

121 3229 251 3322 πλητός
270 3232 328 3299 καὶ
351 3225 502 3320 ἷίπλησος
522 3225 542 3298 ὅ
565 3224 747 3318 οἷπρόςισσς
769 3230 841 3309 123,
865 3232 915 3297 11.
948 3252 1056 3316 neque
1075 3231 1235 3299 intentata

121 3335 309 3420 relinquunt
340 3331 495 3398 adverbia
532 3328 628 3418 παρὰ
667 3327 707 3397 τὸ
744 3329 852 3409 πέλας
889 3327 1056 3398 πελάσιον
1092 3331 1236 3420 πλησίον

123 3433 288 3501 Ohoerob.
317 3435 352 3500 in
380 3432 502 3498 Psalm.
532 3431 612 3510 121,
644 3431 693 3497 16.
727 3429 821 3515 παρὰ
853 3428 891 3496 τὸ
921 3429 1014 3497 πέλω
1043 3432 1165 3516 (πελῶ)
1195 3431 1235 3500 τὸ

121 3531 298 3623 πλησιάζω
327 3537 478 3622 σογκοπῇ
504 3534 580 3599 niti
609 3531 667 3598 noi
695 3528 825 3619 ἔμπλην
852 3531 933 3596 ΕΜ.
961 3530 1041 3611 336,
1071 3533 1121 3599 17.
1165 3533 1234 3602 Sed

123 3637 233 3723 potius
257 3635 418 3702 sententia
438 3634 485 3699 sio
508 3643 558 3699 est
577 3656 598 3698 a
620 3630 769 3716 πέτομαι
786 3641 910 3697 mutata
920 3642 1055 3719 propter
1066 3633 1235 3701 oharaote-

122 3760 190 3803 rem
211 3737 310 3803 futuri
332 3735 574 3823 conjugationis
601 3733 707 3800 forma
733 3733 931 3800 declinatum
953 3756 1025 3802 esse
1045 3732 1236 3825 πονήσομαι

122 3851 158 3905 ut
180 3863 200 3904 a
221 3835 310 3929 κήδοι
341 3832 491 3926 κηδήσω,
522 3833 678 3923 γίγνομαι
705 3831 886 3924 γενήσομαι
916 3846 949 3902 et
976 3858 1075 3924 porro
1103 3833 1237 3900 nomine

122 3935 273 4029 πετήνός,
297 3935 528 4026 ἐκπετήσιμος,
551 3934 725 4025 πέσευρον,
748 3937 808 4003 sed
833 3936 1067 4003 terminationis
1089 3934 1236 3999 vocalem

121 4043 255 4127 longam
283 4063 383 4129 saepe
412 4062 451 4106 eo
486 4038 627 4106 valuisse
653 4048 691 4104 ut
725 4038 868 4127 syllabae
898 4036 1087 4125 principalis
1115 4034 1235 4100 vocalis

122 4142 229 4211 brevis
258 4142 481 4209 oblitereretur
509 4141 655 4228 pondere
686 4139 853 4227 sequentis
885 4136 1010 4203 obruta.
1053 4137 1172 4222 Itaque
1193 4134 1235 4202 ab

125 4245 241 4310 eodem
262 4243 409 4329 πέτομαι
434 4242 595 4331 prooessit
614 4234 802 4329 ποήσομαι,
825 4233 964 4326 πτηνός,
986 4240 1123 4326 πτῆσις,
1145 4235 1233 4305 ἐπα-
