2736 4778
433 984 498 1065 De
530 982 728 1108 epithetis
761 986 920 1066 otiosis,

123 1339 233 1454 Nuper
255 1392 350 1454 quum
373 1376 405 1440 in
428 1375 542 1440 scholis
564 1375 697 1457 publicis
726 1372 1001 1456 schematologiam
1035 1389 1241 1453 proponerem

123 1481 309 1556 partemque
332 1481 501 1542 tractarem
524 1496 594 1542 earn
615 1495 697 1559 quae
726 1496 809 1543 nunc
843 1476 880 1540 de
903 1474 1099 1562 appoaia'one
1131 1474 1240 1539 inscri-

121 1578 216 1656 bitur,
239 1597 301 1642 non
323 1580 414 1645 omisi
435 1599 548 1647 nomen
570 1580 666 1646 hocce
678 1580 762 1662 apud
772 1585 897 1645 veteres
909 1579 1007 1644 mulio
1029 1577 1127 1642 alium
1147 1575 1241 1640 intel·

115 1683 239 1764 ‚lectum
260 1681 378 1748 habere
401 1688 497 1765 atque
519 1684 667 1768 apposita
689 1684 729 1748 ab
751 1684 791 1749 iis
813 1683 874 1748 dici
897 1681 1037 1764 epitheta
1058 1679 1091 1745 id
1113 1683 1164 1743 est
1185 1678 1240 1742 ad·

121 1785 244 1849 iectiva.
288 1784 376 1850 Haec
398 1785 474 1850 data
495 1787 658 1852 occasione
679 1786 771 1867 quasi
797 1783 979 1865 appendicis
1001 1783 1069 1847 loco
1091 1779 1241 1846 nectabi-

116 1904 192 1951 rnus
216 1904 278 1952 non
302 1887 448 1952 universe
470 1904 573 1969 nequo
595 1888 780 1953 cicatrici
802 1887 927 1965 eruditi,
961 1885 1014 1967 qui
1035 1884 1086 1949 his
1107 1883 1240 1950 novissi·

123 1989 183 2054 mis
206 1990 296 2054 annis
318 1988 402 2054 hunc
422 1989 526 2054 iocum
549 1990 639 2056 docte
661 1991 801 2071 sciteque
823 1986 989 2069 exaequati
1010 1991 1092 2066 sunt,
1116 1986 1172 2050 sed
1188 2002 1240 2051 ac·

125 2093 319 2158 commodata
342 2091 383 2156 ad
405 2097 530 2157 nostras
552 2094 690 2159 rationes
715 2093 796 2158 nulli
818 2091 943 2156 illorum
965 2089 1151 2170 propositae.

208 2195 350 2259 Primum
363 2194 582 2259 constituimus
606 2195 1026 2277 duoepithetorumgenera
1050 2209 1147 2255 unum
1168 2209 1240 2272 pro·

123 2298 271 2378 priorum,
295 2297 430 2362 alterum
453 2298 673 2362 communium.
717 2298 768 2363 Illi
797 2294 988 2376 assignanda
1021 2298 1095 2358 sunt
1126 2311 1239 2375 cogno·
1282 2378 1285 2383 Ι

123 2400 208 2464 mina
230 2399 369 2477 deorum,
393 2417 475 2479 quae
497 2397 547 2464 vel
569 2404 683 2464 natura
697 2418 756 2466 aua
778 2400 952 2464 unieorum
975 2397 1033 2461 soli
1044 2397 1240 2476 conveniunt,

124 2501 397 2585 τιροικέραιοος,
433 2499 649 2585 ἐντασίγαιος,
682 2520 763 2583 quae
796 2500 981 2581 Apollonius
1003 2498 1080 2567 Λᾶν.
1104 2496 1175 2563 530.
1197 2499 1241 2563 22

121 2599 190 2691 ἰδίᾳ
214 2605 392 2688 τεταγμένα
413 2608 519 2681 vocat,
552 2607 619 2668 tum
646 2598 898 2691 Ἀργειφόντης,
935 2601 1167 2688 Τριτογένεια,
1189 2601 1239 2666 vel
1317 2637 1321 2645 ·

122 2705 283 2787 privilegio
305 2705 441 2786 quodam
464 2723 541 2769 usus
563 2705 681 2787 publici
717 2706 811 2772 certis
844 2705 1057 2771 adhaeserunt
1088 2704 1240 2785 personis,

121 2805 329 2895 ἑκατηβόλος,
354 2800 537 2892 διάκτορος,
562 2802 705 2892 ἀγελείη,
728 2810 925 2891 γλαυκῶπι-ις.
971 2807 1059 2872 Haeo
1073 2808 1101 2871 si
1112 2806 1241 2872 adiecti·

122 2927 231 2975 vorum
253 2908 355 2988 modo,
378 2914 414 2974 ut
435 2926 471 2973 re
492 2926 569 2974 vera
591 2914 673 2987 sunt,
688 2908 737 2972 ¹ad
759 2910 945 2989 aliasatque
969 2909 1047 2972 alias
1069 2926 1121 2972 ros
1136 2914 1240 2972 trans·

121 3013 273 3090 feruntur,
296 3011 328 3076 id
350 3011 411 3076 etsi
432 3011 581 3077 meriamo
602 3011 709 3075 nativo
731 3011 892 3089 convenit,
927 3015 1033 3074 tamen
1065 3009 1241 3075 catachresi

121 3116 303 3195 imputatur.
348 3113 566 3179 Communium
588 3114 664 3179 item
677 3111 758 3178 duae
783 3113 998 3193 speciessuno
1020 3130 1154 3193 quarum
1176 3130 1240 3176 una

120 3235 311 3300 magnopere
332 3217 373 3282 ad
394 3216 589 3282 intellectum
610 3216 749 3296 pertinet
770 3214 978 3296 omnibusque
999 3214 1076 3279 trita
1108 3219 1142 3280 et
1162 3232 1239 3295 qno·

120 3319 242 3384 tidiana
263 3323 322 3398 eat,
345 3318 446 3384 altera
468 3317 570 3400 poetis
593 3316 753 3383 celebrata
774 3317 824 3382 vel
846 3316 887 3381 ad
913 3317 1087 3382 ornandum
1120 3334 1239 3382 sormo-

120 3439 193 3487 nem
215 3420 265 3484 vel
287 3421 329 3485 ad
360 3420 560 3502 complendos
594 3437 712 3485 versuo.
756 3419 825 3485 Hoc
854 3420 887 3483 in
919 3436 1051 3484 numero
1083 3418 1240 3484 habentor

121 3522 270 3604 epitheta,
292 3540 373 3604 quac
396 3524 489 3606 vulgo
506 3522 651 3588 ornantia
666 3522 870 3603 appellamuS,
893 3526 926 3586 et
947 3521 1049 3585 otiosa
1060 3521 1239 3586 discrimina

121 3643 223 3707 neque
245 3625 332 3689 nullo
353 3644 455 3707 neque
476 3627 523 3691 ita
544 3626 645 3705 claro,
677 3629 714 3690 ut
747 3623 848 3688 ubivis
870 3624 997 3705 agnosci
1018 3623 1127 3704 possit.
1171 3623 1239 3688 Hoc

121 3746 220 3809 genua
242 3744 324 3792 unus
345 3733 488 3793 veterum
511 3712 718 3793 adumbravit¹
733 3726 827 3792 schol.
850 3725 925 3791 Eur.
940 3725 1017 3791 Hcc.
1044 3724 1134 3790 1121.
1179 3724 1239 3790 Hic

121 3831 273 3912 scriptum
284 3836 335 3896 eat
347 3830 469 3907 παιδὸς
480 3835 601 3914 γνοῦσα
626 3825 858 3910 θανάσιμον
879 3823 1021 3913 μόρον,
1046 3826 1238 3909 quodschol.

119 3934 257 4015 primum
279 3934 325 3999 Sic
346 3934 587 4015 interpretatur:
620 3930 720 4019 μόρας
743 3927 782 3996 οὗ
804 3926 906 4013 μόνον
930 3925 947 3995 ὁ
972 3925 1129 4008 θάνατος,
1153 3924 1239 3994 ἀλλὰ

120 4038 175 4103 καὶ
199 4031 217 4121 ἡ
241 4033 330 4124 τύχη,
353 4031 393 4101 οὗ
416 4036 477 4120 γὰρ
501 4034 569 4102 ἔστι
583 4025 883 4123 λίγεινθατάσιμοτ
898 4027 1055 4112 θάνατον,
1078 4037 1146 4096 tum
1163 4049 1237 4097 vero

121 4138 351 4221 quodammodo
371 4143 537 4204 retractat:
571 4137 614 4204 τὰ
636 4135 779 4205 ἐπίθετα
812 4130 833 4223 ἢ
856 4134 968 4223 ἕτερον
1002 4137 1139 4221 δηλοῦσι
1173 4135 1239 4197 τῶν

121 4237 299 4324 ὀνομάτων,
324 4235 375 4328 ἐφ’
401 4229 445 4305 ὧν
465 4240 627 4327 λέγονται,
652 4234 674 4327 ἢ
696 4236 726 4307 εἰ
749 4239 805 4328 τὴν
840 4235 942 4326 αὐτὴν
965 4233 1094 4314 τούτοις
1127 4232 1238 4318 ἔχουσι
