2736 4778
346 352 411 424 DE
437 353 727 424 METATHESI.
773 352 812 420 C.
834 352 898 420 111
931 358 957 440 ξ.
979 354 1010 421 2.
1161 356 1236 434 533

126 541 318 610 Karstenius
346 563 409 663 pro
432 539 528 627 ἐνηέα
551 540 694 627 positum
716 539 852 629 putebat
877 539 1120 628 praepositione
1142 564 1238 628 pree·

125 646 202 711 uiso.
225 683 268 696 -
292 642 344 711 Τὰ
366 638 415 721 είς
435 669 480 709 ων
506 641 745 766 πατρωνυμιιιὰ
770 638 903 708 ἅπαντα
926 638 1129 729 φυλάττουσι
1150 641 1189 710 τό
1211 670 1237 710 ω

124 744 183 813 ἐπί
203 750 262 836 τῆς
282 747 428 833 γενικῆς,
449 738 531 810 too
548 741 587 809 τὸ
606 742 794 826 Κρονίωνος
820 736 1070 830 ἆναλογώτερόν
1091 741 1178 807 ἐστι·
1200 741 1238 810 τό

125 847 163 914 δδ
191 845 371 932 Κρονίονος
394 839 650 928 ὑπερβιβασμδν
679 843 816 924 δδίξατο
843 848 903 911 τοῦ
928 841 1052 930 χρόνον
1074 840 1239 910 Choerob.

125 944 208 1015 Con.
231 945 305 1012 285.
329 944 408 1012 ΕΜ.
433 943 560 1010 Aneod.
586 942 688 1011 Oxou
715 944 757 1010 Τ.
779 946 843 1011 1Π.
865 944 929 1011 385
951 968 1001 1031 sq.
1043 945 1138 1009 Haeo
1162 967 1239 1010 veru

126 1061 177 1115 est
196 1045 401 1135 hyperthesis
418 1034 472 1111 'eb
491 1045 637 1113 Homero
662 1068 729 1114 non
751 1057 816 1112 tum
837 1047 1041 1114 necessitatis
1065 1069 1166 1113 consu
1185 1046 1237 1111 in-

126 1149 278 1215 troductu
310 1169 407 1234 quum
439 1147 687 1215 commoditatis.
741 1148 827 1215 Cum
857 1148 921 1214 hoo
959 1148 1098 1216 eonferri
1130 1158 1240 1235 potest

125 1249 315 1315 vicissitudo
348 1248 442 1337 epsili
472 1259 506 1316 et
536 1249 635 1338 ulpho
664 1249 716 1317 vel
749 1250 817 1317 iota
847 1250 939 1338 longi
966 1252 1001 1316 in
1029 1250 1236 1337 appellativis

126 1344 284 1434 όργτώνες
294 1341 442 1434 όργιόνες
454 1350 523 1417 sive
538 1344 718 1439 δργειόνες,
735 1343 883 1429 ὀπέωνες
899 1347 1044 1430 ὀπάονες
1054 1374 1084 1417 v.
1095 1351 1237 1417 Bredov.

125 1450 215 1517 Disl.
235 1449 359 1517 Herod.
382 1452 454 1518 137.
477 1451 632 1534 ξανεῶνες
656 1449 809 1540 ξυνήονες
818 1453 849 1538 ⁸)
873 1474 1011 1538 quorum
1027 1453 1124 1519 etiam
1140 1453 1236 1540 primi

125 1572 219 1617 cesus
242 1550 405 1638 duplicem
422 1548 547 1617 hebent
566 1553 835 1620 terminationem.
865 1554 994 1620 Eodem
1015 1575 1136 1641 genere
1158 1576 1237 1620 con·

123 1653 267 1719 tinentur
286 1649 466 1741 μεληδόνες
487 1664 521 1719 et
540 1654 725 1739 μελεδῶνες
747 1677 776 1722 v.
798 1654 918 1723 Parull.
943 1652 1015 1722 146.
1041 1656 1183 1742 βοτῆρες
1204 1667 1237 1720 et

121 1751 322 1841 doivooscl),
338 1749 485 1843 φρείατα
500 1752 590 1822 brevi
610 1757 788 1843 penultima
807 1765 840 1822 et
856 1758 987 1846 φρέατα
1003 1755 1114 1843 longe.
1139 1756 1236 1822 Haeo

122 1853 391 1942 transgressionis
423 1857 551 1944 speeies
584 1857 666 1924 fuleo
697 1869 731 1926 et
760 1858 867 1924 inanis
899 1859 1031 1946 saepius
1061 1858 1171 1925 existit
1200 1859 1236 1924 in

123 1958 269 2025 motione
296 1955 386 2023 velut
411 1954 578 2044 σαώτερος
605 1969 638 2024 et
666 1958 831 2047 σαώτερος
857 1959 1015 2047 Apollon.
1038 1962 1122 2046 Arg.
1145 1982 1165 2024 e
1186 1959 1236 2023 di-

123 2059 226 2127 versis
251 2057 400 2148 positivis
427 2057 508 2137 σόος
536 2069 570 2125 et
598 2064 703 2139 σῶος,
732 2055 932 2148 στενώτερος
962 2073 994 2128 et
1014 2054 1237 2147 στεινότερος,

124 2154 287 2239 νεώτατος
317 2169 349 2225 et
379 2154 562 2240 νεώτατος,
601 2152 739 2246 ἇφνειός
772 2153 1006 2247 δφνειότερος,
1044 2153 1168 2250 όφνεός
1202 2161 1240 2228 dd

125 2253 336 2348 διφνεώτιρος
352 2259 410 2329 καί
425 2264 524 2338 θεῖος
542 2254 730 2346 θειότερος,
746 2254 916 2346 θεώτερος
933 2258 970 2328 δὲ
987 2256 1056 2330 tut
1076 2264 1136 2327 τοῦ
1153 2255 1238 2341 θεός

123 2361 234 2449 Epim.
256 2361 284 2428 1.
306 2361 381 2440 219,
402 2360 454 2427 28.
499 2360 569 2429 Sed
588 2371 744 2448 quantum
760 2359 982 2450 hyperthesis,
1004 2384 1090 2451 quoe
1106 2361 1239 2448 proprie

124 2462 171 2529 itu
195 2463 313 2530 dieitur
334 2463 422 2530 etin
448 2485 582 2529 numero
611 2461 819 2529 effectionum
848 2474 1017 2544 censetur,
1044 2462 1172 2528 differet
1198 2461 1240 2527 ab

123 2566 181 2633 illu
196 2565 336 2632 naturali
356 2575 388 2632 et
407 2563 554 2651 legitime
575 2575 871 2688 temporum——
780 2565 1026 2645 distributione,
1056 2564 1142 2631 olere
1161 2586 1237 2653 per-

124 2668 262 2758 spioitur
283 2689 324 2733 ex
345 2666 396 2732 his
419 2666 594 2765 exemplis.
613 2665 656 2735 τὰ
677 2661 726 2746 εἷς
748 2692 873 2753 ώτερος
894 2669 951 2738 καί
971 2691 1099 2769 ωτατος
1126 2662 1157 2734 εί
1178 2664 1239 2747 μὲν

124 2767 250 2853 ἔχει
214 2794 274 2858 την
293 2767 362 2856 πρό
385 2771 444 2834 τοῦ
465 2795 492 2835 ω
510 2764 695 2867 συλλαβὴν
700 2773 872 2853 βραχεῖαν,
902 2771 958 2839 διὰ
981 2774 1041 2839 τοῦ
1063 2797 1090 2837 ω
1112 2763 1237 2857 γράφε-

123 2895 196 2950 ται,
221 2893 251 2938 ει
240 2864 309 2936 ’δὲ
330 2866 476 2956 μακρὰν,
508 2867 565 2936 διὰ
586 2873 644 2936 τοῦ
668 2894 687 2937 o
709 2862 903 2959 ἁγιώτερος,
928 2866 1135 2956 αλοττότερος
1159 2868 1238 2934 Μο-

125 2969 241 3058 sohop.
264 2964 717 3092 8ε1ιεδ.ρ-.-11.“ώςντερτὰ
739 2968 796 3037 διὰ
818 2975 879 3037 τοῦ
900 2956 1056 3068 ιιι-τερος,
1069 2968 1156 3036 οὕτω
1183 2967 1241 3035 καί

124 3072 167 3141 τὰ
189 3070 247 3140 διὰ
266 3072 327 3138 τοῦ
347 3092 521 3169 ωσυνη,
504 3065 534 3137 si
555 3066 616 3154 μίν
644 3066 712 3151 ἔχει
738 3069 799 3158 τὴν
827 3069 895 3189 πρὸ
929 3075 988 3137 τοῦ
1019 3097 1046 3135 ω
1074 3066 1241 3156 συλλαβὴν

124 3177 300 3258 βραχεῖαν,
322 3170 381 3239 διὰ
402 3174 460 3238 τοῦ
482 3196 509 3237 ω
533 3164 715 3259 γράφεται,
739 3165 924 3258 ἁγιωσύνη,
947 3167 1124 3259 ιερωσόνη·
1150 3194 1180 3236 ει
1169 3163 1240 3237 ’δὲ

195 3424 225 3494 δ)
239 3424 272 3480 Iu
285 3421 460 3480 Αοι1.ΧΝ.
475 3423 533 3479 tto.
548 3421 636 3479 ιἰσιτσδ
652 3417 700 3479 τόν
712 3419 873 3497 προῦχοντα
887 3423 1014 3482 ιτσδαόνα
1031 3427 1148 3500 φέρτατε
1163 3429 1239 3482 λαῶν

123 3512 320 3584 reponendum
334 3511 467 3581 estquod
483 3508 550 3565 obiri
568 3509 673 3580 legitor
689 3507 763 3566 πόδα
779 3512 854 3583 μέγα
871 3512 988 3586 φέρτατε
999 3541 1035 3552 -
1046 3531 1071 3568 v.
1085 3511 1187 3567 Metth.
1201 3515 1238 3567 ud

125 3596 221 3654 Schol.
240 3597 309 3652 Eur.
326 3597 406 3652 Med.
425 3597 485 3651 ort.
509 3613 573 3651 nem
594 3594 623 3649 in
641 3595 844 3668 emplifieutivis
867 3597 913 3652 vix
934 3597 1059 3670 reperies
1081 3598 1165 3670 ulpho
1183 3617 1235 3671 pro

125 3682 217 3756 epsilo
235 3681 367 3754 positum.
403 3681 497 3736 Minos
516 3689 622 3737 eertum
638 3689 682 3736 ost
699 3684 776 3752 quod
794 3681 936 3754 seqnitur;
955 3682 984 3738 in
1001 3683 1155 3741 Alexandri
1172 3686 1236 3740 Aet.

123 3787 208 3824 versu
232 3763 286 3823 ἅλα
309 3769 433 3832 ξυνιώνα
455 3763 599 3837 θαλάσσης
619 3765 778 3823 Meinskius
802 3785 831 3839 p.
849 3769 909 3824 222.
935 3769 1047 3826 dubitet
1068 3789 1104 3827 en
1127 3773 1238 3834 ξενῶνα

124 3854 305 3911 scribendum
327 3853 380 3924 sit;
408 3871 461 3927 pro
482 3849 587 3918 ευνεών
603 3853 732 3909 Meneth.
753 3852 790 3910 11.
808 3854 868 3909 111.
890 3854 1004 3912 retineri
1024 3864 1137 3929 poteret
1160 3855 1239 3924 quod

125 3940 193 3998 olim
213 3938 362 4012 legebatur
379 3936 478 4004 ξυνών.

195 4062 225 4128 7)
244 4060 309 4115 Non
327 4059 436 4132 integre
456 4059 587 4117 videntur
604 4060 692 4116 verbs
710 4058 805 4116 Schol.
824 4061 859 4115 A.
879 4060 916 4114 εδ
936 4059 970 4113 11.
983 4058 1050 4114 XII.
1070 4058 1130 4111 302.
1151 4051 1239 4131 βότωρ

124 4143 245 4220 βότωρσς
268 4144 473 4220 διττρριβασμδς
492 4143 597 4220 χρόνον
618 4143 739 4217 βώτορας
758 4147 805 4200 καὶ
825 4140 949 4213 βώτορες.
985 4143 1056 4197 Num
1076 4160 1133 4196 nou
1151 4139 1238 4217 βότωρ

127 4232 230 4289 dieitur
245 4248 337 4302 neque
354 4228 441 4305 δότωρ
459 4233 510 4287 sed
527 4228 633 4306 δώτωρ.
669 4231 771 4287 Verius
785 4229 851 4285 ΕΜ.
865 4229 925 4294 218,
938 4230 980 4282 11.
999 4223 1078 4297 βότης
1095 4231 1142 4283 καὶ
1157 4225 1240 4302 βοτήρ

126 4323 173 4378 ναὶ
192 4311 458 4396 ἐπεκτάσειῐρώτιορ.
