2736 4778
177 383 243 449 DE
266 378 487 450 sYNcora
508 380 655 447 UNIUS
675 379 897 450 vocans.
918 380 1013 465 ‚0:1.
1039 387 1107 471 §.2
1142 391 1213 463 221

100 569 229 635 dicetur
250 565 382 632 omissis
409 585 495 649 quae
521 562 564 627 ab
590 563 709 629 eodem
734 562 867 648 quidem
888 565 979 631 tonte
1004 568 1063 633 sed
1088 569 1217 636 diverso

97 670 185 735 inter
206 690 242 734 se
263 669 353 732 flexu
377 665 522 730 derivata
543 676 631 743 sunt,
653 686 674 728 a
696 666 805 731 καλέω
827 661 974 744 πόλεως,
993 687 1013 731 a
1031 669 1115 735 auo
1136 671 1217 759 κλῇ-

31 819 39 828 ,
99 770 201 855 σις’)
234 778 268 833 et
299 767 348 832 sic
380 765 444 831 alia
475 761 619 846 δᾶμασνς
651 766 790 851 δμῆσις,
824 762 1014 850 caparam
1043 763 1217 854 δμήτειρα,

99 867 322 956 velociorem»
341 866 533 954 τλησίφρων
547 866 597 950 ⁴),
624 861 843 952 salamandris
862 863 1058 952 τληπαθής,
1083 889 1220 951 quorum

102 969 230 1036 nullum
250 967 292 1032 ad
313 967 350 1032 id
366 966 457 1052 quod
476 966 682 1054 propositum
702 976 753 1030 est
773 965 915 1051 pertinet
933 966 1055 1032 nedum
1077 988 1220 1052 eaquae

104 1070 234 1136 diverse
252 1069 460 1146 declinantur,
476 1061 645 1156 ἡμιθανὴς
661 1060 818 1154 ἡμιθνής,
838 1061 972 1153 ἅκαμής
982 1068 1014 1153 ⁵)
1032 1063 1142 1155 ἆνμής
1158 1079 1219 1135 etc.

101 1170 344 1236 Glossematica
355 1164 462 1256 βαλήν
476 1178 509 1233 et
521 1169 645 1254 βλῆνος
658 1164 757 1231 verbo
777 1175 870 1231 tenus
886 1168 1036 1253 tetigisse
1050 1154 1131 1234 satis
1148 1170 1219 1237 erit

187 1289 213 1370 ξ.
235 1287 266 1351 2.
309 1286 478 1352 Hactenus
502 1285 668 1372 disputata
687 1294 763 1347 sunt
785 1284 945 1350 vocabula
966 1308 1104 1371 quorum
1120 1310 1219 1353 vocs·

101 1387 143 1450 lis
169 1408 237 1453 non
264 1386 430 1452 evanescit
455 1386 534 1472 quin
563 1385 778 1472 protendatur
800 1386 959 1471 proxima.
1001 1389 1111 1456 Venio
1131 1413 1219 1457 nunc

101 1487 146 1552 ad
168 1487 302 1553 alteram
323 1509 490 1575 syncopae
515 1486 659 1574 speciem
681 1508 766 1570 quae
798 1508 868 1550 eam
890 1487 1037 1554 funditus
1057 1491 1142 1555 tollit
1159 1514 1219 1558 ne·

102 1610 170 1673 que
190 1588 418 1654 detrimentum
445 1587 662 1675 productione
694 1587 860 1670 sequentis
881 1600 1073 1675 compensat
1092 1592 1160 1657 sive
1182 1614 1221 1659 ea

104 1712 166 1776 per
194 1712 230 1755 se
259 1690 361 1775 longa
386 1699 437 1754 est
463 1689 532 1754 sive
557 1688 783 1775 productionis
812 1710 926 1774 capax.
975 1690 1068 1756 Illius
1089 1694 1219 1778 generis

102 1812 205 1855 unum
230 1790 385 1878 producit
409 1790 619 1856 Herodianus
647 1790 691 1855 ad
718 1791 757 1855 Il.
781 1789 879 1856 XVI.
901 1792 975 1857 548.
1003 1796 1127 1882 κρῆθεν
1147 1787 1218 1864 ἀπὸ

104 1896 166 1956 rosi
195 1888 348 1975 κάρηθεν
379 1896 542 1980 epyscopi.
601 1891 671 1959 Sed
702 1890 765 1955 hoc
797 1892 998 1976 trisyllabum
1031 1895 1220 1961 adverbium

104 1992 195 2056 haud
214 1991 379 2067 novimus3
410 1989 605 2076 biayllabum
632 2014 652 2056 a
679 2004 794 2056 neutro
817 1989 900 2074 κράς
921 1994 1055 2056 ductum
1076 2005 1126 2058 est
1147 2016 1221 2061 cum

105 2107 202 2178 trope
221 2091 344 2157 vocalis
363 2102 401 2156 ut
421 2090 622 2179 κρήδεμνος,
645 2092 736 2175 quod
751 2091 832 2156 EM.
848 2092 922 2168 537,
937 2092 989 2157 28.
1008 2105 1221 2180 praepostere

106 2216 150 2258 ex
172 2191 318 2257 inaudito
337 2191 546 2280 noeriorum
568 2192 735 2257 concisum
757 2191 848 2269 dicit,
875 2203 908 2257 et
929 2192 970 2258 ab
995 2195 1111 2260 eodem
1133 2193 1221 2283 κάρα

106 2292 219 2381 Epim.
237 2292 266 2358 1·.
281 2293 353 2359 242.
373 2304 405 2358 et
415 2292 489 2358 318.
506 2302 660 2380 repetunt
676 2293 810 2359 verbum
832 2315 937 2379 aeque
961 2297 1221 2363 commenticium

105 2393 256 2481 καραλνω
276 2393 365 2459 unde
386 2392 511 2478 speive
533 2406 638 2459 ortum
661 2416 732 2460 esse
745 2393 793 2480 ⁶),
821 2395 959 2482 parique
981 2398 1130 2462 acumine
1150 2398 1221 2463 Eu·

108 2493 246 2560 stathius
273 2495 347 2573 976,
367 2495 421 2558 41.
449 2493 545 2559 solvit
575 2488 674 2582 γλήνη
701 2498 866 2581 caynonis
891 2490 961 2561 ἀπὸ
992 2502 1053 2563 τοῦ
1080 2494 1221 2586 γαλήνη·

107 2597 168 2662 aed
187 2595 270 2662 illud
291 2595 453 2660 diversam
473 2594 594 2660 habere
611 2596 739 2660 videtur
754 2596 914 2682 originem
930 2596 1035 2664 alcior
1056 2596 1221 2682 ylariooro.

107 2696 307 2763 Credibilius
328 2696 423 2761 affert
443 2695 531 2761 Gud.
554 2697 628 2762 307.
661 2693 816 2763 ἀπὸτοῦ
844 2696 936 2784 φάος
962 2695 1139 2787 ναταφαῇς
1165 2699 1223 2767 καὶ

104 2802 219 2887 τροπῇ
240 2802 302 2864 τοῦ
319 2785 353 2864 ἶ
369 2784 462 2885 alep
481 2796 539 2863 καὶ
559 2802 715 2887 συγκοπῇ
733 2795 886 2886 κατηφής
911 2796 930 2866 ὁ
958 2795 1047 2864 κάτω
1073 2795 1155 2881 ἔχων
1178 2801 1222 2864 τὰ

178 3033 208 3097 3)
220 3031 247 3085 A
260 3030 389 3104 perfecto
407 3026 572 3100 νενᾶλεσμαι
588 3030 627 3099 (ν.
641 3030 677 3081 ed
688 3028 795 3082 Buttm.
811 3027 887 3093 21⁶2.)
905 3030 1080 3083 descendunt
1096 3025 1225 3092 ναλεσιῦς

108 3117 208 3172 Schol.
219 3116 342 3188 Oppiam
354 3116 419 3171 Hal.
429 3114 482 3171 111.
494 3116 554 3167 300.
572 3108 723 3172 ἀνάλωτος
733 3120 762 3165 et
774 3106 915 3179 ναλεσιῆς,
933 3129 1006 3182 quse
1021 3116 1097 3185 spud
1108 3114 1224 3170 Glosso·

106 3204 235 3273 graphas
253 3200 402 3271 leguntur,
424 3196 606 3270 προνάλεσμα
626 3199 705 3252 Euat
723 3197 787 3261 387,
805 3200 832 3252 λ.
858 3202 1060 3266 συγκαλεσιλον
1078 3214 1136 3268 quo
1153 3198 1225 3254 Pro·

109 3290 224 3343 dromus
239 3285 328 3341 utitur
341 3293 372 3340 et
385 3283 550 3341 adverbium
565 3284 731 3343 ναλεσιινός
746 3282 850 3337 Zonar.
865 3300 887 3339 s.
899 3277 1003 3353 κλήδην
1013 3302 1043 3355 p.
1058 3286 1132 3341 1222.
1147 3287 1226 3354 quod

104 3372 288 3427 'Iittmanuus
305 3377 450 3426 aversatur
468 3377 601 3440 tanquam
619 3375 783 3423 monstrum.

179 3459 207 3524 1)
225 3456 290 3512 Hoa
309 3453 491 3527 cognoscitur
509 3471 545 3509 ex
564 3453 662 3509 dorico
682 3457 851 3525 slaotqpew,
869 3455 948 3525 quod
964 3452 1123 3525 Hesychius
1140 3452 1226 3509 inter·

108 3534 244 3615 pretatur
254 3533 467 3611 ὑπομονητινὸν.
494 3533 696 3607 ΡτοἜγλασας
712 3534 874 3609 ὑπέμεινας,
890 3556 946 3593 non
960 3540 1088 3609 ἔπλασας,
1103 3548 1136 3593 ut
1148 3538 1226 3595 Kue-

110 3636 202 3682 sterus
219 3632 316 3698 putat,
339 3626 391 3680 sed
410 3621 562 3686 ἐτάλασσας
580 3623 759 3679 scribendum
777 3630 820 3677 est
843 3639 879 3677 ex
900 3621 934 3678 11.
952 3622 1045 3680 XVII.
1067 3626 1126 3681 100.
1150 3628 1227 3681 unde

108 3713 207 3782 glossa
224 3709 320 3779 tluxit3
338 3726 403 3764 nam
420 3706 555 3764 soristum
568 3711 662 3774 πλῆσαν
681 3705 850 3763 removimus
864 3707 969 3764 Psrsll.
984 3711 1044 3764 m.
1059 3710 1134 3766 Adn.
1147 3712 1191 3766 2⁰.

181 3796 212 3865 t)
228 3796 309 3851 llaec
326 3812 383 3851 vox
402 3811 494 3867 nuper
512 3793 638 3867 reposita
654 3800 698 3848 est
720 3792 750 3848 in
766 3793 883 3849 Luciam
900 3794 994 3851 Prona
1012 3797 1037 3862 3.
1053 3798 1094 3851 tr.
1105 3800 1160 3868 γῆν
1175 3794 1228 3849 arl-

101 3880 223 3954 χμηρὰν
241 3880 399 3952 sutricensi
417 3897 470 3952 pro
486 3877 607 3947 ἀκαλλῆ·
627 3878 776 3935 certiorem
792 3878 877 3950 bajus
892 3878 994 3935 aetatis
1014 3888 1159 3935 tumorem
1179 3881 1228 3934 de·

107 3967 217 4021 sidero.
244 3966 329 4030 Quod
342 3965 371 4020 in
381 3965 493 4021 Anecd.
504 3963 598 4021 aska.
609 3966 684 4020 1215.
697 3963 799 4020 dicitur
812 3959 930 4036 ιῖκιέμννν
941 3968 988 4019 ast
1002 3962 1070 4019 sard
1083 3963 1229 4033 σνγκονιὴν

108 4048 220 4124 ἄκμων,
239 4053 333 4107 fictum
349 4059 393 4106 est
410 4068 447 4105 ex
464 4048 595 4105 confesso
614 4057 646 4103 ut
661 4046 979 4121 νενσίμηνα-νένμηνα
997 4047 1193 4113 ΕΜ.5·11,30.

181 4137 211 4205 0)
224 4155 251 4191 r.
262 4136 399 4191 Tochnol.
411 4137 468 4190 128.
481 4132 639 4206 Hesychius
654 4130 802 4206 ἐπννρκνὴς
818 4142 847 4188 et
864 4135 1013 4203 lnlxparoc
1029 4130 1229 4204 interpretatur

112 4218 289 4291 ληιμεληιῆς,
308 4238 429 4292 quorum
445 4218 519 4274 illud
538 4216 703 4289 ληἰνρᾶνιης
722 4218 902 4275 scabendum
923 4215 1049 4283 ridetur,
1068 4219 1151 4291 hujus
1171 4227 1227 4276 ter·

107 4305 229 4362 minatio
246 4324 309 4362 cnm
327 4303 495 4380 adr'rrparoe
512 4304 530 4361 i.
545 4322 573 4376 q.
590 4301 767 4378 αὖτονράιῶρ
785 4301 926 4358 convenit.
