2736 4778
134 347 176 414 rt
514 345 794 415 Dlssssst'rlo
826 346 881 419 Vt

135 530 225 579 arma
246 517 279 577 et
300 512 444 594 insignis,
466 529 548 593 quac
570 512 642 593 quis
663 530 760 583 manu
770 511 960 593 praetendit,
979 511 1273 579 translatumesse

134 615 363 697 quodammodo
385 615 489 698 colligi
510 622 618 698 potest
643 635 684 683 er
711 615 859 698 epithetis
889 614 999 699 (schol.
1021 615 1060 683 Il
1087 614 1176 681 XIV
1200 614 1275 699 385¹

133 719 194 785 XV
205 718 283 802 256)
306 716 499 804 δσλιχᾶσρσς
520 719 692 799 Minervae,
723 715 910 806 xpsmdopoq
932 717 1060 787 Cereris
1087 717 1273 801 falcitem

133 821 252 905 Orphei
273 817 427 911 χρσσάισρ
455 823 532 889 dicti
558 841 620 889 non
647 822 808 903 chritso,
842 823 966 904 opinor,
997 823 1055 905 qui
1076 822 1272 907 phorminn·

133 927 234 1008 magis
256 927 410 1005 convenit,
433 926 532 991 seda
554 925 676 991 cithara
697 927 783 1008 ipsa,
804 945 900 1009 quam
921 944 999 1008 prae
1021 944 1057 991 se
1079 925 1161 1007 tert,
1187 928 1272 1001 siunt

132 1030 187 1097 alii
207 1028 352 1097 fidicines
372 1030 447 1095 hinc
466 1024 896 1115 monuisses-denominati.
938 1031 1150 1103 Feminintlm
1182 1049 1270 1113 ἵησι

130 1133 216 1215 quod
248 1133 322 1199 hinc
352 1138 464 1199 natum
486 1133 634 1211 creditur,
667 1133 786 1199 arctius
819 1135 968 1201 cohaeret
993 1152 1068 1207 cum
1091 1127 1272 1222 ὀρρρέιιιι,

131 1236 218 1303 unde
238 1234 449 1317 proficiscitur
470 1236 631 1301 societatis
652 1237 747 1305 notio.
813 1237 927 1320 ltaque
947 1254 1072 1315 omues,
1110 1237 1171 1319 qui
1195 1236 1269 1313 alii!

130 1338 231 1405 iuncti
251 1343 285 1404 ct
306 1340 421 1407 adnexi
447 1344 536 1417 sunt,
568 1340 675 1407 vocari
695 1346 844 1423 poterent
866 1337 979 1425 daces,
1014 1339 1073 1407 scd
1096 1358 1185 1409 usus
1208 1340 1266 1409 ad-

132 1443 259 1509 strinxit
280 1442 474 1522 mulieribus,
497 1461 580 1524 quae
590 1444 657 1509 viru
679 1446 855 1513 associatae
877 1450 966 1511 sunt:
988 1446 1142 1528 γυναῖκες
1157 1436 1264 1535 ὅσρσι

130 1536 201 1613 οἷον
223 1541 322 1634 depae
343 1549 417 1632 (scr.
441 1541 553 1634 ὅσρες)
576 1545 671 1633 παρὰ
694 1546 732 1612 τὸ
755 1544 986 1635 συνηρμόσθαι
998 1545 1150 1628 Apellen.
1172 1546 1265 1629 Lex„

130 1651 300 1733 praecipuo
321 1650 484 1729 matronis,
516 1668 599 1731 quse
620 1650 760 1717 viromm
781 1651 872 1733 quasi
894 1650 1086 1746 appendices
1108 1656 1148 1717 ct
1168 1669 1262 1719 asse·

129 1754 219 1818 culae
242 1759 329 1819 sunt:
361 1745 462 1840 ι’)ἀρσι
496 1748 531 1817 αἱ
553 1751 692 1839 γαμεταὶ
715 1749 815 1820 οἷονεί
837 1748 984 1840 ὃμόσρσι
1006 1751 1078 1821 ΕΜ,
1100 1750 1181 1821 612.
1205 1753 1260 1821 45.

129 1855 197 1923 Nec
218 1863 325 1924 amen
347 1856 497 1935 dubitem,
530 1854 607 1937 quin
639 1855 737 1923 etiam
769 1856 961 1925 mucubime
983 1863 1018 1925 et
1037 1856 1174 1938 pellices
1196 1858 1260 1929 hoc

129 1979 243 2026 nomen
276 1961 412 2042 adeptae
445 1960 517 2036 sint,
552 1977 634 2041 quae
666 1959 755 2039 ipsae
785 1966 917 2041 propter
949 1961 1147 2031 consortium
1180 1962 1259 2033 lacti

129 2056 246 2145 ὀλσχσι
278 2069 439 2144 vocantur,
472 2080 632 2144 nunquam
654 2080 730 2129 vero
756 2080 882 2143 servae,
915 2081 1017 2146 noque
1049 2065 1159 2135 mariti
1183 2067 1257 2149 ipsi,

128 2167 315 2249 quibuscum
336 2172 449 2250 poetas
463 2165 569 2233 Latini
591 2183 705 2233 nomen
727 2166 844 2229 cortica
858 2156 1098 2237 communicant
1125 2159 1256 2257 ’Ἄορις

127 2268 313 2336 femininum
344 2270 430 2336 nullo
463 2276 549 2337 certo
579 2268 863 2349 auctorisantur,
897 2264 1000 2354 ὀσρσι
1028 2271 1160 2353 saepius
1195 2290 1255 2347 nec

127 2374 212 2455 apud
233 2373 407 2441 Homerum
429 2374 530 2439 solum
552 2372 669 2454 legitur
696 2372 736 2437 de
756 2372 920 2455 colloquiis
942 2371 1155 2445 familiaribus
1176 2376 1254 2447 suh·

126 2476 192 2542 lato
214 2495 308 2543 sexus
331 2477 519 2558 discrimine,
552 2475 635 2558 quod
669 2476 701 2541 in
724 2474 875 2543 derivatis
897 2473 1056 2562 ὀαρίζειν,
1092 2471 1254 2567 ὀαριστύς

126 2582 247 2662 pariter
268 2580 466 2662 obteritur⁵).
511 2579 574 2644 Sed
596 2578 729 2648 feminas
751 2597 874 2661 quoquc
898 2577 1020 2666 ὀάρους
1035 2565 1253 2651 rccatssesse

87 2749 91 2756 ,
126 2683 330 2749 Aristarchus
353 2684 479 2765 collegit
504 2702 543 2749 cx
564 2682 701 2764 genitivo
724 2677 842 2763 ὀάρων.
906 2682 988 2751 Nam
1016 2703 1054 2749 ex
1076 2685 1252 2753 Aristonici

126 2786 231 2851 verbis
255 2781 274 2872 ἦ
299 2787 405 2873 διπλῆ,
429 2784 480 2852 ὅτι
504 2780 601 2873 ὅσροι
625 2782 658 2852 ci
682 2789 746 2852 τῶν
770 2781 898 2869 ἀνδρῶν
920 2786 976 2852 καὶ
998 2792 1163 2870 γυναικῶν
1174 2784 1250 2871 ὁμι-

126 2888 203 2965 liar,
230 2893 282 2956 σῦν
305 2889 341 2956 δὲ
366 2887 436 2956 ἀντὶ
460 2892 520 2956 τσῦ
542 2893 712 2975 γυναικῶν,
734 2889 965 2971 patescitcum
987 2889 1045 2957 hoc
1057 2890 1248 2961 femininum

36 3049 40 3056 .
93 3062 98 3070 ,
126 2994 167 3059 ad
196 2994 329 3059 eandem
362 3013 434 3061 cum
466 2994 638 3059 masculino
661 2993 901 3065 declinationem
923 2994 1080 3073 retudisse,
1113 2994 1181 3067 hoc.
1198 3003 1250 3065 est

126 3098 304 3162 secundnm
369 3099 433 3164 Alii
472 3103 602 3179 propter
639 3097 883 3179 discrepantiam
919 3097 1097 3165 intellectus
1131 3094 1250 3186 ὀρέων

125 3200 327 3282 scripserunt
363 3201 447 3283 quod
479 3201 532 3266 ille
555 3205 611 3264 sut
632 3199 788 3282 ignoravit
809 3206 880 3279 out,
903 3201 977 3282 quia
999 3201 1031 3265 in
1053 3202 1140 3267 nullo
1163 3204 1248 3271 snti-

125 3322 257 3384 quurum
280 3305 506 3386 exemplarium
527 3302 655 3382 invenit,
677 3310 864 3384 aspernatus
886 3310 950 3380 cst;
973 3304 1113 3369 datiuum
1136 3312 1248 3373 autem

125 3407 198 3472 huic
220 3413 328 3489 aptum
352 3399 473 3494 σ’ὀρσσσι
496 3424 558 3471 non
579 3408 793 3475 necessarium
815 3407 927 3474 habuit
958 3409 991 3473 in
1018 3404 1150 3494 ὀάροισι
1176 3426 1250 3475 mu·

125 3515 203 3588 tore,
237 3513 298 3575 etsi
319 3513 459 3579 vocalius
481 3515 560 3588 erat,
594 3511 659 3589 sed,
693 3512 889 3590 mandetur,
923 3512 1120 3594 metaplastis
1143 3513 1249 3581 adnu-

124 3615 258 3677 meravit
290 3616 373 3679 sicut
395 3613 630 3680 Ghocroboscus
664 3611 779 3681 3488
813 3613 901 3680 ἔστιν
935 3607 1039 3696 daona
1064 3607 1170 3697 ὀσρσς
1190 3616 1249 3684 tul

125 3707 222 3797 ὅσρσι
247 3717 301 3782 καὶ
326 3718 409 3782 κατὰ
431 3715 670 3800 μειαπλασμόν
694 3714 815 3802 γίνεται
840 3711 936 3801 ι’ίιιρες
947 3717 1096 3783 καὶκατὰ
1110 3719 1248 3806 dorcada·

125 3815 238 3904 ὀάρεσι
262 3821 317 3886 καὶ
341 3819 425 3885 narde
448 3824 562 3904 κρᾶσιν
585 3824 643 3886 τοῦ
672 3822 693 3893 ὅ
719 3821 774 3887 καὶ
796 3822 818 3890 ὅ
847 3814 957 3907 &peon
982 3814 1114 3904 ὤρεσσι.
1183 3821 1248 3886 Mi-

192 4096 220 4152 5)
238 4096 279 4146 Ab
299 4084 350 4164 ιἰσρ
368 4096 432 4148 nihil
451 4097 608 4161 derivatum,
636 4112 693 4147 cum
723 4087 774 4166 ὅσρ
793 4099 860 4150 nihil
879 4101 1049 4165 compositum
1067 4106 1116 4151 ert.
1148 4101 1246 4158 Schol.

68 4246 75 4255 ⁵
123 4182 199 4234 Pind.
217 4183 308 4237 lrthm.
326 4184 350 4234 V
366 4181 400 4236 iil
430 4181 485 4247 (48)
511 4185 564 4239 hnc
580 4188 689 4237 rvrocat
704 4185 845 4241 Mensura
860 4179 1023 4257 χαλκοάραν
1036 4212 1069 4229 -·
1085 4181 1133 4245 σ’ὀν
1146 4189 1248 4257 talus·

124 4260 362 4334 duricirsc'rcis
392 4267 535 4334 ὀνανιόοις,
563 4271 611 4324 sed
638 4270 735 4324 restim
761 4269 941 4337 lexicographi
964 4276 1046 4331 narsi
1073 4289 1120 4339 pro
1144 4275 1253 4340 palso·

127 4349 196 4425 σ’ρσς
213 4357 353 4423 accipiunt,
376 4361 416 4407 cui
434 4357 519 4409 simile
536 4361 577 4409 est
591 4348 721 4424 χεριόρης
738 4357 855 4411 cicadam
874 4364 973 4425 poetae.
