2736 4778
200 358 222 431 4
542 351 752 419 PATHOL.
774 349 973 419 PROOEM.

199 559 233 626 p.
249 535 310 602 103
332 557 381 622 sq.
407 534 532 601 dativos
557 531 684 621 ὑσμῖνι,
712 537 853 603 Δωδῶνι
878 530 1003 598 affectis
1028 528 1095 595 sive
1119 523 1313 596 πεπονθόσι

199 637 360 716 attribuit,
381 637 436 723 qui
454 638 564 725 potius
584 661 604 703 a
620 637 827 704 nominativis
848 631 1048 721 imaginariis
1063 627 1169 710 ὖσμίν,
1185 625 1314 695 Amisia

199 739 333 808 derivati
356 750 431 806 sunt
451 764 480 806 v.
503 740 623 809 Parall.
645 741 719 806 305.
764 739 901 808 Stultius
924 749 1037 802 auctor
1058 730 1314 800 commentarioli

192 843 298 930 jejuni
323 853 356 909 et
382 842 534 921 inoomti‚
564 842 622 928 qui
651 839 749 929 πάθη
771 841 891 921 λέξεων
917 838 1103 906 inscribitur
1127 836 1163 901 in
1184 832 1313 901 Ancon.

196 944 305 1012 Boiss.
329 944 371 1009 T.
392 945 458 1010 ΠΙ.
478 945 552 1010 320.
574 942 639 1010 huc
660 943 758 1010 refert
784 938 1098 1030 μετασχηματισμόν
1122 928 1314 1022 παρθενική

197 1041 271 1115 cini
290 1051 351 1114 τοῦ
366 1046 552 1134 παρθένος,
569 1042 805 1129 μεσαοὺπωσιν
816 1040 959 1111 Ἰλιόθεν
976 1042 1048 1110 σἰνιί
1070 1043 1131 1108 νοῦ
1152 1036 1189 1119 ἐξ
1204 1034 1314 1115 Ἰλίου,

199 1146 403 1236 παραγωγήν
414 1144 597 1234 Πριάμοιο.
640 1147 719 1212 Alia
739 1156 815 1211 sunt
834 1167 919 1231 quae
936 1155 1094 1211 vocantur
1116 1139 1214 1225 πάθη
1234 1159 1313 1226 pro·

199 1248 366 1315 sodiarum
391 1258 429 1312 ut
450 1242 530 1336 Ὑφ’
563 1246 597 1314 ἓν
624 1245 741 1326 πάθος
768 1247 966 1335 πρσςωδιιῦν
994 1244 1141 1332 Hesych.
1183 1241 1316 1310 Etenim

199 1351 233 1418 in
251 1354 342 1440 App.
353 1351 462 1438 Etym.
475 1348 564 1418 Gud.
576 1348 649 1426 674,
660 1348 713 1413 40.
731 1359 941 1415 recensentur
961 1360 1102 1435 quatuor
1122 1343 1315 1412 barbarismi

200 1453 338 1542 species,
362 1452 447 1521 κατὰ
469 1451 649 1540 ἐναλλαγὴν
670 1450 855 1534 στοιχείων,
878 1451 963 1518 κατὰ
985 1448 1212 1530 πλεονασμόν,
1235 1442 1310 1513 κατ’

201 1555 344 1636 ἔνδειαν,
375 1554 459 1622 κατὰ
486 1552 679 1642 προςωδίαν
692 1553 736 1639 ⁵).
785 1551 1116 1619 Accentiuncularum
1144 1573 1221 1617 vero
1247 1549 1314 1616 duo

200 1667 277 1724 aunt
304 1679 443 1743 genera,
471 1678 573 1721 unum
594 1655 805 1742 tripertitum,
835 1656 926 1741 quod
953 1655 1086 1743 proprie
1114 1654 1161 1718 ita
1187 1652 1314 1732 dicitur,

200 1756 300 1837 soror,
323 1757 506 1837 πνεύματα,
528 1754 652 1845 χρόνον,
675 1758 810 1823 alterum
835 1759 926 1843 quod
947 1756 1081 1823 abusive
1103 1754 1121 1846 ἡ
1147 1753 1315 1844 ἀποστρο-

201 1882 284 1945 φος,
313 1853 331 1946 ἡ
361 1853 459 1945 ίνφίν,
492 1854 511 1946 ἢ
541 1855 770 1948 ὑποδιασιολή
803 1859 911 1926 Cram.
939 1860 1067 1925 Anecd.
1089 1859 1150 1926 IV.
1176 1857 1254 1934 309,
1282 1856 1315 1922 5.

199 1961 255 2026 De
283 1970 435 2025 tonorum
464 1970 497 2024 et
526 1959 698 2046 spirituum
725 1960 959 2026 mutationibus
991 1972 1119 2047 praeter
1146 1961 1316 2027 Donatum

199 2061 233 2127 in
252 2063 325 2128 Art
347 2086 380 2149 p.
393 2061 445 2127 26.
469 2074 572 2149 agunt
592 2061 830 2129 Grammaticus
852 2063 893 2127 de
912 2060 1047 2126 Barbar.
1070 2084 1103 2146 p.
1118 2061 1188 2124 196.
1211 2061 1315 2144 Poly·

199 2163 274 2229 bins
288 2165 361 2229 229.
377 2173 411 2229 et
424 2162 677 2231 Choeroboscus
693 2162 776 2230 Can.
787 2165 862 2230 467.
878 2165 959 2231 ΕΜ.
973 2164 1044 2242 721,
1056 2163 1108 2228 50.
1126 2161 1176 2227 his
1192 2161 1315 2227 verbis:

200 2263 434 2352 βαρβαρισμός
462 2264 532 2332 ἐστι
558 2267 596 2332 τὸ
623 2261 824 2351 ἁμαρτάνειν
853 2267 932 2352 περί
960 2265 1016 2331 τὸν
1046 2263 1158 2342 τόνου,
1188 2261 1245 2330 cdv
1265 2288 1317 2342 arg

201 2361 282 2454 εἴπῃ
305 2358 466 2448 ἂκρᾶσος·
489 2368 573 2434 κατὰ
601 2367 637 2433 δὲ
656 2363 796 2454 χρόνους
815 2365 1075 2453 βαρβαρίζουσιν
1105 2363 1137 2434 σί
1167 2365 1317 2450 λέγοντες

201 2461 335 2542 πινακίς
357 2463 593 2545 ἐκτεταμένως,
616 2464 701 2534 κατὰ
722 2467 758 2532 δὲ
780 2471 925 2547 πνεῦμα,
949 2466 1007 2533 ἐὰν
1027 2464 1164 2555 ψιλώσῃ
1186 2490 1238 2543 τις
1258 2467 1317 2555 τὴν

201 2560 279 2634 ὑπό.
325 2566 526 2654 Tempornm
544 2568 677 2653 quidem
696 2567 878 2632 immutatio
896 2567 1030 2654 proprio
1051 2567 1182 2632 nomine
1201 2566 1315 2632 distin·

201 2666 311 2752 guitur
326 2668 444 2733 ectasis
461 2681 493 2735 et
509 2669 661 2755 systolae.
707 2669 836 2737 sivero
853 2664 972 2752 ὀμίχλη
988 2670 1106 2734 dicitur
1120 2692 1180 2757 pro
1197 2665 1315 2756 ὁμίχλη

200 2769 252 2834 vel
272 2773 387 2854 μῶρος
409 2794 469 2857 pro
491 2771 621 2858 μωρίς,
642 2772 679 2836 id
700 2770 769 2837 sine
792 2771 1012 2837 controversia
1034 2770 1109 2836 huic
1132 2772 1316 2856 quaestioni

200 2870 401 2958 implicatum
423 2883 473 2937 est
494 2873 552 2937 sed
571 2873 606 2936 in
624 2871 687 2939 hoc
704 2884 811 2939 tamen
828 2872 911 2939 libro
929 2896 996 2938 non
1014 2873 1218 2952 tractabitur3
1239 2899 1315 2941 nam

203 2973 368 3040 doctrinae
391 2973 432 3039 de
457 2973 643 3040 accentibus
668 2976 775 3041 dicata
798 2988 873 3040 sunt
898 2976 1005 3042 solida
1032 2978 1201 3044 doctorum
1222 2980 1315 3045 volu·

200 3075 304 3151 mina3
328 3075 595 3162 pneumatologia
616 3077 656 3142 ab
679 3076 829 3144 omnibus
851 3079 897 3142 ita
917 3079 1067 3165 neglecta
1084 3082 1175 3165 jacet
1194 3093 1231 3146 ut
1253 3080 1316 3146 hac

202 3189 308 3244 aetate
323 3177 377 3242 vix
393 3179 435 3243 ad
453 3179 594 3264 aliquam
610 3180 825 3245 maturitatem
841 3191 1035 3267 perventura
1049 3181 1206 3247 videatur.
1232 3183 1316 3247 Tres

201 3278 401 3366 impropriae
420 3281 596 3368 prosodiae
616 3304 636 3346 a
656 3283 821 3348 nonnullis
844 3281 941 3370 πάθη
962 3294 1118 3349 vocantur
1139 3284 1196 3350 διὰ
1220 3286 1256 3348 τὸ
1283 3284 1317 3350 ἐν

202 3388 411 3466 παθητικαῖς
443 3384 552 3462 λέξεσι
584 3384 746 3451 τίθεσθαι
778 3383 989 3471 Moschopul.
1017 3385 1150 3470 Fragm.
1181 3382 1216 3445 in
1244 3382 1316 3444 Rit-

203 3472 315 3545 soh'elii
335 3481 450 3548 Praefo
464 3483 508 3548 ad
529 3481 648 3549 Thom.
669 3483 826 3552 CCXVI.
849 3485 960 3553 Schol.
980 3485 1082 3551 Dion.
1106 3483 1178 3558 713,
1203 3481 1252 3546 17.
1275 3484 1315 3549 ab

203 3581 275 3647 aliis
293 3589 417 3668 σημεῖα
435 3589 550 3672 φωνῆς
567 3586 794 3665 πεπονθυίας,
816 3610 937 3672 easque
956 3613 976 3653 a
994 3586 1096 3672 signis
1113 3585 1315 3670 prosodiacis

204 3682 418 3768 distinguunt,
436 3684 513 3771 quia
527 3709 593 3752 non
608 3686 713 3752 solum
726 3688 892 3753 vocalibus
909 3688 1132 3775 appinguntur
1148 3688 1316 3753 sedetiam

203 3785 356 3850 consonis
378 3785 489 3854 Schol.
510 3787 612 3854 Dion.
633 3789 713 3868 683,
735 3791 787 3854 22.
813 3790 921 3857 Cram.
943 3788 1071 3854 Aneed.
1098 3789 1138 3854 T.
1158 3789 1218 3858 IV.
1241 3790 1315 3856 309.

203 3885 332 3953 Horum
354 3887 437 3953 nihil
459 3889 503 3953 ad
526 3888 622 3976 hujus
644 3891 829 3978 scriptionis
852 3891 1033 3956 institutum
1056 3891 1204 3978 pertinet.
1250 3890 1315 3958 Ce-

274 4136 302 4202 ⁵)
321 4133 446 4190 Zonaras
463 4152 491 4207 p.
506 4136 566 4190 370.
584 4133 774 4209 βαρβαρισμός
787 4137 843 4192 ἔστι
858 4133 1012 4207 ποριίοονος
1028 4141 1096 4203 λέξις
1114 4135 1174 4208 ἤτοι
1191 4136 1269 4209 παρὰ
1284 4135 1316 4193 τὰ

205 4226 325 4291 σιαιχεΐα
347 4216 363 4289 ἢ
383 4223 448 4294 περὶ
467 4218 514 4284 uic
532 4224 695 4297 προςῳδίας.
717 4223 783 4278 EM.
803 4223 867 4288 2⁰0,
886 4225 926 4278 10.
948 4221 976 4280 τὸ
997 4222 1132 4300 βλήμενος
1152 4222 1318 4300 ἀναδρομὴν

206 4304 315 4364 ἔπαθε
331 4307 380 4364 τοῦ
394 4304 484 4364 toron.
