2736 4778
19 412 22 418 .
134 360 198 430 nn
219 361 437 430 smoonn
458 314 604 428 unius
627 358 847 429 vocans.
870 360 909 430 o.
924 363 981 432 v1.
998 363 1063 450 ιε.
1096 365 1168 441 ιιι

60 545 184 633 ἇνέρες,
208 549 268 615 sed
289 548 401 635 potius
415 541 512 636 ’Ἇρει
533 544 678 625 θύοντας
698 547 734 611 id
762 557 812 612 est
841 541 1030 632 ἇρειμανεῖς
1055 550 1106 616 vel
1135 560 1171 615 ut

56 651 233 738 Euripides
256 643 447 734 dixit'brpa
479 644 652 729 κατόχοις,
677 648 711 715 in
741 671 846 735 eoque
871 649 937 713 vim
964 649 1053 716 verbi
1075 649 1171 719 θύειν
1286 646 1293 651 ’

55 751 160 818 idest
181 752 269 829 cieri,
294 749 421 836 agitari,
444 761 615 835 sequutum
640 771 722 828 esse,
745 772 813 816 non
830 773 902 816 eam
918 772 1002 835 quae
1020 750 1171 817 substan·

56 853 123 918 tivo
146 853 223 918 binc
246 853 390 917 derivato
414 848 560 928 θύσανος
580 851 710 916 reddita
729 864 779 917 est
795 876 824 917 v.
846 851 972 917 Teobn.
987 853 1058 919 101.
1090 854 1172 918 Bre-

56 955 129 1018 vius
152 949 345 1038 ἆρθιῖσανος
365 952 421 1017 illo
442 973 508 1017 uno
532 952 692 1037 Hesychii
719 954 792 1020 loco
822 976 890 1020 non
912 954 992 1019 satis
1014 953 1173 1019 munitum

59 1078 133 1121 esse
154 1055 292 1141 quilibet
311 1055 470 1142 intelligit.
512 1053 661 1119 Alterum
685 1056 918 1143 ναπήλοδοιης
944 1051 962 1122 ὁ
989 1051 1024 1123 ἐν
1044 1060 1091 1142 τῷ
1111 1082 1172 1122 κα-

60 1157 202 1245 πήλειίρ
220 1153 394 1242 ἐρχόμενος
422 1167 454 1222 et
487 1155 577 1241 quod
597 1156 632 1220 in
651 1156 762 1223 Gloss.
786 1157 971 1224 Graeeolat
994 1158 1173 1246 apponitur

57 1254 277 1345 Πορνοδὺιης
295 1269 447 1341 ponentur
469 1256 601 1323 defendi
621 1270 732 1345 potest
752 1281 791 1325 ea
810 1260 938 1326 ratione
960 1282 1025 1345 qua
1043 1259 1170 1338 ἐνωμο-

56 1354 178 1446 τάρχης
200 1368 232 1422 et
250 1358 368 1424 similia
387 1359 592 1424 vindicantur
613 1383 809 1446 quamquam
838 1362 871 1427 in
893 1384 1013 1448 magno
1035 1383 1170 1428 numero

55 1458 226 1523 nominum
248 1459 294 1525 sic
316 1461 560 1526 terminatorum
583 1472 626 1526 ut‘
644 1468 811 1548 κουρεῖον,
835 1457 982 1547 ἀρχεῖον,
1003 1467 1169 1545 μουσεῖον,

55 1562 268 1643 μεταλλεῖον,
303 1563 457 1643 χαλκεῖον
489 1574 550 1629 etc.
582 1562 706 1629 nullum
743 1563 847 1628 simile
882 1562 1171 1650 deprehendimus3
1270 1585 1273 1590 ·

58 1656 305 1746 ἰαμβειοφάγος
324 1673 357 1727 et
378 1659 594 1753 ἷαμβοφοὶγος
615 1687 689 1730 eum
719 1664 854 1730 diversis
887 1665 1070 1752 composita
1097 1676 1172 1728 sunt

56 1760 251 1827 nominibus.
298 1765 580 1851 Βαλανοκλέπιης
595 1768 667 1852 jam
689 1780 869 1832 correctum
893 1781 956 1847 est,
982 1790 1044 1833 nec
1072 1767 1171 1833 fidem
1203 1763 1204 1767 ¹

57 1862 179 1928 invenit
193 1862 415 1954 ἐργαλοθήκη.
455 1865 558 1949 Quod
577 1867 664 1933 idem
683 1869 807 1955 profert
818 1865 959 1956 Δμήερα
979 1864 1170 1954 δαμάσιρια

57 1966 176 2031 rectius
195 1965 347 2032 scribitur
363 1966 397 2030 in
412 1967 493 2033 ΕΜ.
515 1967 678 2058 δμήτειρα
699 1967 889 2053 δαμάσιρια
906 1963 1171 2057 ήΔήμήτήρΗ).

58 2068 213 2155 Syncope
233 2067 262 2133 si
285 2067 371 2133 facta
395 2079 490 2145 esset,
514 2069 646 2155 διιῆιρα
666 2068 764 2135 scribi
784 2068 915 2135 deberet
933 2069 993 2133 sed
1008 2068 1073 2134 hoo
1088 2090 1171 2154 quo·

58 2191 123 2253 que
155 2168 306 2235 abhorret
334 2192 354 2234 a
381 2170 495 2254 regula
525 2170 693 2235 nominum
728 2172 762 2235 in
790 2160 841 2258 ρᾶ
872 2169 1059 2236 exeuntium
1087 2192 1172 2256 quae

58 2269 159 2355 alpha
184 2270 317 2356 longum
345 2268 467 2335 babent
489 2266 634 2354 βύσιρα,
663 2267 787 2360 μήτρα,
815 2266 934 2358 ῥήτρα,
964 2270 1115 2359 Μήστρα
1139 2295 1169 2338 v.

56 2373 205 2438 Fischer.
235 2372 277 2438 ad
302 2371 462 2460 Palaepb.
490 2393 518 2436 e.
549 2371 601 2435 24.
626 2372 805 2460 Μνήσιρα,
829 2366 1081 2460 Ὑπερμνήστρα
1109 2383 1170 2438 ete.

60 2474 156 2557 Quae
184 2474 225 2539 de
248 2472 420 2540 verborum
451 2472 674 2539 imminutione
700 2473 888 2550 traduntur,
916 2471 959 2537 ad
980 2472 1171 2560 plusquam·

58 2575 194 2663 perfecti
215 2597 372 2662 personas
392 2575 533 2662 plurales
552 2575 730 2662 pertinent:
754 2573 832 2644 εἴκω
854 2569 928 2642 eina
949 2570 1049 2642 εἴκειν
1072 2573 1173 2642 einsi-

57 2702 116 2763 τήν
144 2676 200 2742 καὶ
233 2676 268 2742 ἐν
292 2680 442 2766 συγκοσῇ
474 2673 599 2762 εἷ’κιην,
631 2676 665 2743 ἒν
687 2677 838 2745 διαλύσει
860 2677 970 2765 ἔΐκεήν
998 2676 1108 2744 Sobol.
1131 2678 1170 2745 Il.

57 2778 85 2842 Ι.
110 2778 181 2842 104.
206 2777 316 2864 Epim.
335 2777 364 2842 Ι.
389 2777 460 2842 156.
490 2779 570 2843 ΕΜ.
589 2778 726 2856 318,15.
746 2773 880 2869 ήδεῖτήν
897 2775 983 2843 κατὰ
1004 2778 1172 2868 σιιγκσαήν

58 2879 116 2945 καί
150 2878 277 2967 τρονιήν
307 2869 410 2968 ᾔστην
443 2879 499 2945 καὶ
530 2879 569 2946 τὸ
603 2877 830 2968 πληθυντικὸν
870 2871 974 2966 ᾖσμεν
1007 2873 1079 2943 αἰνιὶ
1112 2884 1173 2944 τοῦ

58 2972 193 3066 ᾔδειμεν
215 3003 249 3065 ρ.
260 2978 334 3055 438,
346 2978 398 3044 56.
423 2976 576 3047 ἐδειὸίειν
600 2978 799 3045 ε’όειδίεισαν
818 2976 874 3043 καὶ
895 2975 982 3042 κατὰ
1002 2980 1172 3066 σιιγιιοιεήν

59 3077 227 3145 ἐδείδισαν
256 3104 290 3166 p.
321 3079 398 3155 315,
431 3080 483 3145 50.
515 3080 574 3144 sed
605 3078 669 3144 hoc
702 3100 742 3142 ex
777 3073 947 3142 ἐδεδίεσαν
985 3086 1091 3141 ortum
1124 3089 1174 3143 est

59 3179 180 3243 omisso
208 3181 312 3267 epsilo
342 3182 385 3246 ad
416 3180 600 3266 exemplum
626 3200 786 3265 personae
809 3176 943 3264 perfecti
967 3178 1091 3264 primae
1118 3177 1173 3244 δέ·

60 3281 168 3362 διμεν,
189 3275 332 3367 ἔοιγμεν,
350 3277 456 3364 ἴδμεν.
491 3283 614 3348 Verum
629 3279 891 3345 consideratione
907 3280 1006 3365 longe
1024 3279 1174 3367 digniora

59 3379 217 3446 babemus
250 3382 411 3468 adjectiva
444 3382 478 3447 in
511 3368 597 3473 ήεῙ-ς,
632 3404 716 3468 quae
744 3381 772 3446 si
799 3380 833 3445 in
861 3371 903 3470 ᾖ
930 3376 1181 3458 contrahuntur.

58 3483 194 3547 strictim
223 3484 457 3571 aspicientibus
485 3483 629 3573 speciem
657 3505 823 3571 syncopae
846 3482 1014 3568 objiciunt.
1063 3484 1172 3569 Hujus

56 3584 184 3650 numeri
211 3586 471 3672 antiquissimum
500 3597 531 3653 et
559 3586 698 3650 maxime
721 3596 963 3651 controversum
993 3596 1043 3652 est
1065 3591 1171 3674 ιιμής.

57 3688 145 3752 Nam
165 3698 197 3751 et
218 3688 319 3752 semel
339 3687 438 3753 modo
460 3688 579 3774 legitur
596 3687 636 3751 11.
652 3686 717 3751 IX.
729 3686 802 3751 605.
826 3680 943 3753 οὐκέθ’
962 3682 1053 3772 ὁμῶς
1073 3693 1171 3777 τιμῆς

129 3892 173 3958 10)
184 3890 269 3946 Ceres
281 3909 338 3946 non
350 3888 517 3963 simpliciter
526 3888 674 3960 domitrix
685 3884 740 3941 uici
751 3886 843 3960 potuit
854 3890 905 3943 sed
917 3906 979 3944 eum
992 3889 1174 3960 adjunctione

55 3979 133 4045 βοῶν
146 3974 287 4050 σμήνειρα.
322 3976 403 4031 Ηιιεε
421 3975 495 4031 enim
511 3977 565 4029 dea
579 3977 680 4046 prima
691 3973 778 4045 jepta
796 3979 898 4028 tauros
915 3991 1078 4047 supponere
1096 3974 1173 4027 eolla

57 4065 154 4132 coepit
171 4050 476 4125 Ovid.Ambr.111.1⁰‚
489 4062 529 4115 li.
558 4058 613 4114 Pro
627 4054 757 4130 Δημήιηρ
771 4056 927 4130 Δημήιιιρα
942 4059 970 4112 ἰιι
984 4059 1049 4112 ΕΜ.
1060 4058 1120 4120 218,
1131 4059 1172 4111 18.

57 4147 238 4201 scribendum
261 4164 323 4202 esse
343 4142 448 4221 δμηιήρ
468 4142 601 4219 δμήτειρα
625 4147 778 4200 ostendunt
801 4143 955 4199 masculina
976 4141 1019 4196 his
1042 4141 1173 4213 apposita

57 4232 147 4303 σιοιήρ
166 4241 195 4287 et
211 4231 290 4304 ἀνήρ.
325 4234 435 4288 Eodem
452 4239 562 4304 spectat
578 4229 735 4302 Hesychius
752 4225 893 4303 Δμήιειρα
912 4227 1068 4299 capuensi]
1082 4223 1123 4299 (ἢ)
1137 4232 1174 4301 γῆ

57 4315 205 4393 γεννήιρια
227 4319 257 4374 iu
275 4326 318 4376 est
334 4319 419 4375 tellus
436 4335 508 4391 quae
526 4317 627 4373 eaden
646 4315 731 4371 Ceres
752 4314 918 4390 appellatur.
