<?xml version="1.0" encoding="UTF-8"?>
<!DOCTYPE html PUBLIC "-//W3C//DTD XHTML 1.0 Transitional//EN"
    "http://www.w3.org/TR/xhtml1/DTD/xhtml1-transitional.dtd">
<html xmlns="http://www.w3.org/1999/xhtml" xml:lang="en" lang="en">
 <head>
  <title>
</title>
<meta http-equiv="Content-Type" content="text/html;charset=utf-8" />
  <meta name='ocr-system' content='tesseract 3.04.00' />
  <meta name='ocr-capabilities' content='ocr_page ocr_carea ocr_par ocr_line ocrx_word'/>
</head>
<body>
  <div class='ocr_page' id='page_1' title='image "./pathologiaegrae00lobegoog_0280.png"; bbox 0 0 2736 4778; ppageno 0'>
   <div class='ocr_carea' id='block_1_1' title="bbox 198 336 1024 415">
    <p class='ocr_par' dir='ltr' id='par_1_1' title="bbox 198 336 1024 415">
     <span class='ocr_line' id='line_1_1' title="bbox 198 336 1024 415; baseline -0.015 0"><span class='ocrx_word' id='word_1_1' title='bbox 198 338 275 415; x_wconf 78' lang='lat'>274</span> <span class='ocrx_word' id='word_1_2' title='bbox 491 336 812 403; x_wconf 65' lang='lat' dir='ltr'>DlssnRTAulo</span> <span class='ocrx_word' id='word_1_3' title='bbox 841 337 887 402; x_wconf 90' lang='lat' dir='ltr'>Il.</span> <span class='ocrx_word' id='word_1_4' title='bbox 930 338 971 403; x_wconf 88' lang='grc' dir='ltr'>Ρ.</span> <span class='ocrx_word' id='word_1_5' title='bbox 994 336 1024 403; x_wconf 93' lang='grc' dir='ltr'>Ι.</span> 
     </span>
    </p>
   </div>
   <div class='ocr_carea' id='block_1_2' title="bbox 196 520 1320 606">
    <p class='ocr_par' dir='ltr' id='par_1_2' title="bbox 196 520 1320 606">
     <span class='ocr_line' id='line_1_2' title="bbox 196 520 1320 606; baseline 0.005 -20"><span class='ocrx_word' id='word_1_6' title='bbox 196 520 414 587; x_wconf 76' lang='lat' dir='ltr'>consensione</span> <span class='ocrx_word' id='word_1_7' title='bbox 444 544 570 585; x_wconf 83' lang='lat' dir='ltr'>summe</span> <span class='ocrx_word' id='word_1_8' title='bbox 598 520 776 597; x_wconf 89' lang='lat' dir='ltr'>munitum,</span> <span class='ocrx_word' id='word_1_9' title='bbox 804 520 958 606; x_wconf 84' lang='lat' dir='ltr'><strong>idemque</strong></span> <span class='ocrx_word' id='word_1_10' title='bbox 978 521 1014 587; x_wconf 91' lang='lat' dir='ltr'>iu</span> <span class='ocrx_word' id='word_1_11' title='bbox 1032 520 1163 587; x_wconf 88' lang='lat' dir='ltr'>duobus</span> <span class='ocrx_word' id='word_1_12' title='bbox 1180 523 1320 592; x_wconf 82' lang='lat' dir='ltr'>Antho-</span> 
     </span>
    </p>
   </div>
   <div class='ocr_carea' id='block_1_3' title="bbox 170 620 1319 4336">
    <p class='ocr_par' dir='ltr' id='par_1_3' title="bbox 170 620 1319 4336">
     <span class='ocr_line' id='line_1_3' title="bbox 197 620 1319 706; baseline 0.004 -19"><span class='ocrx_word' id='word_1_13' title='bbox 197 621 307 706; x_wconf 77' lang='lat' dir='ltr'>logiae</span> <span class='ocrx_word' id='word_1_14' title='bbox 328 621 409 685; x_wconf 85' lang='lat' dir='ltr'>locis</span> <span class='ocrx_word' id='word_1_15' title='bbox 433 622 498 686; x_wconf 66' lang='lat' dir='ltr'>Dc</span> <span class='ocrx_word' id='word_1_16' title='bbox 519 622 594 687; x_wconf 80' lang='lat'><strong>403.</strong></span> <span class='ocrx_word' id='word_1_17' title='bbox 615 631 649 686; x_wconf 90' lang='lat' dir='ltr'>et</span> <span class='ocrx_word' id='word_1_18' title='bbox 669 620 752 686; x_wconf 86' lang='lat' dir='ltr'><strong>XII.</strong></span> <span class='ocrx_word' id='word_1_19' title='bbox 771 621 842 686; x_wconf 87' lang='grc'><strong>119.</strong></span> <span class='ocrx_word' id='word_1_20' title='bbox 864 621 921 686; x_wconf 93' lang='lat' dir='ltr'>ubi</span> <span class='ocrx_word' id='word_1_21' title='bbox 936 620 1114 689; x_wconf 76' lang='lat' dir='ltr'>Iecobsius</span> <span class='ocrx_word' id='word_1_22' title='bbox 1132 644 1174 687; x_wconf 85' lang='lat' dir='ltr'>ex</span> <span class='ocrx_word' id='word_1_23' title='bbox 1189 622 1319 691; x_wconf 75' lang='lat' dir='ltr'>Schue-</span> 
     </span>
     <span class='ocr_line' id='line_1_4' title="bbox 196 716 1319 809; baseline 0.004 -23"><span class='ocrx_word' id='word_1_24' title='bbox 196 723 257 786; x_wconf 82' lang='lat' dir='ltr'>leri</span> <span class='ocrx_word' id='word_1_25' title='bbox 279 720 409 787; x_wconf 90' lang='lat' dir='ltr'>decreto</span> <span class='ocrx_word' id='word_1_26' title='bbox 435 717 514 809; x_wconf 81' lang='grc' dir='ltr'>ἡγέο</span> <span class='ocrx_word' id='word_1_27' title='bbox 537 721 658 798; x_wconf 85' lang='lat' dir='ltr'>edidit3</span> <span class='ocrx_word' id='word_1_28' title='bbox 681 716 806 806; x_wconf 71' lang='lat' dir='ltr'>inpdyso</span> <span class='ocrx_word' id='word_1_29' title='bbox 828 721 970 787; x_wconf 85' lang='lat' dir='ltr'>Theocr.</span> <span class='ocrx_word' id='word_1_30' title='bbox 995 722 1042 787; x_wconf 87' lang='lat' dir='ltr'>H.</span> <span class='ocrx_word' id='word_1_31' title='bbox 1067 722 1139 788; x_wconf 91' lang='grc'><strong>101.</strong></span> <span class='ocrx_word' id='word_1_32' title='bbox 1182 723 1319 791; x_wconf 74' lang='lat' dir='ltr'>Amer-</span> 
     </span>
     <span class='ocr_line' id='line_1_5' title="bbox 196 819 1319 909; baseline 0.003 -21"><span class='ocrx_word' id='word_1_33' title='bbox 196 824 267 888; x_wconf 89' lang='lat' dir='ltr'>sius</span> <span class='ocrx_word' id='word_1_34' title='bbox 287 823 322 887; x_wconf 90' lang='lat' dir='ltr'>in</span> <span class='ocrx_word' id='word_1_35' title='bbox 344 819 476 909; x_wconf 72' lang='grc' dir='ltr'><strong><em>ἀφαγίο</em></strong></span> <span class='ocrx_word' id='word_1_36' title='bbox 496 821 633 887; x_wconf 78' lang='lat' dir='ltr'>mutavit</span> <span class='ocrx_word' id='word_1_37' title='bbox 654 822 714 887; x_wconf 84' lang='lat' dir='ltr'>ssd</span> <span class='ocrx_word' id='word_1_38' title='bbox 735 822 890 887; x_wconf 78' lang='lat' dir='ltr'>intactum</span> <span class='ocrx_word' id='word_1_39' title='bbox 916 821 1035 887; x_wconf 80' lang='lat' dir='ltr'>mansit</span> <span class='ocrx_word' id='word_1_40' title='bbox 1061 819 1164 906; x_wconf 81' lang='grc' dir='ltr'><em>μίμεο</em></span> <span class='ocrx_word' id='word_1_41' title='bbox 1186 824 1222 889; x_wconf 89' lang='lat' dir='ltr'>in</span> <span class='ocrx_word' id='word_1_42' title='bbox 1244 848 1319 891; x_wconf 76' lang='lat' dir='ltr'>ver·</span> 
     </span>
     <span class='ocr_line' id='line_1_6' title="bbox 198 922 1319 1010; baseline 0.004 -20"><span class='ocrx_word' id='word_1_43' title='bbox 198 923 290 990; x_wconf 84' lang='lat' dir='ltr'>sibus</span> <span class='ocrx_word' id='word_1_44' title='bbox 313 923 476 991; x_wconf 87' lang='lat' dir='ltr'>Simonidi</span> <span class='ocrx_word' id='word_1_45' title='bbox 498 923 671 1010; x_wconf 79' lang='lat' dir='ltr'>adscriptis</span> <span class='ocrx_word' id='word_1_46' title='bbox 697 946 730 1008; x_wconf 92' lang='lat' dir='ltr'>p.</span> <span class='ocrx_word' id='word_1_47' title='bbox 752 923 805 988; x_wconf 75' lang='lat'>57.</span> <span class='ocrx_word' id='word_1_48' title='bbox 836 922 888 988; x_wconf 87' lang='lat' dir='ltr'>ed.</span> <span class='ocrx_word' id='word_1_49' title='bbox 912 922 1117 990; x_wconf 85' lang='lat' dir='ltr'>Schneidew.</span> <span class='ocrx_word' id='word_1_50' title='bbox 1159 925 1226 991; x_wconf 89' lang='lat' dir='ltr'>His</span> <span class='ocrx_word' id='word_1_51' title='bbox 1249 948 1319 995; x_wconf 91' lang='lat' dir='ltr'>nou</span> 
     </span>
     <span class='ocr_line' id='line_1_7' title="bbox 197 1023 1318 1109; baseline 0.001 -18"><span class='ocrx_word' id='word_1_52' title='bbox 197 1025 339 1091; x_wconf 82' lang='lat' dir='ltr'>eliticam</span> <span class='ocrx_word' id='word_1_53' title='bbox 353 1023 500 1089; x_wconf 79' lang='lat' dir='ltr'>vocalem</span> <span class='ocrx_word' id='word_1_54' title='bbox 520 1023 714 1089; x_wconf 75' lang='lat' dir='ltr'>subductam</span> <span class='ocrx_word' id='word_1_55' title='bbox 735 1046 808 1089; x_wconf 87' lang='lat' dir='ltr'>esse</span> <span class='ocrx_word' id='word_1_56' title='bbox 830 1025 891 1090; x_wconf 90' lang='lat' dir='ltr'>sed</span> <span class='ocrx_word' id='word_1_57' title='bbox 908 1046 980 1088; x_wconf 84' lang='lat' dir='ltr'>eam</span> <span class='ocrx_word' id='word_1_58' title='bbox 997 1046 1084 1109; x_wconf 80' lang='lat' dir='ltr'>quoe</span> <span class='ocrx_word' id='word_1_59' title='bbox 1104 1024 1140 1089; x_wconf 91' lang='lat' dir='ltr'>in</span> <span class='ocrx_word' id='word_1_60' title='bbox 1161 1026 1318 1097; x_wconf 73' lang='lat' dir='ltr'>substen-</span> 
     </span>
     <span class='ocr_line' id='line_1_8' title="bbox 198 1123 1317 1212; baseline 0.004 -20"><span class='ocrx_word' id='word_1_61' title='bbox 198 1127 245 1192; x_wconf 80' lang='lat' dir='ltr'>tie</span> <span class='ocrx_word' id='word_1_62' title='bbox 264 1123 355 1192; x_wconf 88' lang='lat' dir='ltr'>verbi</span> <span class='ocrx_word' id='word_1_63' title='bbox 376 1123 577 1202; x_wconf 74' lang='lat' dir='ltr'>continetur,</span> <span class='ocrx_word' id='word_1_64' title='bbox 599 1126 811 1212; x_wconf 75' lang='lat' dir='ltr'>cognoscitur</span> <span class='ocrx_word' id='word_1_65' title='bbox 831 1147 873 1190; x_wconf 84' lang='lat' dir='ltr'>ox</span> <span class='ocrx_word' id='word_1_66' title='bbox 893 1124 1084 1211; x_wconf 76' lang='lat' dir='ltr'>imperativo</span> <span class='ocrx_word' id='word_1_67' title='bbox 1103 1127 1216 1193; x_wconf 74' lang='lat' dir='ltr'>tertiae</span> <span class='ocrx_word' id='word_1_68' title='bbox 1235 1151 1317 1197; x_wconf 88' lang='lat' dir='ltr'>con·</span> 
     </span>
     <span class='ocr_line' id='line_1_9' title="bbox 190 1220 1316 1315; baseline 0.002 -25"><span class='ocrx_word' id='word_1_69' title='bbox 190 1223 374 1312; x_wconf 78' lang='lat' dir='ltr'>jugatiouis</span> <span class='ocrx_word' id='word_1_70' title='bbox 399 1220 590 1301; x_wconf 79' lang='grc' dir='ltr'><strong><em>ἇνακοίιιο,</em></strong></span> <span class='ocrx_word' id='word_1_71' title='bbox 614 1248 712 1315; x_wconf 85' lang='lat' dir='ltr'>quem</span> <span class='ocrx_word' id='word_1_72' title='bbox 731 1228 950 1292; x_wconf 80' lang='lat' dir='ltr'>Buttmannus</span> <span class='ocrx_word' id='word_1_73' title='bbox 972 1225 1117 1292; x_wconf 86' lang='lat' dir='ltr'>Grnmm.</span> <span class='ocrx_word' id='word_1_74' title='bbox 1139 1229 1165 1313; x_wconf 66' lang='grc' dir='ltr'>ς.</span> <span class='ocrx_word' id='word_1_75' title='bbox 1190 1227 1263 1307; x_wconf 76' lang='lat'>105,</span> <span class='ocrx_word' id='word_1_76' title='bbox 1284 1229 1316 1296; x_wconf 85' lang='lat'>8.</span> 
     </span>
     <span class='ocr_line' id='line_1_10' title="bbox 197 1326 1318 1414; baseline 0.004 -21"><span class='ocrx_word' id='word_1_77' title='bbox 197 1327 296 1394; x_wconf 71' lang='lat' dir='ltr'>tacite</span> <span class='ocrx_word' id='word_1_78' title='bbox 317 1335 546 1414; x_wconf 74' lang='lat' dir='ltr'>paroxytonou</span> <span class='ocrx_word' id='word_1_79' title='bbox 570 1326 657 1392; x_wconf 85' lang='lat' dir='ltr'>lecit.</span> <span class='ocrx_word' id='word_1_80' title='bbox 700 1326 790 1392; x_wconf 89' lang='lat' dir='ltr'>Huic</span> <span class='ocrx_word' id='word_1_81' title='bbox 811 1349 946 1392; x_wconf 90' lang='lat' dir='ltr'>numero</span> <span class='ocrx_word' id='word_1_82' title='bbox 968 1328 1197 1394; x_wconf 73' lang='lat' dir='ltr'>Herodianum</span> <span class='ocrx_word' id='word_1_83' title='bbox 1218 1330 1318 1397; x_wconf 81' lang='lat' dir='ltr'>etium</span> 
     </span>
     <span class='ocr_line' id='line_1_11' title="bbox 198 1423 1317 1517; baseline 0.003 -22"><span class='ocrx_word' id='word_1_84' title='bbox 198 1428 397 1496; x_wconf 87' lang='lat' dir='ltr'>homericum</span> <span class='ocrx_word' id='word_1_85' title='bbox 415 1423 509 1493; x_wconf 78' lang='grc' dir='ltr'><strong><em>αἴδεο</em></strong></span> <span class='ocrx_word' id='word_1_86' title='bbox 526 1427 686 1512; x_wconf 70' lang='lat' dir='ltr'>adjecisse</span> <span class='ocrx_word' id='word_1_87' title='bbox 701 1451 769 1493; x_wconf 93' lang='lat' dir='ltr'>nou</span> <span class='ocrx_word' id='word_1_88' title='bbox 785 1439 835 1493; x_wconf 82' lang='lat' dir='ltr'>sat</span> <span class='ocrx_word' id='word_1_89' title='bbox 853 1428 939 1493; x_wconf 80' lang='lat' dir='ltr'>clare</span> <span class='ocrx_word' id='word_1_90' title='bbox 955 1429 1134 1495; x_wconf 83' lang='lat' dir='ltr'>ostendunt</span> <span class='ocrx_word' id='word_1_91' title='bbox 1150 1440 1317 1517; x_wconf 67' lang='lat' dir='ltr'>postremo</span> 
     </span>
     <span class='ocr_line' id='line_1_12' title="bbox 196 1526 1313 1615; baseline 0.004 -19"><span class='ocrx_word' id='word_1_92' title='bbox 196 1531 283 1597; x_wconf 88' lang='lat' dir='ltr'>illius</span> <span class='ocrx_word' id='word_1_93' title='bbox 304 1528 421 1595; x_wconf 85' lang='lat' dir='ltr'>scholii</span> <span class='ocrx_word' id='word_1_94' title='bbox 443 1526 542 1592; x_wconf 82' lang='lat' dir='ltr'>verba</span> <span class='ocrx_word' id='word_1_95' title='bbox 566 1528 672 1594; x_wconf 81' lang='lat' dir='ltr'>allatis</span> <span class='ocrx_word' id='word_1_96' title='bbox 694 1529 917 1615; x_wconf 66' lang='lat' dir='ltr'>proximanti</span> <span class='ocrx_word' id='word_1_97' title='bbox 940 1531 1055 1610; x_wconf 79' lang='grc' dir='ltr'><strong><em>μέντοι</em></strong></span> <span class='ocrx_word' id='word_1_98' title='bbox 1078 1526 1173 1597; x_wconf 81' lang='grc' dir='ltr'><strong><em>αἴδεο</em></strong></span> <span class='ocrx_word' id='word_1_99' title='bbox 1195 1532 1254 1600; x_wconf 85' lang='grc' dir='ltr'>καί</span> <span class='ocrx_word' id='word_1_100' title='bbox 1271 1531 1313 1600; x_wconf 74' lang='grc' dir='ltr'>τὰ</span> 
     </span>
     <span class='ocr_line' id='line_1_13' title="bbox 196 1621 1310 1717; baseline 0.002 -19"><span class='ocrx_word' id='word_1_101' title='bbox 196 1635 337 1699; x_wconf 75' lang='grc' dir='ltr'><strong><em>τοιαῦτα</em></strong></span> <span class='ocrx_word' id='word_1_102' title='bbox 360 1633 418 1717; x_wconf 73' lang='grc' dir='ltr'>τῆς</span> <span class='ocrx_word' id='word_1_103' title='bbox 439 1623 575 1715; x_wconf 75' lang='grc' dir='ltr'><strong><em>πρώτης</em></strong></span> <span class='ocrx_word' id='word_1_104' title='bbox 600 1621 680 1697; x_wconf 62' lang='grc' dir='ltr'>ὄντα</span> <span class='ocrx_word' id='word_1_105' title='bbox 703 1630 860 1713; x_wconf 74' lang='grc' dir='ltr'>συζυγίας</span> <span class='ocrx_word' id='word_1_106' title='bbox 879 1634 946 1695; x_wconf 76' lang='grc' dir='ltr'>τῶν</span> <span class='ocrx_word' id='word_1_107' title='bbox 966 1632 1233 1711; x_wconf 77' lang='grc' dir='ltr'>περισπωμένων</span> <span class='ocrx_word' id='word_1_108' title='bbox 1253 1627 1310 1700; x_wconf 74' lang='grc' dir='ltr'>ἴλ-</span> 
     </span>
     <span class='ocr_line' id='line_1_14' title="bbox 198 1725 1314 1823; baseline 0 -24"><span class='ocrx_word' id='word_1_109' title='bbox 198 1736 258 1820; x_wconf 81' lang='grc' dir='ltr'>λης</span> <span class='ocrx_word' id='word_1_110' title='bbox 279 1725 458 1810; x_wconf 75' lang='grc' dir='ltr'><strong><em>ἀναλογίας</em></strong></span> <span class='ocrx_word' id='word_1_111' title='bbox 480 1726 601 1823; x_wconf 74' lang='grc' dir='ltr'>ἔχεται.</span> <span class='ocrx_word' id='word_1_112' title='bbox 636 1728 703 1793; x_wconf 92' lang='lat' dir='ltr'>Hic</span> <span class='ocrx_word' id='word_1_113' title='bbox 719 1730 747 1795; x_wconf 88' lang='lat' dir='ltr'>si</span> <span class='ocrx_word' id='word_1_114' title='bbox 768 1729 976 1814; x_wconf 78' lang='lat' dir='ltr'>negotionem</span> <span class='ocrx_word' id='word_1_115' title='bbox 998 1729 1170 1796; x_wconf 83' lang='lat' dir='ltr'>inserimus</span> <span class='ocrx_word' id='word_1_116' title='bbox 1193 1727 1234 1799; x_wconf 83' lang='grc' dir='ltr'>οίι</span> <span class='ocrx_word' id='word_1_117' title='bbox 1254 1734 1314 1818; x_wconf 77' lang='grc' dir='ltr'>τῆς</span> 
     </span>
     <span class='ocr_line' id='line_1_15' title="bbox 199 1826 1316 1921; baseline 0.001 -23"><span class='ocrx_word' id='word_1_118' title='bbox 199 1828 351 1918; x_wconf 74' lang='grc' dir='ltr'>πρῶτος,</span> <span class='ocrx_word' id='word_1_119' title='bbox 369 1829 429 1921; x_wconf 88' lang='lat' dir='ltr'>ille</span> <span class='ocrx_word' id='word_1_120' title='bbox 451 1828 493 1892; x_wconf 92' lang='lat' dir='ltr'>de</span> <span class='ocrx_word' id='word_1_121' title='bbox 514 1827 614 1895; x_wconf 86' lang='lat' dir='ltr'>verbo</span> <span class='ocrx_word' id='word_1_122' title='bbox 639 1828 798 1914; x_wconf 78' lang='lat' dir='ltr'>berytono</span> <span class='ocrx_word' id='word_1_123' title='bbox 821 1826 960 1912; x_wconf 85' lang='grc' dir='ltr'><strong><em>αἴδομαι</em></strong></span> <span class='ocrx_word' id='word_1_124' title='bbox 982 1830 1138 1914; x_wconf 76' lang='lat' dir='ltr'>loquutus</span> <span class='ocrx_word' id='word_1_125' title='bbox 1160 1839 1219 1896; x_wconf 90' lang='lat' dir='ltr'>est.</span> <span class='ocrx_word' id='word_1_126' title='bbox 1252 1832 1316 1899; x_wconf 85' lang='lat' dir='ltr'>sin</span> 
     </span>
     <span class='ocr_line' id='line_1_16' title="bbox 197 1926 1314 2016; baseline 0 -18"><span class='ocrx_word' id='word_1_127' title='bbox 197 1934 241 1998; x_wconf 90' lang='lat' dir='ltr'>de</span> <span class='ocrx_word' id='word_1_128' title='bbox 269 1926 442 2012; x_wconf 79' lang='grc' dir='ltr'><strong><em>αἰδέομαι,</em></strong></span> <span class='ocrx_word' id='word_1_129' title='bbox 471 1928 507 1994; x_wconf 91' lang='lat' dir='ltr'>id</span> <span class='ocrx_word' id='word_1_130' title='bbox 534 1940 634 2016; x_wconf 83' lang='lat' dir='ltr'>neget</span> <span class='ocrx_word' id='word_1_131' title='bbox 662 1952 736 1997; x_wconf 87' lang='lat' dir='ltr'>oum</span> <span class='ocrx_word' id='word_1_132' title='bbox 765 1931 904 2010; x_wconf 77' lang='grc' dir='ltr'><strong><em>κλέομαι</em></strong></span> <span class='ocrx_word' id='word_1_133' title='bbox 932 1932 1083 1998; x_wconf 89' lang='lat' dir='ltr'>omnibus</span> <span class='ocrx_word' id='word_1_134' title='bbox 1110 1931 1207 1999; x_wconf 86' lang='lat' dir='ltr'>rebus</span> <span class='ocrx_word' id='word_1_135' title='bbox 1231 1955 1314 1998; x_wconf 85' lang='lat' dir='ltr'>con·</span> 
     </span>
     <span class='ocr_line' id='line_1_17' title="bbox 196 2029 1315 2115; baseline -0.002 -16"><span class='ocrx_word' id='word_1_136' title='bbox 196 2032 323 2107; x_wconf 81' lang='lat' dir='ltr'>venire3</span> <span class='ocrx_word' id='word_1_137' title='bbox 353 2029 418 2096; x_wconf 88' lang='lat' dir='ltr'>lroc</span> <span class='ocrx_word' id='word_1_138' title='bbox 443 2030 594 2096; x_wconf 90' lang='lat' dir='ltr'>nimirum</span> <span class='ocrx_word' id='word_1_139' title='bbox 622 2045 672 2098; x_wconf 89' lang='lat' dir='ltr'>est</span> <span class='ocrx_word' id='word_1_140' title='bbox 694 2041 806 2097; x_wconf 77' lang='lat' dir='ltr'>sextae</span> <span class='ocrx_word' id='word_1_141' title='bbox 826 2029 1060 2115; x_wconf 83' lang='lat' dir='ltr'>berytouorum</span> <span class='ocrx_word' id='word_1_142' title='bbox 1081 2031 1210 2109; x_wconf 75' lang='lat' dir='ltr'>classis,</span> <span class='ocrx_word' id='word_1_143' title='bbox 1229 2031 1315 2107; x_wconf 81' lang='lat' dir='ltr'>illud</span> 
     </span>
     <span class='ocr_line' id='line_1_18' title="bbox 197 2126 1312 2221; baseline 0 -23"><span class='ocrx_word' id='word_1_144' title='bbox 197 2135 320 2221; x_wconf 79' lang='lat' dir='ltr'>primae</span> <span class='ocrx_word' id='word_1_145' title='bbox 341 2132 606 2219; x_wconf 76' lang='lat' dir='ltr'>perispomeuou.</span> <span class='ocrx_word' id='word_1_146' title='bbox 650 2134 709 2200; x_wconf 83' lang='lat' dir='ltr'>Ad</span> <span class='ocrx_word' id='word_1_147' title='bbox 724 2132 907 2217; x_wconf 77' lang='lat' dir='ltr'>berytonon</span> <span class='ocrx_word' id='word_1_148' title='bbox 920 2132 1062 2216; x_wconf 85' lang='lat' dir='ltr'>pertinet</span> <span class='ocrx_word' id='word_1_149' title='bbox 1082 2128 1177 2199; x_wconf 74' lang='grc' dir='ltr'><strong><em>αἴδεο</em></strong></span> <span class='ocrx_word' id='word_1_150' title='bbox 1198 2126 1248 2197; x_wconf 78' lang='lat' dir='ltr'>ter</span> <span class='ocrx_word' id='word_1_151' title='bbox 1261 2154 1312 2198; x_wconf 89' lang='lat' dir='ltr'>re·</span> 
     </span>
     <span class='ocr_line' id='line_1_19' title="bbox 199 2229 1313 2322; baseline 0.002 -23"><span class='ocrx_word' id='word_1_152' title='bbox 199 2234 337 2322; x_wconf 88' lang='lat' dir='ltr'>petitum</span> <span class='ocrx_word' id='word_1_153' title='bbox 360 2233 431 2297; x_wconf 90' lang='lat' dir='ltr'>siue</span> <span class='ocrx_word' id='word_1_154' title='bbox 455 2235 521 2298; x_wconf 82' lang='lat' dir='ltr'>ulle</span> <span class='ocrx_word' id='word_1_155' title='bbox 541 2234 697 2300; x_wconf 88' lang='lat' dir='ltr'>librorum</span> <span class='ocrx_word' id='word_1_156' title='bbox 718 2232 952 2318; x_wconf 79' lang='lat' dir='ltr'>discrepantis,</span> <span class='ocrx_word' id='word_1_157' title='bbox 979 2233 1023 2296; x_wconf 80' lang='lat' dir='ltr'>ud</span> <span class='ocrx_word' id='word_1_158' title='bbox 1045 2232 1181 2298; x_wconf 80' lang='lat' dir='ltr'>alterum</span> <span class='ocrx_word' id='word_1_159' title='bbox 1203 2229 1313 2301; x_wconf 75' lang='grc' dir='ltr'><strong><em>αἰδεῖο</em></strong></span> 
     </span>
     <span class='ocr_line' id='line_1_20' title="bbox 201 2331 1313 2416; baseline -0.003 -14"><span class='ocrx_word' id='word_1_160' title='bbox 201 2334 269 2403; x_wconf 91' lang='lat' dir='ltr'>Od.</span> <span class='ocrx_word' id='word_1_161' title='bbox 290 2333 355 2399; x_wconf 90' lang='lat' dir='ltr'>IX.</span> <span class='ocrx_word' id='word_1_162' title='bbox 377 2333 450 2399; x_wconf 79' lang='grc'><strong>269.</strong></span> <span class='ocrx_word' id='word_1_163' title='bbox 481 2356 522 2398; x_wconf 82' lang='lat' dir='ltr'>ex</span> <span class='ocrx_word' id='word_1_164' title='bbox 550 2331 662 2402; x_wconf 78' lang='grc' dir='ltr'><strong><em>αἰδέεο</em></strong></span> <span class='ocrx_word' id='word_1_165' title='bbox 684 2343 886 2399; x_wconf 77' lang='lat' dir='ltr'>contractum</span> <span class='ocrx_word' id='word_1_166' title='bbox 904 2344 941 2398; x_wconf 88' lang='lat' dir='ltr'>ut</span> <span class='ocrx_word' id='word_1_167' title='bbox 962 2339 1104 2416; x_wconf 69' lang='lat' dir='ltr'>perdulce</span> <span class='ocrx_word' id='word_1_168' title='bbox 1126 2343 1159 2398; x_wconf 84' lang='lat' dir='ltr'>et</span> <span class='ocrx_word' id='word_1_169' title='bbox 1181 2332 1313 2399; x_wconf 71' lang='lat' dir='ltr'>nomine</span> 
     </span>
     <span class='ocr_line' id='line_1_21' title="bbox 199 2429 1311 2519; baseline -0.003 -16"><span class='ocrx_word' id='word_1_170' title='bbox 199 2439 309 2512; x_wconf 78' lang='grc' dir='ltr'>κλιῐα,</span> <span class='ocrx_word' id='word_1_171' title='bbox 330 2429 491 2518; x_wconf 75' lang='grc' dir='ltr'>εδρρεῖος,</span> <span class='ocrx_word' id='word_1_172' title='bbox 512 2456 699 2519; x_wconf 80' lang='lat' dir='ltr'>quanquam</span> <span class='ocrx_word' id='word_1_173' title='bbox 714 2432 907 2500; x_wconf 77' lang='lat' dir='ltr'>Eustethius</span> <span class='ocrx_word' id='word_1_174' title='bbox 931 2432 1029 2511; x_wconf 84' lang='lat'>1361,</span> <span class='ocrx_word' id='word_1_175' title='bbox 1047 2434 1099 2499; x_wconf 84' lang='lat'>34.</span> <span class='ocrx_word' id='word_1_176' title='bbox 1123 2434 1160 2498; x_wconf 91' lang='lat' dir='ltr'>id</span> <span class='ocrx_word' id='word_1_177' title='bbox 1179 2454 1311 2519; x_wconf 84' lang='lat' dir='ltr'>quoque</span> 
     </span>
     <span class='ocr_line' id='line_1_22' title="bbox 199 2522 1311 2620; baseline -0.003 -17"><span class='ocrx_word' id='word_1_178' title='bbox 199 2561 241 2603; x_wconf 87' lang='lat' dir='ltr'>ex</span> <span class='ocrx_word' id='word_1_179' title='bbox 265 2533 360 2603; x_wconf 81' lang='grc' dir='ltr'><strong><em>αἴδεο</em></strong></span> <span class='ocrx_word' id='word_1_180' title='bbox 379 2534 498 2599; x_wconf 81' lang='lat' dir='ltr'>lectum</span> <span class='ocrx_word' id='word_1_181' title='bbox 520 2545 631 2600; x_wconf 86' lang='lat' dir='ltr'>censet</span> <span class='ocrx_word' id='word_1_182' title='bbox 656 2534 832 2603; x_wconf 72' lang='grc' dir='ltr'><strong><em>ἕπεοδέσει</em></strong></span> <span class='ocrx_word' id='word_1_183' title='bbox 858 2537 918 2601; x_wconf 79' lang='grc' dir='ltr'><strong><em>τοί)</em></strong></span> <span class='ocrx_word' id='word_1_184' title='bbox 946 2522 1044 2600; x_wconf 64' lang='lat' dir='ltr'>Inui</span> <span class='ocrx_word' id='word_1_185' title='bbox 1070 2535 1311 2620; x_wconf 78' lang='grc' dir='ltr'><strong><em>καταβιβαομρί</em></strong></span> 
     </span>
     <span class='ocr_line' id='line_1_23' title="bbox 199 2631 1312 2721; baseline -0.004 -18"><span class='ocrx_word' id='word_1_186' title='bbox 199 2641 260 2705; x_wconf 77' lang='grc' dir='ltr'>τοῦ</span> <span class='ocrx_word' id='word_1_187' title='bbox 292 2631 406 2708; x_wconf 66' lang='grc' dir='ltr'>τόνον,</span> <span class='ocrx_word' id='word_1_188' title='bbox 440 2635 497 2717; x_wconf 90' lang='lat' dir='ltr'>qui</span> <span class='ocrx_word' id='word_1_189' title='bbox 529 2634 770 2700; x_wconf 80' lang='lat' dir='ltr'>catabibesmus</span> <span class='ocrx_word' id='word_1_190' title='bbox 798 2657 866 2699; x_wconf 93' lang='lat' dir='ltr'>non</span> <span class='ocrx_word' id='word_1_191' title='bbox 894 2644 1031 2721; x_wconf 85' lang='lat' dir='ltr'>apparet</span> <span class='ocrx_word' id='word_1_192' title='bbox 1058 2634 1092 2698; x_wconf 93' lang='lat' dir='ltr'>in</span> <span class='ocrx_word' id='word_1_193' title='bbox 1121 2632 1312 2720; x_wconf 76' lang='lat' dir='ltr'>imperativo</span> 
     </span>
     <span class='ocr_line' id='line_1_24' title="bbox 170 2733 1312 2820; baseline -0.004 -16"><span class='ocrx_word' id='word_1_194' title='bbox 170 2736 293 2820; x_wconf 63' lang='grc' dir='ltr'>Ιἔρειο</span> <span class='ocrx_word' id='word_1_195' title='bbox 318 2734 358 2798; x_wconf 92' lang='lat' dir='ltr'>Il.</span> <span class='ocrx_word' id='word_1_196' title='bbox 386 2733 451 2798; x_wconf 90' lang='lat' dir='ltr'>XI.</span> <span class='ocrx_word' id='word_1_197' title='bbox 480 2735 554 2801; x_wconf 90' lang='grc'><strong>611.</strong></span> <span class='ocrx_word' id='word_1_198' title='bbox 586 2736 649 2801; x_wconf 91' lang='lat' dir='ltr'>nisi</span> <span class='ocrx_word' id='word_1_199' title='bbox 677 2736 712 2799; x_wconf 93' lang='lat' dir='ltr'>in</span> <span class='ocrx_word' id='word_1_200' title='bbox 741 2735 866 2820; x_wconf 81' lang='lat' dir='ltr'>aliquot</span> <span class='ocrx_word' id='word_1_201' title='bbox 891 2735 979 2800; x_wconf 85' lang='lat' dir='ltr'>Edd.</span> <span class='ocrx_word' id='word_1_202' title='bbox 1000 2734 1153 2820; x_wconf 77' lang='lat' dir='ltr'>antiquis.</span> <span class='ocrx_word' id='word_1_203' title='bbox 1195 2734 1238 2798; x_wconf 90' lang='lat' dir='ltr'>In</span> <span class='ocrx_word' id='word_1_204' title='bbox 1258 2752 1312 2800; x_wconf 76' lang='lat' dir='ltr'>uc·</span> 
     </span>
     <span class='ocr_line' id='line_1_25' title="bbox 200 2831 1312 2921; baseline -0.002 -20"><span class='ocrx_word' id='word_1_205' title='bbox 200 2846 297 2902; x_wconf 86' lang='lat' dir='ltr'>centu</span> <span class='ocrx_word' id='word_1_206' title='bbox 327 2835 508 2921; x_wconf 80' lang='lat' dir='ltr'>imperativi</span> <span class='ocrx_word' id='word_1_207' title='bbox 537 2831 703 2921; x_wconf 76' lang='grc' dir='ltr'><strong><em>ἀποαίρεο</em></strong></span> <span class='ocrx_word' id='word_1_208' title='bbox 731 2836 771 2901; x_wconf 94' lang='lat' dir='ltr'>Il.</span> <span class='ocrx_word' id='word_1_209' title='bbox 798 2838 825 2902; x_wconf 96' lang='lat' dir='ltr'>I.</span> <span class='ocrx_word' id='word_1_210' title='bbox 849 2836 922 2903; x_wconf 81' lang='grc'><strong>275.</strong></span> <span class='ocrx_word' id='word_1_211' title='bbox 951 2858 1018 2901; x_wconf 92' lang='lat' dir='ltr'>non</span> <span class='ocrx_word' id='word_1_212' title='bbox 1045 2857 1157 2900; x_wconf 89' lang='lat' dir='ltr'>omnes</span> <span class='ocrx_word' id='word_1_213' title='bbox 1180 2833 1312 2921; x_wconf 90' lang='lat' dir='ltr'>conspi-</span> 
     </span>
     <span class='ocr_line' id='line_1_26' title="bbox 199 2933 1313 3023; baseline -0.004 -19"><span class='ocrx_word' id='word_1_214' title='bbox 199 2959 289 3004; x_wconf 83' lang='lat' dir='ltr'>rasse</span> <span class='ocrx_word' id='word_1_215' title='bbox 319 2949 457 3023; x_wconf 79' lang='lat' dir='ltr'>apparet</span> <span class='ocrx_word' id='word_1_216' title='bbox 479 2960 521 3003; x_wconf 88' lang='lat' dir='ltr'>ex</span> <span class='ocrx_word' id='word_1_217' title='bbox 546 2938 627 3003; x_wconf 83' lang='lat' dir='ltr'>EM.</span> <span class='ocrx_word' id='word_1_218' title='bbox 658 2936 733 3015; x_wconf 84' lang='grc'><strong>126,</strong></span> <span class='ocrx_word' id='word_1_219' title='bbox 761 2937 810 3002; x_wconf 89' lang='grc'>18.</span> <span class='ocrx_word' id='word_1_220' title='bbox 840 2933 910 3007; x_wconf 78' lang='grc' dir='ltr'>ἀπὸ</span> <span class='ocrx_word' id='word_1_221' title='bbox 943 2941 1004 3004; x_wconf 78' lang='grc' dir='ltr'>τοῦ</span> <span class='ocrx_word' id='word_1_222' title='bbox 1036 2935 1196 3021; x_wconf 67' lang='grc' dir='ltr'><strong><em>αἱροῦμαι</em></strong></span> <span class='ocrx_word' id='word_1_223' title='bbox 1227 2934 1313 3002; x_wconf 75' lang='grc' dir='ltr'>κατὰ</span> 
     </span>
     <span class='ocr_line' id='line_1_27' title="bbox 200 3033 1311 3126; baseline -0.005 -18"><span class='ocrx_word' id='word_1_224' title='bbox 200 3037 353 3108; x_wconf 76' lang='grc' dir='ltr'><strong><em>διάλυσιν</em></strong></span> <span class='ocrx_word' id='word_1_225' title='bbox 374 3036 469 3123; x_wconf 80' lang='grc' dir='ltr'><strong><em>αίρέο</em></strong></span> <span class='ocrx_word' id='word_1_226' title='bbox 491 3048 525 3104; x_wconf 90' lang='lat' dir='ltr'>et</span> <span class='ocrx_word' id='word_1_227' title='bbox 543 3039 654 3126; x_wconf 83' lang='lat' dir='ltr'>Epim.</span> <span class='ocrx_word' id='word_1_228' title='bbox 677 3039 704 3104; x_wconf 94' lang='lat' dir='ltr'>I.</span> <span class='ocrx_word' id='word_1_229' title='bbox 728 3039 781 3105; x_wconf 89' lang='grc'>24.</span> <span class='ocrx_word' id='word_1_230' title='bbox 804 3033 952 3106; x_wconf 78' lang='grc' dir='ltr'><strong><em>ἀπὸτοῦ</em></strong></span> <span class='ocrx_word' id='word_1_231' title='bbox 980 3033 1075 3122; x_wconf 83' lang='grc' dir='ltr'><strong><em>αἴρεο</em></strong></span> <span class='ocrx_word' id='word_1_232' title='bbox 1103 3037 1183 3122; x_wconf 84' lang='lat' dir='ltr'>(scr.</span> <span class='ocrx_word' id='word_1_233' title='bbox 1210 3033 1311 3124; x_wconf 77' lang='grc' dir='ltr'><strong><em>αίριίι)</em></strong></span> 
     </span>
     <span class='ocr_line' id='line_1_28' title="bbox 198 3131 1315 3228; baseline -0.006 -20"><span class='ocrx_word' id='word_1_234' title='bbox 198 3143 237 3209; x_wconf 77' lang='grc' dir='ltr'>οδ</span> <span class='ocrx_word' id='word_1_235' title='bbox 261 3140 502 3224; x_wconf 75' lang='grc' dir='ltr'><strong><em>προςτακιικὸν</em></strong></span> <span class='ocrx_word' id='word_1_236' title='bbox 524 3136 623 3228; x_wconf 86' lang='grc' dir='ltr'><strong><em>αἴρου</em></strong></span> <span class='ocrx_word' id='word_1_237' title='bbox 645 3137 781 3227; x_wconf 73' lang='grc' dir='ltr'><strong><em>(αἱροῦ)</em></strong></span> <span class='ocrx_word' id='word_1_238' title='bbox 800 3138 856 3205; x_wconf 83' lang='grc' dir='ltr'>καί</span> <span class='ocrx_word' id='word_1_239' title='bbox 871 3137 956 3205; x_wconf 80' lang='grc' dir='ltr'><strong><em>κατὰ</em></strong></span> <span class='ocrx_word' id='word_1_240' title='bbox 972 3136 1125 3204; x_wconf 76' lang='grc' dir='ltr'><strong><em>διάλυσιν</em></strong></span> <span class='ocrx_word' id='word_1_241' title='bbox 1145 3131 1238 3220; x_wconf 77' lang='grc' dir='ltr'><strong><em>αἴριο</em></strong></span> <span class='ocrx_word' id='word_1_242' title='bbox 1257 3136 1315 3202; x_wconf 78' lang='grc' dir='ltr'>καί</span> 
     </span>
     <span class='ocr_line' id='line_1_29' title="bbox 198 3234 1313 3325; baseline -0.01 -15"><span class='ocrx_word' id='word_1_243' title='bbox 198 3239 376 3325; x_wconf 80' lang='grc' dir='ltr'><strong><em>ἆποαίρεο.</em></strong></span> <span class='ocrx_word' id='word_1_244' title='bbox 419 3240 467 3303; x_wconf 91' lang='lat' dir='ltr'>Hi</span> <span class='ocrx_word' id='word_1_245' title='bbox 490 3241 568 3325; x_wconf 82' lang='lat' dir='ltr'>quio</span> <span class='ocrx_word' id='word_1_246' title='bbox 588 3240 719 3319; x_wconf 78' lang='grc' dir='ltr'><strong><em>λίσσεο,</em></strong></span> <span class='ocrx_word' id='word_1_247' title='bbox 749 3239 877 3305; x_wconf 88' lang='lat' dir='ltr'>sicum</span> <span class='ocrx_word' id='word_1_248' title='bbox 904 3239 1023 3305; x_wconf 76' lang='lat' dir='ltr'>usitato</span> <span class='ocrx_word' id='word_1_249' title='bbox 1046 3234 1164 3305; x_wconf 80' lang='grc' dir='ltr'><strong><em>λίσσοο</em></strong></span> <span class='ocrx_word' id='word_1_250' title='bbox 1184 3234 1313 3302; x_wconf 86' lang='lat' dir='ltr'>conier-</span> 
     </span>
     <span class='ocr_line' id='line_1_30' title="bbox 199 3336 1313 3426; baseline -0.005 -19"><span class='ocrx_word' id='word_1_251' title='bbox 199 3354 268 3418; x_wconf 85' lang='lat' dir='ltr'>tur‚</span> <span class='ocrx_word' id='word_1_252' title='bbox 296 3339 447 3404; x_wconf 76' lang='lat' dir='ltr'>dissoluti</span> <span class='ocrx_word' id='word_1_253' title='bbox 477 3340 621 3426; x_wconf 87' lang='lat' dir='ltr'>speeiem</span> <span class='ocrx_word' id='word_1_254' title='bbox 650 3339 764 3416; x_wconf 85' lang='lat' dir='ltr'>offert,</span> <span class='ocrx_word' id='word_1_255' title='bbox 792 3338 876 3405; x_wconf 76' lang='lat' dir='ltr'>hune</span> <span class='ocrx_word' id='word_1_256' title='bbox 902 3340 1042 3424; x_wconf 80' lang='lat' dir='ltr'>dialysin</span> <span class='ocrx_word' id='word_1_257' title='bbox 1068 3338 1250 3424; x_wconf 82' lang='lat' dir='ltr'>improu&#39;de</span> <span class='ocrx_word' id='word_1_258' title='bbox 1271 3336 1313 3401; x_wconf 80' lang='lat' dir='ltr'>ed</span> 
     </span>
     <span class='ocr_line' id='line_1_31' title="bbox 199 3437 1313 3529; baseline -0.005 -22"><span class='ocrx_word' id='word_1_259' title='bbox 199 3443 453 3529; x_wconf 87' lang='lat' dir='ltr'>perispomenon</span> <span class='ocrx_word' id='word_1_260' title='bbox 477 3439 575 3524; x_wconf 82' lang='grc' dir='ltr'><strong><em>αίροῖι</em></strong></span> <span class='ocrx_word' id='word_1_261' title='bbox 595 3440 837 3506; x_wconf 73' lang='lat' dir='ltr'>nnnstsderunt.</span> <span class='ocrx_word' id='word_1_262' title='bbox 880 3442 966 3506; x_wconf 78' lang='lat' dir='ltr'>Nam</span> <span class='ocrx_word' id='word_1_263' title='bbox 987 3441 1078 3526; x_wconf 84' lang='lat' dir='ltr'>quod</span> <span class='ocrx_word' id='word_1_264' title='bbox 1099 3437 1313 3505; x_wconf 77' lang='lat' dir='ltr'>Tlrierschius</span> 
     </span>
     <span class='ocr_line' id='line_1_32' title="bbox 200 3537 1313 3628; baseline -0.005 -21"><span class='ocrx_word' id='word_1_265' title='bbox 200 3543 383 3628; x_wconf 79' lang='lat' dir='ltr'>suspicatur</span> <span class='ocrx_word' id='word_1_266' title='bbox 411 3540 446 3605; x_wconf 90' lang='lat' dir='ltr'>in</span> <span class='ocrx_word' id='word_1_267' title='bbox 475 3540 619 3606; x_wconf 73' lang='lat' dir='ltr'>Gramm.</span> <span class='ocrx_word' id='word_1_268' title='bbox 642 3543 668 3624; x_wconf 64' lang='lat' dir='ltr'>d.</span> <span class='ocrx_word' id='word_1_269' title='bbox 697 3542 771 3605; x_wconf 85' lang='grc'><strong>221.</strong></span> <span class='ocrx_word' id='word_1_270' title='bbox 798 3562 830 3605; x_wconf 90' lang='lat' dir='ltr'>u.</span> <span class='ocrx_word' id='word_1_271' title='bbox 860 3541 911 3606; x_wconf 76' lang='lat'>78.</span> <span class='ocrx_word' id='word_1_272' title='bbox 942 3541 1038 3628; x_wconf 89' lang='lat' dir='ltr'>hujus</span> <span class='ocrx_word' id='word_1_273' title='bbox 1066 3562 1198 3627; x_wconf 90' lang='lat' dir='ltr'>quoque</span> <span class='ocrx_word' id='word_1_274' title='bbox 1223 3537 1313 3606; x_wconf 85' lang='lat' dir='ltr'>verbi</span> 
     </span>
     <span class='ocr_line' id='line_1_33' title="bbox 200 3638 1311 3729; baseline -0.002 -21"><span class='ocrx_word' id='word_1_275' title='bbox 200 3643 364 3727; x_wconf 85' lang='lat' dir='ltr'>duplicem</span> <span class='ocrx_word' id='word_1_276' title='bbox 377 3642 478 3706; x_wconf 84' lang='lat' dir='ltr'>fuisse</span> <span class='ocrx_word' id='word_1_277' title='bbox 501 3641 758 3707; x_wconf 76' lang='lat' dir='ltr'>terminationem</span> <span class='ocrx_word' id='word_1_278' title='bbox 781 3638 884 3726; x_wconf 79' lang='grc' dir='ltr'><strong><em>αἱρέιο</em></strong></span> <span class='ocrx_word' id='word_1_279' title='bbox 905 3654 938 3707; x_wconf 91' lang='lat' dir='ltr'>et</span> <span class='ocrx_word' id='word_1_280' title='bbox 960 3644 1054 3729; x_wconf 71' lang='grc' dir='ltr'><strong><em>αἴρω,</em></strong></span> <span class='ocrx_word' id='word_1_281' title='bbox 1078 3641 1139 3707; x_wconf 86' lang='lat' dir='ltr'>etsi</span> <span class='ocrx_word' id='word_1_282' title='bbox 1153 3641 1311 3726; x_wconf 74' lang='lat' dir='ltr'>quodum·</span> 
     </span>
     <span class='ocr_line' id='line_1_34' title="bbox 198 3738 1312 3828; baseline -0.006 -17"><span class='ocrx_word' id='word_1_283' title='bbox 198 3743 299 3811; x_wconf 90' lang='lat' dir='ltr'>modo</span> <span class='ocrx_word' id='word_1_284' title='bbox 316 3742 522 3807; x_wconf 78' lang='lat' dir='ltr'>confirmatur</span> <span class='ocrx_word' id='word_1_285' title='bbox 536 3743 697 3828; x_wconf 79' lang='lat' dir='ltr'>contagiis</span> <span class='ocrx_word' id='word_1_286' title='bbox 712 3740 885 3807; x_wconf 87' lang='lat' dir='ltr'>verborum</span> <span class='ocrx_word' id='word_1_287' title='bbox 898 3738 983 3828; x_wconf 85' lang='grc' dir='ltr'><strong><em>αἴρω</em></strong></span> <span class='ocrx_word' id='word_1_288' title='bbox 996 3754 1028 3807; x_wconf 88' lang='lat' dir='ltr'>ct</span> <span class='ocrx_word' id='word_1_289' title='bbox 1047 3740 1131 3827; x_wconf 83' lang='grc' dir='ltr'><strong><em>αίρῶ</em></strong></span> <span class='ocrx_word' id='word_1_290' title='bbox 1141 3766 1171 3807; x_wconf 90' lang='lat' dir='ltr'>v.</span> <span class='ocrx_word' id='word_1_291' title='bbox 1187 3738 1312 3807; x_wconf 79' lang='lat' dir='ltr'>Teolm.</span> 
     </span>
     <span class='ocr_line' id='line_1_35' title="bbox 200 3841 1314 3929; baseline 0.002 -22"><span class='ocrx_word' id='word_1_292' title='bbox 200 3845 272 3914; x_wconf 82' lang='lat'>135.</span> <span class='ocrx_word' id='word_1_293' title='bbox 296 3855 403 3907; x_wconf 83' lang='lat' dir='ltr'>tumen</span> <span class='ocrx_word' id='word_1_294' title='bbox 425 3841 539 3908; x_wconf 90' lang='lat' dir='ltr'>dubito</span> <span class='ocrx_word' id='word_1_295' title='bbox 568 3865 611 3909; x_wconf 83' lang='lat' dir='ltr'>nn</span> <span class='ocrx_word' id='word_1_296' title='bbox 637 3844 674 3909; x_wconf 91' lang='lat' dir='ltr'>id</span> <span class='ocrx_word' id='word_1_297' title='bbox 701 3843 743 3910; x_wconf 78' lang='lat' dir='ltr'>ab</span> <span class='ocrx_word' id='word_1_298' title='bbox 764 3841 829 3906; x_wconf 84' lang='lat' dir='ltr'>illis</span> <span class='ocrx_word' id='word_1_299' title='bbox 850 3843 1067 3929; x_wconf 76' lang='lat' dir='ltr'>significatum</span> <span class='ocrx_word' id='word_1_300' title='bbox 1087 3866 1155 3909; x_wconf 91' lang='lat' dir='ltr'>uon</span> <span class='ocrx_word' id='word_1_301' title='bbox 1177 3843 1229 3909; x_wconf 82' lang='lat' dir='ltr'>sit.</span> <span class='ocrx_word' id='word_1_302' title='bbox 1272 3842 1314 3909; x_wconf 84' lang='lat' dir='ltr'>ln</span> 
     </span>
     <span class='ocr_line' id='line_1_36' title="bbox 198 3938 1313 4030; baseline -0.007 -14"><span class='ocrx_word' id='word_1_303' title='bbox 198 3959 335 4016; x_wconf 79' lang='lat' dir='ltr'>accentu</span> <span class='ocrx_word' id='word_1_304' title='bbox 362 3942 544 4030; x_wconf 77' lang='lat' dir='ltr'>imperfecti</span> <span class='ocrx_word' id='word_1_305' title='bbox 571 3938 705 4028; x_wconf 79' lang='grc' dir='ltr'><strong><em>ἂναίρεο</em></strong></span> <span class='ocrx_word' id='word_1_306' title='bbox 730 3944 856 4010; x_wconf 91' lang='lat' dir='ltr'>Herod.</span> <span class='ocrx_word' id='word_1_307' title='bbox 879 3944 957 4011; x_wconf 90' lang='lat' dir='ltr'><strong>VII.</strong></span> <span class='ocrx_word' id='word_1_308' title='bbox 981 3945 1037 4023; x_wconf 88' lang='grc'>16,</span> <span class='ocrx_word' id='word_1_309' title='bbox 1058 3947 1090 4010; x_wconf 89' lang='grc'>3.</span> <span class='ocrx_word' id='word_1_310' title='bbox 1114 3966 1212 4028; x_wconf 86' lang='lat' dir='ltr'>quem</span> <span class='ocrx_word' id='word_1_311' title='bbox 1231 3943 1313 4009; x_wconf 80' lang='lat' dir='ltr'>Bre-</span> 
     </span>
     <span class='ocr_line' id='line_1_37' title="bbox 199 4044 1311 4132; baseline -0.007 -15"><span class='ocrx_word' id='word_1_312' title='bbox 199 4052 315 4117; x_wconf 85' lang='lat' dir='ltr'>dovius</span> <span class='ocrx_word' id='word_1_313' title='bbox 348 4046 445 4112; x_wconf 73' lang='lat' dir='ltr'>troite</span> <span class='ocrx_word' id='word_1_314' title='bbox 472 4045 507 4111; x_wconf 92' lang='lat' dir='ltr'>in</span> <span class='ocrx_word' id='word_1_315' title='bbox 536 4045 747 4132; x_wconf 78' lang='lat' dir='ltr'>penultimum</span> <span class='ocrx_word' id='word_1_316' title='bbox 767 4046 946 4124; x_wconf 76' lang='lat' dir='ltr'>transtulit,</span> <span class='ocrx_word' id='word_1_317' title='bbox 977 4046 1109 4112; x_wconf 87' lang='lat' dir='ltr'>codices</span> <span class='ocrx_word' id='word_1_318' title='bbox 1130 4044 1211 4111; x_wconf 89' lang='lat' dir='ltr'>mire</span> <span class='ocrx_word' id='word_1_319' title='bbox 1234 4065 1311 4109; x_wconf 88' lang='lat' dir='ltr'>cou-</span> 
     </span>
     <span class='ocr_line' id='line_1_38' title="bbox 198 4142 1312 4233; baseline -0.005 -18"><span class='ocrx_word' id='word_1_320' title='bbox 198 4153 319 4217; x_wconf 87' lang='lat' dir='ltr'>ciuuut.</span> <span class='ocrx_word' id='word_1_321' title='bbox 363 4151 459 4216; x_wconf 87' lang='lat' dir='ltr'>Duos</span> <span class='ocrx_word' id='word_1_322' title='bbox 481 4147 655 4215; x_wconf 77' lang='lat' dir='ltr'>verborum</span> <span class='ocrx_word' id='word_1_323' title='bbox 682 4146 914 4232; x_wconf 78' lang='lat' dir='ltr'>berytouorum</span> <span class='ocrx_word' id='word_1_324' title='bbox 941 4147 1148 4233; x_wconf 75' lang='lat' dir='ltr'>imperativos</span> <span class='ocrx_word' id='word_1_325' title='bbox 1170 4142 1312 4210; x_wconf 81' lang='lat' dir='ltr'>homeri·</span> 
     </span>
     <span class='ocr_line' id='line_1_39' title="bbox 197 4240 1309 4336; baseline -0.004 -19"><span class='ocrx_word' id='word_1_326' title='bbox 197 4275 256 4317; x_wconf 84' lang='lat' dir='ltr'>eos</span> <span class='ocrx_word' id='word_1_327' title='bbox 278 4251 489 4319; x_wconf 84' lang='lat' dir='ltr'>Grammatici</span> <span class='ocrx_word' id='word_1_328' title='bbox 518 4249 642 4335; x_wconf 88' lang='lat' dir='ltr'>duplici</span> <span class='ocrx_word' id='word_1_329' title='bbox 669 4248 768 4316; x_wconf 92' lang='lat' dir='ltr'>modo</span> <span class='ocrx_word' id='word_1_330' title='bbox 797 4249 993 4336; x_wconf 84' lang='lat' dir='ltr'>expediunt:</span> <span class='ocrx_word' id='word_1_331' title='bbox 1022 4247 1136 4328; x_wconf 79' lang='grc' dir='ltr'><strong><em>λέλεξο</em></strong></span> <span class='ocrx_word' id='word_1_332' title='bbox 1158 4246 1213 4314; x_wconf 87' lang='grc' dir='ltr'>καί</span> <span class='ocrx_word' id='word_1_333' title='bbox 1236 4240 1309 4313; x_wconf 71' lang='grc' dir='ltr'>κατ’</span> 
     </span>
    </p>
   </div>
   <div class='ocr_carea' id='block_1_4' title="bbox 0 0 1372 4778">
    <p class='ocr_par' dir='ltr' id='par_1_4' title="bbox 0 0 1372 4778">
     <span class='ocr_line' id='line_1_40' title="bbox 0 0 1372 4778; baseline 0 0"><span class='ocrx_word' id='word_1_334' title='bbox 0 0 1372 4778; x_wconf 95' lang='lat' dir='ltr'> </span> 
     </span>
    </p>
   </div>
  </div>
 </body>
</html>
