2736 4778
130 339 195 410 nn
215 338 484 437 Proernam
504 336 567 406 nr
589 337 851 409 APHAERESI.
884 335 923 408 σ.
939 337 967 404 1.
997 335 1065 426 §.a
1115 338 1163 414 st

53 526 195 597 Beklreri
227 527 353 594 adnott.
380 528 423 591 ad
451 526 544 611 Synt.
562 524 640 592 652.
667 534 700 589 et
721 525 801 591 ΕΜ.
825 527 901 605 141,
923 525 975 595 53.
1019 527 1053 591 Is
1077 525 1164 592 enim
1193 587 1213 613 ⁴

54 642 180 718 septem
202 650 396 695 enumerans
418 618 796 713 roidsignilicaticnes
817 627 911 693 tertio
931 627 1004 695 loco
1027 629 1166 695 collocat

54 734 93 800 τὸ
113 727 211 814 ὁμσῦ,
234 743 327 797 sexto
349 724 516 815 ύθρσισιν.
558 730 610 796 Et
625 716 903 815 pneumatologus'
919 729 973 794 ille
988 730 1009 795 l.
1026 751 1053 796 c.
1076 752 1164 796 com·

54 834 240 900 memoratis
260 832 375 898 ceteris
399 826 498 913 ὁμσύ,
519 828 594 900 ἴσον
615 842 676 897 etc.
703 830 797 897 addit
817 828 848 899 ελ
870 832 908 900 δὲ
930 825 1088 914 ύθρσισιν
1108 855 1167 918 ση-

53 936 183 1020 μαίνει,
210 930 386 1001 δασύνεται
411 924 483 1000 σῖον
508 931 609 1011 ἅπας.
657 932 873 1034 Idumveme
899 931 1061 1021 praecipit
1086 931 1167 997 EM.

55 1037 114 1114 25,
136 1036 189 1101 54.
214 1057 289 1101 cum
313 1036 381 1100 aliis
407 1033 443 1101 τύ
470 1030 689 1120 ἄθροισιν-τὸν
715 1062 737 1100 α
763 1033 952 1112 δασύνεται,
983 1055 1091 1119 neque
1116 1055 1168 1098 re·

57 1147 210 1225 puguant
231 1135 429 1203 substantiva
451 1159 471 1202 a
491 1137 642 1203 Parsono
664 1135 707 1201 ad
725 1133 836 1203 Schol.
855 1134 923 1202 Od.
939 1135 967 1201 I.
982 1134 1035 1201 26.
1059 1156 1167 1222 oppo-

56 1239 122 1304 sita
143 1231 263 1321 ύύλσχιις
290 1249 323 1303 et
348 1233 511 1325 ύύελφύς,
537 1261 612 1302 nam
634 1237 714 1304 haec
736 1250 767 1303 et
791 1249 898 1304 cetera
921 1231 1063 1316 ύκσιτις,
1086 1232 1168 1322 dyd-

56 1362 186 1424 στσρις.
215 1334 397 1422 ύγάλακιτς
421 1361 489 1405 non
515 1335 704 1427 σίύριιισμύν
730 1341 913 1427 significant
938 1340 997 1406 sed
1022 1339 1168 1426 singulae

57 1461 217 1528 personas
226 1440 290 1524 ⁴⁸).
309 1439 423 1528 Alpha
436 1442 659 1529 congregativi
672 1442 822 1530 exempla
837 1443 902 1508 duo
918 1441 1011 1508 affert
1021 1439 1169 1508 choero-

55 1541 178 1608 boscus
200 1539 282 1607 Cau.
298 1540 438 1619 266,10.
463 1539 594 1628 ἁθρόαν
615 1538 687 1610 ἀντὶ
708 1548 767 1610 τσῦ
789 1540 876 1624 draci
898 1553 931 1609 et
951 1540 1057 1621 ἅπας,
1079 1542 1169 1628 quod

58 1642 165 1709 solum
185 1643 277 1707 novit
297 1642 409 1711 Schol.
435 1643 479 1709 atl
500 1643 612 1730 Apoll.
636 1644 729 1730 Synt.
744 1643 817 1711 387.
838 1646 982 1732 μονῆρες
1004 1643 1041 1710 τύ
1064 1641 1169 1723 ὄντας·

57 1741 125 1812 εἴτε
152 1743 215 1829 γὰρ
246 1743 284 1810 τὸ
313 1748 384 1822 πᾶς
414 1742 564 1832 φήσομεν
594 1743 736 1825 ἐντελὲς,
767 1743 930 1814 σύδέπστι
959 1745 1171 1827 πλεονασμὸς

57 1841 266 1922 δαστιντικύς,
292 1840 360 1910 si're
383 1843 422 1909 τὸ
446 1844 550 1923 ἅπας,
578 1840 741 1947 oduino-se
764 1846 848 1916 δασύ
871 1842 1084 1935 ἀφαιρεῖται·
1111 1848 1169 1913 sed

57 1946 223 2034 geminum
245 1944 337 2009 addit
357 1946 437 2012 ΕΜ.
459 1945 532 2024 655,
553 1947 605 2012 20.
629 1945 667 2013 τύ
691 1974 713 2014 α
735 1945 911 2015 δασύνεται
933 1945 1171 2033 traauce-

57 2072 144 2127 στιιις
174 2047 208 2114 ἐν
239 2052 286 2132 τῷ
316 2047 463 2130 ἅθρους·
494 2044 552 2114 σύν.
586 2041 653 2130 lica
684 2044 866 2114 κεκώλυται
897 2045 934 2110 τὰ
970 2042 1173 2129 ἅπας-περὶ

58 2152 195 2216 παθιύν.
249 2146 317 2212 Hic
347 2146 440 2225 ἅπας
475 2147 544 2213 sine
573 2145 674 2212 dubio
704 2146 818 2212 eadem
849 2146 974 2212 ratione
1006 2167 1071 2231 qua
1103 2146 1174 2227 ἅμα

59 2249 197 2337 aspirari
217 2249 359 2337 putavit,
382 2242 513 2335 ἁθρόας
535 2259 643 2314 autem
658 2247 762 2335 magis
781 2247 938 2313 diastolae
959 2269 1058 2315 eausa
1074 2270 1172 2335 quam

60 2350 224 2438 significat
257 2346 509 2416 Choeroboscus
542 2349 563 2415 l.
594 2372 622 2416 c.
655 2345 784 2435 ἀθρόον
817 2345 890 2416 ἀντὶ
922 2353 982 2417 τοῦ
1016 2349 1174 2439 ἐξαίφνης

59 2454 222 2539 ψιλσύται
250 2465 284 2519 et
311 2450 352 2518 ab
380 2450 442 2518 hoc
470 2452 680 2519 Herodianus
705 2450 745 2516 11.
768 2449 850 2515 XII.
873 2449 946 2516 391.
974 2450 1173 2538 distinguere

58 2552 188 2619 videtur
203 2553 398 2637 adjectivum
414 2553 591 2642 aspiratum
608 2576 707 2640 quum
725 2550 853 2618 vocales
870 2562 944 2618 ante
954 2539 1006 2639 'dp
1026 2552 1174 2638 spiritum

58 2654 166 2722 lenem
183 2652 302 2720 habere
319 2653 399 2719 dicit
417 2649 665 2734 ὑπεσταλμένον
679 2657 741 2721 τσῦ
758 2652 889 2740 ἅθριιυς
904 2653 991 2738 πρὸς
1009 2652 1174 2743 διάφορον

59 2752 313 2844 σημαινόμενον.
358 2753 427 2823 Sed
452 2754 521 2822 sine
548 2754 648 2822 dubio
674 2778 775 2821 unum
802 2755 907 2821 solum
933 2767 1020 2822 extat
1045 2752 1176 2844 ἁθρόας

62 2856 210 2944 quamvis
222 2857 365 2923 variante
376 2867 512 2923 accentu
523 2867 556 2922 et
566 2858 682 2946 spiritu
693 2857 789 2922 etiam
804 2856 838 2922 in
851 2856 1000 2923 derivatis
1014 2851 1175 2942 ἁθροίζω,

61 2956 271 3045 ἐπαθρούζαι,
294 2980 378 3046 quae
399 2958 584 3046 improbant
605 2958 719 3026 Critici
741 2983 770 3025 v.
786 2957 932 3026 Meinelr.
951 2958 1080 3026 Delect
1103 2958 1174 3024 136.

60 3060 117 3129 Sic
134 3059 233 3127 etiam
243 3061 513 3147 Hamadryadum
526 3082 646 3126 nomen
661 3060 751 3147 apud
763 3060 796 3126 N
798 3081 919 3126 onnum
935 3069 983 3123 ter
998 3070 1176 3144 quaterque

60 3162 219 3248 scriptum
241 3174 291 3228 est
306 3158 490 3249 Ἀδρυάδις
510 3184 540 3226 v.
562 3161 688 3249 Unger.
708 3159 872 3227 Paradox.
895 3156 1000 3224 Theb.
1022 3158 1096 3224 440.
1119 3161 1176 3245 qui

61 3263 93 3328 in
116 3263 282 3350 Propertii
309 3264 382 3329 loco
406 3284 466 3351 pro
488 3265 632 3330 Adriacis
656 3263 723 3329 sive
744 3264 916 3330 Hadriacit
939 3283 1005 3327 non
1026 3262 1177 3329 Adriatirt

62 3364 129 3429 sive
152 3365 340 3439 Hadriasr'n,
360 3375 397 3429 ut
417 3364 574 3452 plerique,
598 3364 657 3430 sed
680 3367 855 3449 Hydriasia
877 3363 1084 3431 scribendum
1105 3386 1178 3432 esse

63 3464 176 3531 docuit
201 3465 236 3531 in
256 3465 366 3531 Anall.
387 3466 490 3553 Prop.
513 3489 546 3553 p.
567 3465 619 3532 27.
663 3465 833 3553 Aspiratio
860 3466 1001 3532 nominis
1028 3465 1179 3532 convenit

61 3566 196 3659 regulae
218 3565 330 3635 Schol.
351 3568 454 3634 Dion.
475 3591 507 3654 p.
528 3567 599 3633 716.
624 3569 660 3634 τὰ
683 3568 875 3656 στιρητικύν
891 3553 925 3635 ἀ’
942 3566 1116 3655 ψιλσύται,
1138 3570 1177 3636 τύ

64 3669 100 3737 δὲ
129 3662 351 3753 deposcunt»
383 3668 575 3748 δασύνεται,
607 3667 691 3737 ὅθεν
719 3667 775 3736 καλ
803 3666 930 3747 ἅλυσις.
982 3668 1050 3736 Sed
1080 3669 1177 3756 hujus

64 3791 196 3856 qnoque
212 3769 346 3856 spiritus
361 3769 502 3836 incertus
519 3781 552 3836 et
566 3771 660 3857 origo
679 3770 857 3836 inocculto
877 3779 942 3848 est,
961 3792 1023 3837 nec
1039 3772 1179 3858 patescit
1237 3818 1241 3826 -

65 3893 82 3937 e
94 3871 286 3959 compositis
298 3871 540 3957 pondlvcegss)
553 3867 729 3951 αύτόλιισις
740 3881 773 3935 et
784 3865 1003 3962 ἆλσκτσπὲύη.
1025 3870 1177 3938 Ceterum

113 4043 162 4112 st)
186 4042 326 4097 Homerus
350 4039 537 4113 etymologiae
560 4039 758 4112 grammaticae
782 4040 896 4112 ignarus
918 4040 1085 4095 Medontem
1104 4038 1180 4095 Oilei

64 4129 149 4184 tilium
168 4146 186 4184 e
202 4127 305 4201 pellice
323 4135 418 4182 natum
436 4131 556 4190 Αἴαντος
574 4123 713 4200 τλδιλιμιύν
730 4134 812 4182 vocat
830 4126 863 4180 Il.
878 4124 958 4179 XIII.
973 4126 1031 4178 tas.

114 4213 162 4281 ⁴7)
183 4212 262 4268 Idem
280 4210 436 4284 significare
455 4213 566 4269 videtur
585 4213 712 4282 οἱοιιέιλη,
737 4213 815 4284 quod
832 4208 1038 4283 Lexicographi
1058 4227 1120 4266 cnm
1139 4206 1184 4293 αἱςΙ

64 4296 250 4377 compositum
270 4307 379 4373 putent.
422 4298 548 4374 Simplici
571 4297 697 4373 spiritum
722 4312 852 4374 ceperum
874 4293 998 4368 assignat
1022 4296 1117 4353 schol.
1141 4296 1176 4351 Il.
