2736 4778
161 361 239 435 318
451 354 773 425 Dlssmtmlo
800 356 848 422 n.
891 357 936 424 lt·
951 351 983 422 'L
1037 395 1042 405 ·

157 565 239 610 usus
269 553 321 608 est
351 541 474 621 omissa
505 543 763 631 praepositione.
805 535 963 630 Βοηθός,
997 541 1089 626 quod
1113 541 1148 605 in
1178 562 1285 628 prosa

160 644 344 734 praevaluit
375 665 449 708 oum
480 645 659 730 paragogis
689 649 833 730 βοηθεῖν
862 652 896 706 et
923 639 1088 729 floritione,
1121 641 1184 708 etsi
1209 664 1284 710 nou

161 768 295 835 prorsus
315 745 404 810 idam
425 744 512 810 valet
533 745 625 830 qaod
644 765 710 813 vox
728 743 860 831 postiae
877 739 1043 831 βαρθόυς,
1064 752 1175 809 tamen
1197 744 1292 830 quin·

161 869 235 914 eum
258 846 376 912 eodem
394 844 496 913 verbo
521 845 597 913 θέαι
621 844 841 934 compositum
868 843 911 909 sit
933 852 972 908 ut
992 839 1183 932 βοηδρόμος
1203 864 1284 912 oum

140 948 272 1034 ,δρίμω
307 968 405 1013 netuo
437 946 600 1013 dubitavit
628 970 660 1013 v.
691 946 774 1014 ΕΜ.
805 945 882 1023 λ30,
910 943 965 1010 85.
1014 943 1165 1032 Siuiplex
1190 941 1285 1026 θοός

160 1069 328 1134 nunquam
353 1047 501 1113 oontrsbi
528 1049 626 1115 dooet
649 1047 738 1114 idem
764 1046 846 1125 452,
867 1045 920 1111 53.
949 1043 1010 1110 sed
1033 1045 1160 1132 proprii
1179 1042 1282 1114 Πόν-

159 1155 247 1228 θους
276 1149 456 1215 seeundum
484 1160 519 1215 et
545 1149 676 1215 tertium
703 1171 814 1215 ossum
841 1149 1008 1214 Homerus
1037 1147 1211 1233 quinquies
1243 1148 1283 1217 in

162 1250 245 1316 duas
275 1248 417 1335 syllabas
444 1251 555 1337 coegit
580 1251 641 1318 etsi
666 1251 756 1316 nullo
789 1250 865 1316 loco
893 1269 979 1335 opus
1007 1258 1078 1313 erat
1103 1269 1213 1336 neque
1241 1249 1284 1316 lit

161 1349 321 1416 similibus
340 1344 545 1431 Ἀλκάθοος,
578 1350 793 1431 Ναυσίθοος,
821 1348 1025 1434 Πειρίθους,
1057 1370 1196 1435 quorum
1221 1353 1282 1437 qui

159 1451 258 1538 vulgo
275 1451 422 1517 feruntur
440 1452 576 1539 genitivi
588 1446 776 1530 Ἀλκάθου,
795 1448 978 1538 Πειρίθου,
998 1451 1050 1517 vel
1066 1473 1086 1517 a
1104 1455 1283 1522 contractis

151 1546 357 1632 Ἀλκάθους,
380 1553 569 1640 Πειρίθους
591 1553 727 1618 derivati
748 1564 825 1618 sunt
837 1553 889 1618 vel
904 1575 926 1617 a
943 1545 1282 1637 οουσὶιίεἍλκαθος,

161 1651 333 1738 Πείριθος
357 1663 391 1718 et
421 1653 513 1739 quod
539 1655 574 1719 in
600 1655 702 1720 Proll.
730 1652 805 1720 365.
835 1676 854 1718 ε
881 1653 1024 1740 Polybio
1052 1653 1144 1720 attuli
1160 1648 1282 1722 ’Ἀλκι-

160 1753 302 1834 θος31).
345 1755 443 1819 Haeo
463 1777 565 1840 quum
584 1754 739 1821 Reiskius
760 1754 805 1818 ad
824 1755 899 1821 Pol
921 1756 943 1820 l.
970 1776 997 1820 o.
1017 1755 1181 1840 judiearet
1198 1776 1281 1839 pan-

161 1867 250 1920 σοκιο
285 1857 450 1922 scribenda
483 1875 547 1923 etta
584 1867 743 1924 contracte
778 1876 820 1922 eo·
847 1849 1043 1934 Ἀλκίθυυς,
1079 1853 1281 1942 Πειρίθους,

164 1954 304 2022 obseura
331 1955 449 2024 duobus
475 1968 525 2023 est
544 1958 702 2024 memoria
726 1956 860 2023 canonis
881 1956 916 2020 in
936 1956 1055 2021 Parall.
1076 1957 1151 2021 251.
1173 1977 1281 2044 expo·

162 2057 215 2123 siti
236 2052 394 2142 Πόλυβος
411 2059 581 2147 semem),
604 2055 663 2142 οὐχ
679 2056 875 2147 ὗσαίρεσις·
902 2053 933 2122 εί
948 2056 1011 2142 γὰρ
1029 2050 1103 2122 κατ’
1126 2053 1282 2144 ἔλλειψιν

161 2157 304 2242 ἐγένετο,
332 2151 475 2246 ὤφειλεν
500 2154 589 2228 εἶναι
607 2156 766 2243 Πυλόβυς
793 2152 839 2237 ὡς
860 2149 1004 2234 αλκόιιυς.
1047 2159 1171 2226 Verum
1192 2156 1283 2225 bano

163 2281 296 2344 quoque
315 2259 423 2346 legem
444 2284 512 2327 non
534 2260 780 2348 religiosissime
797 2257 954 2324 custodiri
972 2279 1073 2345 supra
1089 2259 1283 2326 dictumest

161 2382 190 2427 ο.
211 2361 277 2426 IIL
301 2364 327 2447 ξ.
352 2362 381 2427 1.
394 2356 559 2450 Ἀρχῖνος,
583 2363 751 2438 Καλλῖνος
773 2370 805 2425 et
828 2360 878 2425 his
901 2360 1020 2425 similia
1034 2361 1068 2425 in
1084 2360 1185 2427 Proll.
1202 2360 1280 2427 202.

162 2462 322 2549 simplicia
351 2483 424 2529 esse
452 2461 589 2549 probavi
617 2484 658 2538 ex
685 2483 839 2526 mensura
866 2461 1081 2548 penultima03
1106 2485 1183 2528 nam
1204 2482 1280 2528 eou-

159 2565 269 2650 ruptio
300 2564 448 2641 ultimae,
477 2565 546 2630 sive
573 2585 614 2629 ea
645 2561 843 2650 hyphaeresi
873 2564 1011 2630 efficitur
1031 2565 1099 2631 sive
1121 2587 1281 2652 synoope‚

160 2687 326 2750 nunquam
356 2685 427 2728 eam
457 2665 522 2729 vim
550 2663 649 2730 habet
673 2674 711 2729 ut
740 2666 940 2752 producatur
968 2668 1117 2753 proxima
1143 2667 1280 2754 syllaba.

160 2767 290 2831 Nomen
327 2764 497 2851 proprium
529 2761 704 2851 Δόρυσσος
739 2767 921 2855 simplexne
953 2769 995 2834 sit
1023 2793 1064 2834 an
1096 2766 1281 2857 δορυσσόον

161 2866 338 2953 significet,
365 2888 434 2932 non
459 2876 602 2944 coustat;
633 2866 697 2934 hoo
731 2881 764 2934 et
792 2881 900 2935 cetera
928 2871 1059 2956 poetica
1087 2866 1279 2949 κυνυσσόυς,

160 2964 361 3046 πολισσόος,
397 2963 563 3047 λαοσσόος
593 2970 698 3036 vocali
731 2994 798 3037 non
832 2972 1061 3038 destituuntur.
1111 2970 1280 3056 Fatiloqui

158 3068 300 3136 fabulosi
323 3091 442 3136 nomen
464 3069 584 3157 triplici
605 3074 704 3139 modo
727 3073 879 3140 scribitur
894 3066 1053 3154 Είίκλυος,
1076 3067 1226 3151 Είκλους
1247 3084 1282 3138 et

158 3165 288 3250 Εὖκλυς
305 3172 407 3258 idque
431 3193 505 3237 eum
526 3169 736 3255 Μάντικλος,
773 3172 934 3254 Θέοκλος,
969 3170 1166 3262 Θρόσικλυς
1187 3195 1278 3238 eom-

159 3274 239 3359 poni
262 3274 361 3352 solet,
385 3294 471 3358 quae
492 3274 630 3339 eandem
653 3298 728 3342 oum
748 3270 893 3366 Εὐκλῆς,
924 3278 1072 3363 Θεοκλῆς
1093 3285 1154 3340 eto.
1176 3273 1278 3361 origi·

158 3396 235 3439 nem
252 3372 372 3440 habere
394 3374 559 3452 videntur,
582 3375 646 3439 nisi
668 3375 752 3441 forte
773 3377 910 3441 alterum
932 3376 1047 3442 horum
1070 3398 1111 3441 ex
1131 3375 1278 3463 appella·

159 3475 225 3539 tivo
254 3470 419 3553 θευκόλος
451 3487 558 3541 ortum
584 3486 643 3541 est
687 3477 863 3545 Servorum
885 3478 1069 3545 Siculorum
1093 3478 1160 3542 dux
1181 3477 1279 3544 nobi-

159 3573 302 3639 lissimus
337 3575 372 3640 in
400 3576 503 3643 Diod.
531 3577 652 3643 XXX.
679 3600 712 3664 p.
746 3579 804 3643 121
828 3579 904 3667 Bip.
932 3571 1037 3658 Πίονος
1062 3589 1196 3646 vooatur
1219 3577 1279 3644 sed

159 3673 201 3740 ab
227 3674 298 3739 aliis
324 3675 475 3742 omuibus
495 3670 630 3755 Εὔνους.
675 3678 831 3746 Tribreve
849 3677 1002 3759 Πυλονός
1025 3680 1103 3766 (hoe
1125 3682 1277 3765 accentu)

160 3775 277 3860 Quint.
298 3776 395 3842 VIII.
417 3778 469 3842 86.
495 3779 635 3845 fortasse
656 3802 696 3844 ex
713 3776 874 3863 4Πόλυβος
896 3792 1085 3868 corruptum
1107 3794 1165 3848 est.
1199 3787 1277 3848 Με-

158 3876 292 3965 λίχρυος
322 3887 354 3941 et
379 3874 537 3964 μελιχρός
564 3902 643 3945 num
667 3880 891 3968 Goettlingius
920 3883 961 3949 de
982 3885 1065 3950 Aee.
1090 3885 1160 3949 194.
1190 3892 1279 3947 reete

157 3977 222 4044 huo
247 3978 407 4057 retulerib
439 3978 572 4058 dubito;
608 3981 669 4047 etsi
710 3983 796 4048 enim
832 3984 994 4050 interdum
1031 3985 1148 4051 iisdem
1186 3984 1278 4048 attri-

158 4077 316 4159 buuntur,
339 4091 448 4146 tamen
469 4085 606 4149 alterum
628 4083 767 4169 simplex
787 4085 915 4151 videtur
933 4097 970 4151 ut
995 4086 1163 4170 πενιχρός,
1187 4085 1279 4170 quod

191 4305 196 4312 '
227 4298 273 4367 3³)
292 4299 348 4355 Pro
361 4296 482 4376 Ἄρρους
499 4302 585 4357 Paua.
599 4300 679 4356 VIII.
694 4306 726 4370 t,
741 4304 765 4359 7.
787 4313 944 4361 correctum
963 4313 1007 4360 est
1021 4303 1172 4379 Ἀρηίουυς.
