2736 4778
193 377 255 446 130
586 374 866 444 ementitum
888 375 943 443 VI.

190 539 263 607 457.
288 541 336 607 12.
379 539 412 606 Is
433 540 530 622 igitur
548 540 609 605 sibi
630 540 798 622 persuasit,
821 536 946 618 ιδοός
967 538 1107 621 proxime
1130 537 1325 604 <lerinum

191 663 268 725 esse*
284 644 516 710 substantivum
538 662 609 709 cum
630 662 788 728 paragoge
810 641 967 726 disyllaba
989 643 1128 723 δέ-οιοο,
1153 659 1246 724 quae
1262 659 1327 708 nou

191 747 410 831 improbabilis
432 752 483 812 est
504 747 692 828 coniectma,
715 749 776 813 atsi
798 747 896 813 semel
917 746 1009 813 modo
1030 745 1161 828 legitur,
1183 763 1253 812 nec
1275 763 1327 812 re-

189 852 330 918 nescitur
351 851 473 934 epodon
493 851 527 916 in
548 851 698 917 derivatis
715 846 915 925 δοιοδιιοῠο,
933 854 1131 940 περιδοιοδν
1143 847 1328 934 [Blemmi

189 954 253 1021 lll
275 975 305 1021 n.
327 954 371 1040 2].
415 952 498 1019 Item
530 954 628 1019 semel
662 948 824 1019 inventum
857 958 909 1019 est
936 953 1025 1035 χέειο
1058 951 1126 1018 Nic.
1150 970 1213 1035 pro
1237 949 1326 1036 χιίο,

190 1063 329 1138 accentu,
351 1075 446 1139 quem
467 1056 636 1138 periectica
657 1056 691 1121 in
712 1057 824 1122 ultima
845 1055 974 1137 habent
997 1055 1038 1121 ad
1059 1056 1200 1137 primam
1212 1060 1323 1122 trans·

188 1163 269 1242 latc;
291 1161 351 1226 hoc
372 1166 479 1226 autem
500 1160 642 1244 plerique
664 1178 684 1224 a
704 1160 770 1243 χδω
787 1166 943 1242 χείοομαι
965 1163 1115 1241 repetunt
1136 1163 1176 1223 ut
1198 1159 1322 1247 appla

190 1268 321 1353 χρῶμαι
341 1261 448 1354 χρεία,
463 1263 553 1348 μιέω
574 1262 673 1347 μνεία
696 1261 804 1347 [Proll
826 1261 893 1348 45].

279 1401 361 1467 Hinc
382 1419 444 1466 non
465 1400 559 1482 longe
581 1398 698 1465 absunt
730 1400 929 1466 substantiva
961 1398 1001 1464 ab
1028 1397 1193 1464 adiectivis
1219 1398 1256 1462 in
1279 1398 1324 1483 ᾖ

193 1505 349 1572 derivata:
374 1502 483 1572 ἔνδεια
507 1508 565 1569 etc.
588 1504 745 1586 scriptura
767 1503 904 1585 ancipiti,
927 1502 967 1567 de
989 1520 1052 1584 qua
1074 1500 1224 1567 diversae
1249 1520 1321 1567 sen-

191 1610 312 1676 tentiae
345 1608 566 1690 grammaticos
600 1607 768 1686 distinent;
801 1605 1002 1671 Herodianus
1029 1605 1151 1687 epsilon
1173 1622 1252 1670 cum
1275 1604 1321 1671 di·

191 1712 352 1795 phthongo
374 1712 515 1791 mixtum,
539 1708 776 1776 Choeroboscus
808 1727 867 1791 per
899 1726 1056 1790 syncopen
1078 1706 1225 1773 ablatum
1250 1724 1321 1773 esse

192 1816 374 1881 arbitratur.
418 1813 467 1879 De
488 1814 537 1879 his
571 1818 605 1879 ct
630 1813 670 1879 de
693 1811 856 1876 adiectivis
879 1809 1025 1890 κλεεινός
1046 1806 1175 1890 κλεινός
1197 1809 1321 1877 dictum

194 1919 297 1984 estin
319 1917 451 1983 Elemm.
474 1915 576 1983 1242
599 1934 644 1998 sq.
668 1912 720 1999 [ci.
742 1933 772 1996 p.
796 1914 869 1995 255,
892 1915 975 1996 Hp.
1002 1915 1050 1995 15,
1072 1914 1189 1996 Phryn.
1215 1912 1286 1999 87]

279 2038 388 2104 Crasis
411 2045 444 2103 et
458 2029 618 2103 'diaeresis
640 2034 719 2100 fines
742 2035 821 2099 certi
843 2040 876 2099 et
887 2034 1037 2116 descripti
1059 2038 1134 2099 sunt
1155 2032 1320 2111 inventia

192 2143 248 2207 illa
280 2139 343 2206 fixa
375 2147 425 2206 est
453 2141 485 2206 in
508 2138 715 2206 circumflexis
738 2142 844 2223 φιλεῖν
866 2141 940 2218 etc,
975 2138 1077 2202 altera
1097 2141 1216 2218 poetae
1240 2136 1318 2219 epid

191 2249 324 2309 utuntur
346 2245 378 2309 in
400 2243 561 2308 infinitivis
574 2241 898 2324 anthypotacticorum
914 2235 1023 2319 ἰδέειν,
1034 2239 1191 2323 podiam,
1212 2245 1319 2306 cetere

196 2348 228 2412 in
251 2347 386 2412 Dissert.
410 2347 449 2411 de
470 2345 610 2411 Diectasi
635 2363 666 2426 p.
689 2341 751 2409 426
774 2343 885 2410 relata.

278 2468 387 2549 Aeque
414 2471 490 2531 uota
522 2471 573 2530 cst
599 2463 698 2529 cresis
720 2462 876 2528 vocalium
909 2465 940 2553 a}
969 2463 1003 2527 in
1028 2461 1240 2527 subiunctivis
1264 2456 1317 2529 ἐὰν

193 2561 225 2655 ᾖ,
263 2575 344 2656 φιλῇ
377 2574 445 2647 etc,
480 2568 537 2632 sed
569 2567 711 2631 ordinem
743 2566 899 2631 excedunt
930 2564 1028 2630 verba
1061 2564 1242 2646 bisyllaba:
1275 2562 1317 2652 μὴ

195 2669 290 2758 ἐγχῇς
323 2671 420 2735 semel
448 2671 565 2734 lectum
588 2670 619 2733 in
642 2670 739 2733 Arist.
762 2669 856 2750 Vesp.
880 2667 942 2734 616
977 2674 1010 2734 ct
1032 2667 1089 2735 ἐὰν
1112 2670 1154 2756 δῇ
1189 2669 1317 2754 saepius

195 2773 227 2836 in
250 2773 438 2838 comicorum
461 2771 614 2851 versibus,
648 2772 733 2854 quod
758 2772 899 2836 nonnulli
923 2771 978 2858 δέῃ
1001 2771 1142 2835 scribunt
1166 2772 1317 2853 synizesis

192 2881 374 2957 praetextu,
408 2882 440 2939 et
472 2875 594 2956 longius
618 2876 714 2939 etiam
737 2875 896 2956 egreditur
919 2874 976 2940 ἐὰν
1000 2878 1050 2942 dai
1062 2874 1097 2956 ²).
1143 2874 1236 2941 Haec
1258 2876 1318 2941 dis-

192 2981 302 3060 putavi
334 2981 366 3045 in
399 2980 531 3045 Elemm.
568 2980 583 3044 l
613 2977 685 3044 243.
711 3016 745 3024 -
772 2978 891 3042 Varum
923 2978 992 3057 illa,
1026 2996 1108 3059 quae
1142 2978 1182 3042 de
1209 2979 1318 3068 μέμνῃ

194 3083 312 3147 tradita
335 3090 417 3163 sunt„
440 3084 472 3147 in
494 3084 677 3147 memoriam
695 3081 843 3162 redigunt
854 3082 1027 3146 eorundum
1039 3081 1320 3163 grammaticorum

197 3185 236 3248 de
259 3184 465 3251 subiunctivis
488 3186 677 3266 quibusdam
699 3185 823 3266 placita.
873 3184 1000 3249 Etenim
1022 3189 1147 3249 veteres
1170 3184 1319 3267 magistri

193 3288 330 3352 tironum
367 3288 580 3353 commoditati
618 3288 826 3352 inservientes
864 3306 1032 3369 personam
1072 3287 1250 3353 secundam
1282 3306 1319 3354 er

194 3392 289 3455 tertia
311 3393 398 3456 nasci
421 3393 533 3456 docent
556 3410 652 3472 quum
675 3391 737 3456 alia
760 3392 923 3456 occasione
946 3396 1013 3455 tum
1028 3390 1320 3457 etiamhuiusmodi

194 3493 359 3574 exemplis:
388 3486 499 3572 Ἴωνες
533 3489 783 3576 ἀποβάλλοντες
805 3496 842 3558 οδ
866 3495 890 3562 ἶ
909 3499 968 3559 τοῦ
990 3490 1104 3580 τρίτου
1127 3495 1318 3579 προσώπου

195 3589 348 3681 δεύτερον
372 3601 532 3663 ποιοῦσιν·
557 3591 650 3675 rigat
663 3595 829 3678 „vadaei
844 3600 915 3678 με’*
928 3594 1015 3662 οὕτω
1039 3593 1177 3684 ἴδηται
1202 3593 1317 3685 ἴδηαι

194 3696 266 3761 ΕΜ.
289 3696 362 3762 466.
379 3697 407 3762 6.
453 3700 520 3764 Hoc
543 3696 635 3786 ἴδηαι
658 3701 742 3781 apud
764 3700 937 3765 Homerum
959 3701 1075 3782 legitur
1098 3700 1238 3781 saepius
1263 3700 1318 3766 sed

194 3819 308 3881 parum
331 3807 504 3883 opportune
526 3804 680 3883 promitur
702 3823 721 3868 a
744 3804 837 3869 schol.
860 3803 948 3867 Pind.
964 3803 1054 3886 Pyth.
1068 3801 1198 3883 ivam,
1223 3822 1318 3886 quem

194 3903 297 3967 locum
319 3903 472 3971 editiones
495 3911 619 3970 veteres
642 3907 688 3972 sic
704 3906 852 3972 exhibent
863 3907 1028 3972 mendose:
1050 3905 1096 3994 μή
1111 3933 1142 3972 ιι
1155 3906 1318 3994 νεώτεροι

196 4003 364 4097 ἀνοσιδοῃ
388 4007 495 4075 κακόν.
541 4009 601 4074 Hic
623 4009 753 4074 dubium
776 4016 839 4090 est,
871 4015 945 4075 utra
975 4029 1111 4093 persona
1138 4010 1246 4093 aptior
1268 4011 1318 4090 sit

267 4285 290 4349 Ι)
309 4287 435 4337 Matthiae
462 4303 487 4352 p.
506 4283 554 4338 151
584 4285 680 4340 admi.
707 4303 747 4352 ea,
774 4304 841 4354 quaa
869 4288 901 4338 de
927 4287 977 4338 hoc
1007 4287 1087 4339 verbo
1115 4288 1182 4352 dixi,
1209 4287 1244 4341 dc
1273 4290 1318 4342 dri

195 4379 289 4436 oportet
308 4372 378 4423 dicta
395 4375 505 4437 putavit
961 4377 964 4382 ’
