2736 4778
446 355 504 423 DE
525 355 751 424 EPITHETIS
773 354 947 425 OTIOSIS.
1177 355 1237 427 eol

127 520 243 587 nolium
264 519 385 587 hiemes
407 519 608 587 saevissimos
630 521 824 587 enarrantis:
852 517 984 585 coedent
1005 519 1166 585 sosarmus
1187 520 1241 587 loe

124 621 211 687 moda
232 624 316 707 eina,
339 641 421 706 quae
432 620 560 689 Seruius
581 624 744 691 verissime
755 624 998 706 interpretetur:
1021 623 1115 687 etrum
1135 623 1241 689 viuum

124 725 314 789 naturaliter
335 723 471 791 calidum
493 725 559 790 illic
580 726 771 813 eooqelotur.
811 725 943 793 Ovidius
964 726 1077 793 eadem
1097 725 1164 791 ude
1185 746 1240 810 ap·

124 829 234 910 pellet
256 833 390 911 uterque
411 828 553 895 nativum
576 847 736 912 opponens
758 834 915 912 corrupto.
957 827 1075 893 Dentes
1096 827 1165 893 albi
1192 830 1241 895 in-

124 935 408 1013 terpretamentum
428 935 481 997 est
501 930 660 998 Homerici
693 931 825 999 λευκαὶ
858 926 1041 1011 ὀδόντες,
1074 931 1159 1013 quod
1190 929 1241 997 bis

124 1035 249 1117 legitur,
271 1034 303 1099 in
326 1032 362 1099 ll.
384 1032 413 1098 V
435 1030 509 1114 ier,
541 1032 597 1099 ubi
617 1032 781 1101 DiomediS
802 1034 896 1100 hosts
916 1034 950 1099 in
970 1030 1084 1099 taciem
1104 1033 1242 1099 Pandsri

124 1137 266 1203 coniecta
288 1135 406 1211 dentes
422 1135 491 1201 eius
511 1134 702 1219 perfregisse
724 1137 847 1217 dieitur,
869 1135 948 1202 nihil
969 1136 1056 1201 eliud
1070 1154 1165 1218 quem
1186 1154 1242 1203 ns·

124 1245 229 1305 turem
251 1238 390 1304 emulum
411 1237 554 1304 dentium
587 1239 743 1322 desIgnst
776 1240 853 1307 item
886 1243 924 1305 ut
944 1238 1041 1305 Arist
1063 1238 1135 1305 Pae
1160 1236 1243 1304 1310

126 1336 223 1408 αὖδὲν
246 1340 368 1407 λευκῶν
390 1335 536 1407 ὀδόντων
558 1339 655 1427 ἔργον
677 1338 761 1421 ἔστ’,
795 1336 834 1428 ἢν
860 1335 907 1429 μή
930 1364 960 1407 u
985 1339 1041 1406 καὶ
1063 1343 1242 1425 μασῶνται.

125 1443 189 1511 Sed
210 1444 309 1511 multo
332 1440 558 1527 significantius
579 1439 701 1509 mlle
722 1441 993 1526 eprotribunntur
1014 1440 1125 1509 λευκαὶ
1148 1438 1242 1509 ὀδόν-

123 1571 187 1625 τες,
219 1547 295 1630 quie
314 1546 348 1613 hi
369 1546 504 1611 menime
525 1544 684 1627 conspicui
705 1550 781 1612 sunt
802 1551 897 1629 etque
919 1543 1155 1613 occurrentibus
1177 1546 1242 1626 pn'·

123 1667 210 1716 mum
231 1650 265 1715 in
286 1648 392 1715 oeulos
414 1648 588 1713 incunnnt.
641 1646 782 1713 Eundem
817 1636 944 1715 eoussr'n
978 1646 1075 1714 hebet
1095 1646 1244 1714 Plautino

124 1751 219 1817 dictio
240 1750 322 1817 alst
345 1748 488 1815 dentum
509 1746 624 1831 ridere,
647 1768 784 1832 nomque
804 1751 872 1817 risu
884 1751 994 1817 dentes
1015 1744 1170 1817 denudari
1191 1768 1241 1815 so

123 1854 199 1919 lent
241 1854 480 1945 Homerioorum
502 1851 715 1934 exemplorum
735 1853 873 1935 primum
894 1853 1083 1921 Euststhius
1103 1849 1177 1918 547.
1200 1850 1242 1919 44

124 1950 172 2034 εἷς
193 1951 343 2045 ἰδιότητα
364 1956 505 2038 positum
526 1953 616 2036 diet,
648 1950 694 2034 ῶς
726 1952 783 2022 καὶ
816 1950 912 2023 dorda
935 1953 1036 2024 λευκά
1057 1954 1123 2023 .καὶ
1155 1950 1241 2040 γάλα

124 2055 240 2125 λευκόν
255 2056 314 2145 ,καὶ
335 2058 415 2142 χιὼν
437 2053 545 2143 λευκή.
591 2056 857 2139 Aristophaneum
872 2076 948 2125 vero
957 2058 1036 2124 illud
1048 2053 1143 2125 οὐδὲν
1168 2059 1242 2124 λευ-

124 2164 189 2224 κῶν
211 2154 354 2228 ὀδόντων
365 2162 458 2246 ἔργον
480 2186 509 2225 κ.
532 2183 559 2223 τ.
584 2158 614 2223 λ.
636 2157 729 2226 futile
738 2160 1014 2243 circumscribitur,
1037 2160 1065 2227 si
1086 2161 1133 2226 iu
1142 2161 1241 2227 inler-

123 2266 301 2345 pretsmur:
323 2287 362 2328 ne
383 2262 504 2351 ε’νειερνί
514 2258 640 2348 quidem
661 2273 689 2326 et
711 2260 812 2327 υαλλίλ
831 2260 937 2327 dentes
958 2263 1051 2347 (quos
1071 2263 1241 2329 coloremu-

123 2363 217 2429 didus
237 2365 364 2449 probat)
386 2366 495 2430 εὐυανυ
515 2386 704 2450 quenquam,
737 2364 770 2428 si
788 2363 856 2429 αῶα
884 2376 998 2432 cureat.
1053 2363 1116 2433 Sed
1148 2383 1241 2431 nemo

123 2467 386 2549 nominaretur,
409 2468 437 2534 si
456 2466 614 2533 Homerus
635 2466 691 2534 illo
711 2467 780 2535 loeo
802 2463 840 2547 tc
861 2492 897 2537 κε
920 2464 984 2557 πίῃ
1012 2466 1066 2535 καὶ
1098 2462 1240 2553 ἀμείψε-

122 2591 179 2634 ται
201 2564 458 2656 tenacissimo
479 2568 655 2637 addidisset
676 2570 809 2637 λευκῶν.

208 2669 339 2739 Interim
360 2678 450 2754 sunt,
483 2692 566 2757 quse
585 2673 761 2756 pleonssmi
782 2671 959 2756 suspicione
988 2671 1082 2741 eximi
1115 2672 1241 2739 omnino

122 2782 185 2837 non
207 2773 337 2852 possint
382 2774 446 2841 Gur
466 2776 622 2843 Pindarus
643 2774 735 2843 Nem.
756 2774 806 2841 III
829 2772 890 2841 134
912 2793 1040 2843 tormen
1060 2794 1152 2843 slsum
1174 2777 1240 2860 glo·

122 2873 296 2940 riabundus
318 2877 456 2958 appellet
487 2878 563 2961 μέλι
598 2873 769 2964 γάλακτι
802 2880 929 2966 λευκῷ
959 2879 1176 2964 μεμιγμένον,
1209 2883 1243 2945 et

122 2994 221 3058 quare
244 2976 377 3043 Ovidius
397 2977 474 3044 Met
496 2978 577 3045 XIII
597 2977 661 3045 829
682 2978 909 3061 Polyphemum
931 2978 1085 3047 Galateam
1113 2981 1239 3047 divides

122 3096 197 3143 sues
219 3077 541 3146 isctonteminduoet:
563 3079 632 3145 Lae
652 3078 735 3145 ms‘lzo‘
752 3100 873 3167 semper
883 3079 1118 3163 admunitionem,
1141 3084 1241 3151 multo

121 3179 245 3248 leoffius
266 3181 461 3264 intelligitur,
483 3200 578 3265 quem
600 3201 656 3249 our
677 3182 834 3249 Homerus
855 3182 903 3249 IX
918 3182 982 3251 246
1005 3180 1121 3253 λευκόν
1131 3187 1241 3269 eppel·

121 3285 168 3351 let
190 3283 278 3366 illud,
300 3302 363 3367 quo
385 3283 517 3368 Cyclops
539 3286 581 3353 od
603 3284 931 3353 cesoosoonfieiendos
952 3287 1062 3355 utitur.
1106 3288 1240 3355 Veteres

121 3392 181 3459 hoo
202 3390 244 3457 od
265 3387 394 3455 scheme
413 3384 564 3469 referunt
587 3388 1046 3477 quodxepmouomlrvoosnt,
1067 3408 1170 3473 neque
1185 3410 1241 3457 ne

121 3494 191 3577 gem
212 3495 326 3576 potest
352 3490 435 3555 hone
455 3489 662 3557 adiectionem
684 3490 828 3557 attributi
850 3492 990 3559 omnium
1011 3493 1110 3561 oeulis
1133 3510 1240 3560 ooeur-

121 3596 222 3663 tentis
243 3593 382 3661 nativum
405 3591 501 3673 prisci
523 3593 676 3659 sermonis
697 3593 930 3676 slmplioitstem
963 3612 1041 3678 pree
1073 3612 1110 3662 se
1143 3594 1241 3676 ferre;

121 3698 210 3764 ouius
232 3695 358 3780 generis
391 3694 542 3777 reliquim
562 3694 730 3761 nonnullos
762 3693 845 3762 infre
871 3715 1091 3780 proponemus.
1133 3697 1241 3765 Poetis

122 3800 245 3866 Latinis
266 3818 329 3864 non
350 3796 512 3863 insolitum
533 3802 584 3863 est
605 3797 710 3863 dioere
731 3798 790 3862 αἰα
810 3798 893 3883 olba,
915 3798 1065 3883 eandida,
1098 3806 1132 3869 et
1153 3801 1240 3867 simi·

121 3902 195 3974 liter
217 3900 331 3967 Graeci
352 3896 432 3980 χιὼν
453 3899 562 3986 λευκή,
585 3899 660 3982 quio
681 3901 788 3967 oeulos
809 3904 1031 3986 praestringit3
1063 3921 1126 3986 quo
1147 3903 1240 3968 intel-

120 4004 205 4071 leetu
226 4003 383 4070 Pmdsrus
404 3999 496 4083 Pyth.
518 3999 589 4067 120
611 3996 705 4082 ὀξεῖα
724 4000 806 4086 χιών
827 4009 861 4071 et
870 4005 1039 4088 Euripides
1051 4006 1165 4071 lieeoln
1177 4003 1238 4072 661

122 4109 243 4191 λευκῆς
262 4102 373 4187 χιόνας
396 4096 545 4189 εὖαυγεῖς
565 4103 666 4185 βολαί
676 4152 690 4189 ,
719 4106 778 4173 sed
810 4107 879 4173 siue
911 4106 976 4172 ullo
1010 4105 1124 4175 effectu
1156 4108 1241 4175 idem

120 4208 192 4275 Hel.
215 4207 235 4271 3
259 4208 381 4284 Νεῖλος
393 4207 509 4292 λευκῆς
530 4202 686 4294 τακείσης
704 4204 816 4291 χιόνας
839 4202 984 4293 ὑγραίνει
1007 4203 1098 4293 γύας,
1121 4208 1240 4275 neudu-

121 4307 180 4375 eile
200 4308 372 4388 mtelleetu,
394 4326 490 4392 quem
510 4307 575 4375 vim
595 4307 713 4376 hebmt
733 4310 765 4376 in
786 4309 864 4378 Hes
873 4309 953 4394 Opp.
975 4308 1050 4393 535,
1071 4309 1126 4377 ubi
1147 4329 1240 4379 senes
