2736 4778
249 346 322 421 118
409 336 413 345 ’
612 344 931 415 mssmtrfflo
963 345 993 410 Ι.

246 544 284 596 tc
306 526 545 617 παραλήγοται,
568 532 777 613 περισπάσαι
791 530 848 614 ²⁸)
869 533 966 615 νηιιῦ,
988 532 1106 605 ποποῖ,
1123 532 1250 612 procuri.
1292 531 1364 597 Sed

247 635 354 697 παπιῦ
376 652 443 693 non
461 628 757 714 'anadiplasiacmot
779 651 876 716 quem
895 630 949 695 ille
971 628 1060 706 dicit,
1085 640 1215 694 auctum
1234 630 1366 696 videtur

147 767 148 771 =
247 729 306 795 ced
328 751 368 794 eo
391 729 447 815 qui
469 750 545 794 vere
563 729 610 793 ita
634 731 821 816 appellatur
845 730 908 796 hoc
934 740 987 795 eut
1007 730 1265 817 reduplicatioue
1288 730 1363 796 the·

245 829 354 894 mutioi
369 828 447 897 πάω
464 830 553 894 unde
571 830 777 917 percutiendi
795 830 895 897 verba
910 827 1002 897 παίω
1023 840 1057 895 et
1071 828 1191 897 πάλλω
1208 831 1363 895 latinum·

245 951 309 1014 que
323 932 422 1013 palpo
439 941 537 1015 atque
553 930 649 996 etiam
664 931 824 996 novitium
838 926 1047 998 auunculo
1059 929 1123 995 hoc
1134 941 1184 996 eet
1194 931 1305 1017 palpo.
1318 967 1361 980 —

238 1025 326 1095 Ἀπά
344 1035 404 1096 τοῦ
421 1024 517 1098 άπτω
532 1030 570 1098 τὸ
585 1031 702 1113 βλέπω
717 1031 841 1115 γίνεται
856 1029 1038 1097 παπταίνω
1054 1030 1360 1114 ποιητινιῦςθοὴολ

244 1129 350 1216 Soph.
372 1132 429 1215 Aj.
453 1131 503 1196 11.
527 1132 616 1218 quod
638 1129 692 1196 alii
714 1131 834 1197 rectius
856 1129 1041 1215 anadiplosi
1064 1128 1242 1195 attribuunt
1264 1153 1295 1196 v.
1319 1131 1359 1199 O.

243 1230 342 1297 VIII.
374 1235 400 1315 §.
427 1232 459 1296 2.
488 1269 530 1281 -
562 1226 616 1297 ’Ea
645 1236 707 1299 τοῦ
732 1228 851 1300 πάλλιο
879 1228 917 1295 τά
944 1235 1024 1296 ataui
1046 1228 1172 1310 πάλλιξ
1192 1229 1249 1296 ναὶ
1271 1227 1360 1298 olno-

242 1330 329 1418 βολῇ
351 1335 411 1398 τοῦ
432 1319 465 1398 π’
483 1330 539 1398 aaz
560 1336 672 1420 τροπῇ
693 1319 801 1399 roric
828 1327 877 1408 εἷς
903 1317 929 1416 ἦ
951 1320 1043 1417 ἧλιξ·
1067 1325 1101 1396 ολ
1129 1330 1192 1414 γάρ
1212 1326 1360 1398 Ἀττικοὶ

242 1430 322 1508 τοὺς
350 1432 530 1516 νεὼτέοους
558 1429 727 1510 πάλλινας
756 1432 888 1515 λέγουσι
909 1431 1020 1517 Epim.
1042 1430 1071 1495 Ι.
1091 1430 1236 1508 321128.
1258 1441 1292 1496 et
1311 1433 1360 1497 11.

242 1531 316 1596 373.
350 1530 420 1599 Sed
441 1531 537 1618 hujus
558 1554 693 1618 quoque
714 1531 869 1608 nominis,
898 1531 989 1616 quod
1016 1530 1051 1594 in
1071 1531 1200 1595 novella
1220 1531 1362 1598 Graecia

241 1633 341 1718 viget,
368 1633 459 1698 testis
488 1633 596 1698 nullus
623 1645 752 1721 praeter
777 1631 1031 1709 Grammaticos,
1058 1652 1097 1695 ac
1126 1631 1155 1694 ui
1182 1631 1263 1716 quid
1285 1654 1360 1697 cum

241 1721 320 1819 ἧλιξ
338 1735 522 1800 commercii
542 1733 652 1813 habet,
673 1745 760 1798 certe
781 1732 845 1799 hoc
866 1733 968 1797 multo
989 1731 1154 1816 antiquius
1174 1742 1233 1797 eet.
1269 1732 1358 1818 Syn-

243 1851 363 1917 onyma
381 1834 449 1900 fere
470 1845 547 1900 eunt
567 1829 687 1922 λλλοιαρ
712 1833 750 1899 τὸ
778 1828 1003 1919 άλουροΰῖ),
1027 1826 1142 1918 άλημα
1167 1831 1206 1896 cd
1219 1831 1357 1900 λεπτὸν

242 1927 385 2020 άλυυρον
406 1945 438 1999 et
459 1933 601 2019 πάλημα
622 1931 715 2019 πάλη
738 1930 903 2019 πσσπάλη
922 1934 1030 2016 polleo
1050 1954 1080 1996 v.
1098 1932 1141 1996 ad
1159 1935 1216 2018 Aj.
1232 1955 1263 1997 v.
1280 1933 1357 1998 330.

241 2034 301 2100 ced
322 2057 342 2098 a
364 2035 500 2100 diversis
524 2034 662 2100 lemae
683 2034 798 2120 etymia
822 2028 914 2101 ἀλεῖν
928 2032 1050 2097 molere
1067 2043 1101 2097 et
1115 2035 1256 2101 πάλλοιν
1272 2057 1357 2119 quc·

240 2147 319 2212 tere,
340 2157 417 2200 nam
432 2135 524 2224 πάλη
547 2136 615 2203 sive
630 2134 721 2225 παλή
738 2135 856 2200 dicitur
869 2135 976 2200 farina
989 2134 1094 2201 cribro
1110 2135 1283 2221 pollinurio
1298 2159 1357 2201 ex-

241 2257 352 2313 cussa,
382 2238 420 2303 τὸ
452 2230 734 2320 ἄποπαλλάμινον
764 2232 969 2305 λεπτότατον
998 2241 1059 2302 τοῦ
1091 2229 1235 2324 ἀλεύρου
1260 2237 1356 2303 Euct.

241 2336 314 2413 786,
336 2336 388 2402 20.
413 2336 464 2400 vel
484 2347 522 2400 ut
543 2335 654 2403 Schol.
676 2334 716 2400 11.
738 2334 787 2400 X:
809 2336 839 2399 7.
863 2335 943 2399 dicit
962 2334 1001 2401 τὸ
1025 2333 1277 2419 ἕνπασσόμενον
1303 2340 1356 2406 λε-

240 2440 519 2522 πτομερέστατον.
563 2436 850 2519 Quemadmodum
878 2445 987 2500 autem
1013 2434 1169 2514 πάσσειν,
1205 2437 1355 2514 πάλλειν,

239 2536 415 2615 παλύνειν,
447 2535 635 2606 παλάσσειν
665 2538 775 2604 multis
808 2535 957 2624 partibus
991 2559 1029 2601 ce
1064 2538 1274 2623 contingunt,
1307 2542 1356 2606 uic

240 2640 337 2704 etium
361 2639 526 2708 ἅλλεσθαι
549 2649 581 2704 ct
602 2638 796 2707 πάλλεσθαι
817 2660 917 2725 saepe
941 2637 1196 2724 significationes
1214 2641 1298 2706 inter
1319 2666 1355 2707 se

239 2739 487 2815 communicent,
510 2740 598 2805 unde
618 2740 674 2804 illa
692 2740 863 2826 multiplex
888 2738 1048 2804 dubitatio
1072 2740 1113 2805 de
1136 2742 1256 2807 cor-isto
1280 2737 1356 2811 άνέ-

239 2841 358 2916 πάλτο,
380 2862 478 2923 quam
503 2841 624 2906 diserte
646 2842 787 2928 explicat
803 2839 995 2927 Spitznerus
1011 2840 1203 2907 EchVI.
1235 2843 1355 2927 Neque

238 2950 346 3006 tamen
374 2938 417 3005 ob
448 2961 519 3005 eam
542 2963 611 3007 rem
637 2941 862 3029 amplectimur
888 2941 1083 3007 seutentiam
1110 2940 1151 3006 ab
1174 2943 1254 3008 ΕΜ.
1278 2943 1352 3022 648,

239 3042 289 3107 14.
311 3042 409 3107 lutum
430 3041 468 3107 τὸ
492 3040 610 3109 πάλλιο
632 3043 728 3131 παρὰ
751 3042 788 3108 τὸ
813 3040 904 3110 άλλω
930 3039 968 3108 τὸ
991 3045 1100 3127 aprici.
1144 3040 1298 3129 Πολάιης
1320 3059 1353 3110 et

237 3141 355 3229 ἐλάτης
375 3154 500 3208 veteres
518 3144 593 3227 jure
617 3167 742 3209 summo
766 3144 901 3209 diversis
924 3144 1094 3228 assignant
1120 3144 1289 3232 principiis
1320 3159 1354 3212 et

236 3256 273 3309 ut
295 3243 335 3308 ab
358 3242 421 3307 hoo
441 3241 608 3330 βοηλάτης
630 3245 848 3329 compositum
870 3256 936 3323 est,
965 3246 1013 3311 sic
1041 3245 1082 3310 ab
1105 3245 1160 3310 illo
1183 3245 1353 3328 βουπελά-

235 3368 295 3429 της
315 3341 503 3425 bubsequa;
531 3341 738 3422 βουπελάται
768 3341 800 3410 ολ
820 3342 981 3426 βουκόλοι
1003 3339 1079 3433 ἤτοι
1102 3351 1161 3412 τοῦ
1184 3333 1211 3414 ᾖ
1235 3368 1353 3432 περισ-

236 3442 401 3520 σεύοντος,
422 3438 604 3526 βουελάται
625 3439 688 3526 γάρ
711 3438 804 3519 εἰσιν,
831 3437 851 3529 ἢ
872 3444 966 3530 παρὰ
988 3446 1024 3511 τά
1050 3447 1157 3526 πέλας
1176 3451 1242 3512 τῶν
1263 3452 1354 3528 βοοῖν

237 3536 338 3620 εἶναι,
370 3537 389 3609 3
412 3542 467 3610 καλ
488 3543 619 3625 βέλτιον
641 3541 719 3609 Seh.
742 3543 855 3629 Apoll.
878 3540 938 3610 IV.
963 3545 1054 3611 1342.
1079 3546 1126 3611 sic
1149 3547 1235 3613 enim
1256 3546 1350 3635 pleo-

236 3666 350 3710 nasmo
379 3643 435 3708 illo
463 3644 703 3728 supersedetur.
753 3639 823 3728 'an'
853 3644 1023 3736 ἐπίβλημα
1052 3647 1147 3731 παρὰ
1182 3648 1242 3734 τὴν
1271 3651 1352 3737 περὶ

234 3744 316 3813 ΕΜ.
341 3743 413 3820 374,
437 3744 487 3807 12.
510 3744 570 3808 sed
598 3743 680 3809 illud
697 3747 912 3812 Buttmannus
939 3747 1084 3814 Gramm.
1107 3747 1154 3814 Π.
1177 3749 1251 3814 463.
1277 3773 1353 3815 cum

235 3898 410 3914 ν,-

303 4005 350 4069 33)
368 4001 495 4056 Eundem
512 3998 549 4052 ob
570 4013 681 4051 caueam
699 3998 837 4053 Arcadius
855 4017 883 4069 p.
902 4000 960 4052 119.
978 4003 1054 4067 βαβαῖ
1072 4003 1188 4069 (βαυβιῡ)
1208 4003 1285 4056 πιπῶ
1303 4005 1351 4055 καὶ

235 4086 327 4142 ὗπιπῶ
340 4096 394 4141 otc.
406 4082 586 4142 circumflecti
601 4085 685 4136 docet
696 4085 747 4137 aed
759 4101 816 4137 non
829 4083 955 4138 excludit
966 4086 1216 4155 brachyparalecta
1228 4094 1259 4140 ut
1271 4092 1349 4154 βιβῶ.

304 4190 350 4256 37)
362 4189 417 4243 Pro
434 4182 543 4260 λρόβοιο
559 4179 697 4255 παλήμιιιι
711 4183 772 4237 Nic.
787 4184 833 4238 Al.
848 4187 905 4237 561.
919 4188 974 4239 duo
989 4189 1068 4242 codd.
1083 4190 1221 4257 praebent
1233 4186 1350 4256 πιιλήιιιι

235 4283 266 4331 ut
285 4271 411 4347 καρήατι,
432 4276 509 4345 quod
531 4270 649 4328 forsitan
670 4271 795 4323 παλιλιιιι
813 4271 993 4325 scribendum
1012 4272 1056 4324 ait.
