2736 4778
294 365 359 431 un
383 364 661 434 Pnancrnsr.
707 366 746 434 c.
771 367 809 433 u.
841 373 865 456 ς.
888 371 919 436 a
1095 377 1172 452 417

54 551 105 617 29.
117 559 247 616 constat
256 572 333 616 vero
346 545 457 632 ἐρινδς
468 548 527 615 καὶ
538 551 739 639 πλεονασμῷ
759 555 816 618 τοῦ
834 542 992 641 {locastis
1003 555 1172 638 Choerob.

56 653 152 719 Orth.
166 653 238 718 199.
254 652 313 718 sed
327 650 369 716 ab
385 649 458 715 aliis
477 649 521 714 ad
539 673 707 739 syncopen
729 652 865 718 refertur
879 676 909 720 v.
921 655 961 721 P.
973 657 1000 722 Ι.
1017 681 1044 724 c.
1056 660 1087 726 2.
1104 662 1129 747 ξ.
1138 661 1170 728 5.

55 777 121 839 quo
143 754 219 819 loco
242 749 358 833 λσχεδς
381 761 414 816 et
442 750 559 816 similia
582 752 725 818 exhibui.
769 754 823 819 Ex
857 755 1019 825 femininis
1047 759 1174 846 primae

56 853 283 920 declinationis
310 851 375 917 huc
403 852 546 917 referunt
569 856 721 941 Νεερέας
746 847 817 922 dno
846 862 904 944 τῆς
933 863 1048 944 νευρᾶς
1070 862 1172 926 πλεο-

54 958 173 1042 νασμῷ
202 958 261 1022 τοῦ
287 940 313 1019 ἶ
338 953 418 1018 ΕΜ.
447 952 525 1030 601,
560 953 610 1020 39.
646 954 705 1019 sed
735 978 835 1041 quum
864 957 906 1021 ad
933 951 1113 1045 ἀδελφεούς
1143 972 1176 1026 et

59 1050 203 1140 ἔρινειδς
224 1053 425 1140 respicimus,
449 1054 609 1120 dubitatio
632 1054 780 1122 oboritur
799 1080 841 1123 ne
863 1057 945 1123 illud
968 1058 1089 1125 alicubi
1112 1083 1176 1149 pro

58 1151 190 1240 νεορεία
213 1154 333 1218 dictum
355 1155 412 1234 sit,
439 1157 529 1242 quod
554 1157 697 1244 speciem
719 1158 870 1244 adjectivi
891 1158 991 1225 babet
1012 1182 1086 1226 cum
1105 1162 1174 1250 sig·

55 1255 245 1321 nificatione
268 1255 466 1323 substantiae
485 1281 516 1323 v.
539 1257 658 1323 Purall.
681 1259 755 1324 354.
779 1259 857 1325 item
878 1271 915 1325 ut
936 1264 1055 1350 νηπιέρ
1078 1262 1172 1328 lemi-

55 1357 169 1422 ninum
192 1380 264 1424 esse
287 1359 429 1424 creditur
451 1359 601 1445 adjectivi
627 1357 795 1446 νρπίειος,
842 1360 932 1445 quod
960 1382 1064 1446 genus
1088 1364 1174 1428 anti·

55 1459 176 1525 meriae
197 1460 354 1525 illustravi
376 1485 409 1548 p.
431 1461 505 1528 360.
548 1459 721 1547 Euphorio
747 1483 847 1545 quum
874 1461 1039 1527 Arcadiae
1058 1463 1175 1531 urbem

56 1561 169 1648 Ns'dpa
191 1562 465 1628 transnominaret
486 1560 616 1651 Νεδέην
633 1559 780 1626 Meinek.
802 1560 911 1625 Anall.
942 1562 1012 1627 139.
1037 1563 1174 1630 diectasi

56 1685 136 1727 usus
162 1675 212 1728 est
232 1663 321 1729 baud
342 1664 470 1730 insueta
492 1661 685 1750 praesertim
708 1662 742 1725 in
768 1661 921 1748 propriis.
967 1659 1049 1750 Γενή
1071 1663 1176 1730 Calli-

56 1762 192 1830 machus
226 1788 246 1829 a
276 1765 450 1831 thematico
483 1765 566 1850 γένω
605 1761 761 1829 derivavit
792 1764 909 1828 eodem
941 1762 1106 1836 intellectu
1137 1775 1177 1832 ut

57 1860 160 1952 γενεή,
183 1863 247 1931 hoc
268 1888 345 1932 vero
367 1866 447 1931 EM.
470 1866 548 1944 225,
576 1866 628 1931 30.
658 1876 746 1930 recte
775 1864 864 1929 ducit
892 1886 911 1927 a
936 1874 1051 1930 neutro
1082 1865 1180 1951 γένος

57 1975 95 2027 ut
125 1957 214 2050 εἶρος
241 1964 335 2056 ἕρέα,
366 1960 457 2046 εἶδος
488 1963 574 2031 ἰδέα.
620 1965 784 2050 Κεστρέαι
815 1957 906 2043 εἶδος
933 1960 1059 2044 ἰχθύων
1079 1965 1175 2033 Suid.

58 2065 197 2130 fortasse
227 2058 368 2133 sumtum
406 2080 456 2135 est
491 2089 509 2132 e
537 2064 649 2134 Schol.
678 2063 780 2130 Arist.
810 2062 921 2128 Nubb.
953 2065 1026 2129 338.
1054 2060 1114 2148 οὐχ
1143 2061 1177 2130 oi

60 2160 158 2230 αδσοὶ
186 2173 259 2246 τοῖς
287 2174 478 2254 κεστρεῦσιν
503 2165 538 2234 αἶ
568 2166 736 2250 κεστρέαι·
773 2165 831 2228 sed
857 2164 891 2228 in
921 2162 1048 2230 Comici
1079 2188 1177 2233 versu

60 2268 217 2353 scriptum
239 2279 289 2333 est
316 2271 456 2355 κεστρᾶν
477 2267 611 2352 τεμάχη.
655 2262 817 2348 Hesycbii
836 2264 928 2330 locus
947 2259 1025 2355 Ὀχή
1046 2265 1175 2356 cordyla

58 2367 168 2456 τροφή
190 2369 411 2456 suspicionem
433 2367 571 2457 praebet
593 2366 669 2445 duo,
690 2375 728 2430 ut
749 2388 858 2452 saepe,
882 2367 1017 2432 confusa
1033 2390 1179 2434 essevo-

60 2466 176 2533 cabula
196 2470 308 2557 specie
333 2470 458 2549 similia,
477 2464 554 2556 ὂχεή
577 2479 610 2533 et
635 2461 712 2554 δχή·
743 2488 817 2532 nam
847 2469 937 2553 quod
958 2467 1176 2535 Ruhnkenius

60 2560 172 2653 adjicit
190 2571 287 2636 Arati
309 2574 513 2659 exemplum,
537 2567 767 2635 subtraxerunt
790 2569 930 2637 Vossius
954 2580 986 2634 et
1001 2571 1179 2636 Buttman-

58 2692 121 2735 nus
146 2666 207 2758 δχή
232 2671 268 2737 id
298 2682 348 2737 est
369 2668 500 2761 τρώγλη
526 2671 560 2735 in
583 2665 660 2758 δχεὴ
684 2680 855 2736 mutantes.
898 2671 967 2735 Pro
990 2673 1178 2738 accusativo

60 2767 174 2857 εἷρέας
195 2772 279 2839 Hes.
302 2771 366 2837 Tb.
390 2772 462 2837 804.
484 2771 632 2837 nonnulli
644 2769 840 2836 Criticorum
862 2771 1098 2838 substituerunt
1112 2797 1178 2840 no·

59 2872 124 2935 tius
148 2868 251 2954 εἴρας.
296 2873 365 2941 Sed
387 2874 617 2939 inconcussum
644 2873 786 2959 perstitit
819 2864 899 2961 ὅσχη
928 2873 1017 2959 apud
1038 2874 1180 2961 Hippo-

60 2983 181 3038 cratem
203 2975 335 3060 saepius
363 2975 520 3060 scriptum
542 2996 602 3060 pro
625 2967 738 3053 δσχέα.
784 2971 955 3037 Celebrior
983 2973 1100 3038 notitia
1127 2983 1178 3041 est

59 3073 227 3139 nominum
260 3075 390 3161 generis
422 3073 548 3140 neutri:
583 3070 737 3156 δένδρεον
774 3069 808 3136 ἐν
837 3072 1039 3159 πλεονασμῷ
1070 3061 1177 3143 τοῦ-ε

61 3174 266 3261 Theognost.
291 3174 372 3242 Can.
399 3175 476 3252 127,
506 3173 557 3238 19.
587 3164 672 3237 ὤεον
703 3169 738 3236 ἒν
764 3172 966 3258 πλεονασμῷ
987 3175 1045 3238 τοῦ
1065 3159 1178 3242 {dno

59 3280 120 3342 τοῦ
142 3272 210 3343 οἷόν
231 3301 265 3365 p.
291 3278 369 3355 121,
401 3275 452 3341 10.
479 3294 618 3360 quorum
643 3271 724 3336 illud
753 3271 780 3336 si
810 3292 850 3336 ex
879 3279 984 3336 aetate
1008 3281 1179 3341 auctorum

62 3376 286 3457 aestimamus,
328 3375 494 3462 antiquius
525 3387 575 3440 est
602 3371 763 3458 bisyllabo
797 3373 945 3458 δένδρον,
981 3395 1012 3438 v.
1033 3374 1176 3442 Bredov.

59 3477 149 3544 Dial.
173 3479 300 3544 Herod.
324 3502 357 3566 p.
380 3478 442 3545 251
467 3501 516 3564 sq.
546 3475 681 3541 alterum
705 3472 858 3539 desciscit
881 3494 901 3536 a
924 3474 1039 3560 regula
1060 3497 1180 3541 accen·

61 3589 125 3656 tus,
151 3601 250 3664 quem
271 3580 430 3646 Technici
451 3574 694 3644 abundantibus
717 3572 995 3660 praescribunt‘).
1039 3576 1080 3641 ln
1104 3577 1178 3644 He·

62 3679 149 3745 siodi
176 3702 272 3745 versu
299 3683 380 3770 τῇδε
409 3678 473 3767 γὰρ
505 3672 623 3765 ἇξυλλῃ
652 3670 863 3741 κατεπύθετο
891 3671 996 3764 mileo
1015 3683 1103 3766 νριῦν
1120 3679 1182 3746 Fr..

61 3779 271 3851 CCXLVH.
295 3780 323 3847 si
345 3776 473 3870 ἆξαλίη,
495 3789 533 3844 ut
554 3776 665 3845 Schol.
681 3774 736 3853 ait,
751 3772 788 3841 τὸ
801 3775 847 3865 μὴ
860 3774 1060 3865 ξυλισθῆναι
1074 3779 1183 3866 signi-1

61 3882 153 3960 fleat,
184 3882 265 3948 silva
293 3881 456 3948 incaedua
482 3877 678 3948 describitur
700 3876 734 3942 in
763 3898 828 3962 qua
855 3875 937 3956 ξύλα
958 3873 1034 3963 νήια
1062 3877 1184 3964 inopia

133 4124 160 4189 b)
171 4120 282 4176 Nomen
294 4119 405 4192 plurale
418 4126 527 4175 tantum
540 4117 573 4174 τὰ
591 4113 678 4188 ἄκρεα
696 4117 731 4170 ab
751 4112 885 4169 inusitato
908 4110 935 4166 ιδ
957 4105 1043 4182 εἴαρος
1061 4112 1182 4172 ductum

63 4206 174 4263 videtur
186 4213 216 4262 ut
229 4205 259 4264 νδ
278 4210 391 4282 μέτρια,
414 4223 472 4276 quo
491 4212 593 4278 poetae
613 4199 755 4259 christiani
775 4205 908 4262 utuntur,
928 4213 945 4249 a
963 4197 1131 4270 metaplasto
1148 4196 1182 4293 'r'o

62 4297 171 4365 μίιρσς.

114 4382 248 4429 Lobeok.
261 4381 353 4422 rauor.
927 4367 969 4433 27
