2736 4778
139 363 200 430 146
513 361 792 429 DISSERTATIO
819 362 899 430 VIL-
1148 442 1155 452 ¹

130 520 343 623 Ἂρίσβηθεη,
357 478 503 615 Ἴδηθεν,
526 522 715 616 Κρήτηθεν,
735 522 889 608 Ἰλιόθεν,
906 522 1125 616 Καβησόθεν,
1139 530 1268 617 Καθη-

136 625 249 716 ρόθεν,
271 625 464 713 Λεσβόθεν,
488 625 698 718 Σιδονίηθεν,
725 627 931 717 Τροίηθεν*)
952 634 987 695 et
1006 629 1040 695 in
1059 626 1126 696 fine
1150 648 1268 699 versus

135 730 312 820 Λυκίηθεν
333 732 522 798 succedente
542 732 576 796 in
597 732 739 814 proximo
760 731 869 798 vocali
913 728 1041 813 Species
1063 733 1176 799 altera
1189 752 1264 817 pro·

134 833 285 900 renutu
317 834 357 900 ab
390 833 588 917 appellativis
620 835 759 901 omnium
780 834 1038 901 declinationum:
1071 831 1262 924 ἀγορῆθεν,

134 931 296 1025 άγρόθεν,
320 933 452 1016 ἁλόθεν,
486 933 657 1024 δαίτηθεν,
692 934 853 1026 δημόθεν,
876 932 1013 1014 θεόθεν,
1036 931 1169 1025 η’ὥθεν,
1194 940 1262 1007 λιι·

132 1037 300 1124 μιανόθεν,
323 1034 467 1116 οἷ’νοθιν,
492 1033 688 1126 ον’ρανόθεν,
712 1039 897 1126 πατρόθεν,
909 1036 1064 1120 πεδόθεν,
1078 1038 1260 1119 ποντόθεν,

135 1138 341 1230 πρύμνηθεν,
365 1135 573 1229 ίπερωῖόθεν
595 1136 730 1228 ὑψόθεν
741 1141 816 1226 (nisi
830 1142 890 1209 hoc
904 1142 945 1207 ab
968 1137 1061 1233 όψοῦ
1075 1141 1259 1211 derivatim

133 1244 197 1328 est)
230 1249 265 1310 et
290 1243 331 1310 ab
353 1242 530 1309 adiectivis:
562 1240 709 1324 αίνόθεν,
743 1238 900 1321 ι’ίλλοθεν,
934 1239 1091 1323 αότόθιν,
1124 1240 1258 1326 aidau,

134 1342 312 1424 πάντοθεν,
347 1364 429 1428 quoe
461 1344 567 1412 omnia
599 1344 659 1411 hoo
690 1365 754 1413 uno
785 1347 880 1412 modo
913 1346 1031 1429 scripta
1051 1348 1259 1430 reperiuntur

132 1453 260 1531 praeter
282 1442 408 1536 θύρηθ’
433 1447 491 1514 Od.
513 1447 590 1513 XIV
604 1447 668 1514 352
690 1455 724 1515 et
742 1447 893 1537 Τροίηθε
915 1448 952 1514 Il.
966 1448 1074 1515 XXIV
1093 1447 1164 1517 492
1187 1445 1257 1517 dut

135 1548 284 1640 Τροίηθε
305 1546 467 1635 μολόντας
498 1549 557 1615 sed
588 1567 664 1632 pars
685 1550 829 1617 codicum
851 1551 913 1617 alio
936 1556 1054 1617 mutat:
1081 1550 1256 1641 Τροίηθεν

132 1648 236 1730 ἰόντε,
269 1651 365 1734 idque
386 1650 570 1735 Spitzncrus
592 1653 759 1732 revocavit,
791 1653 958 1719 Bekkerrrs
980 1659 1175 1735 upunams
1196 1662 1254 1736 cst,

132 1754 189 1820 sed
219 1751 327 1820 firmat
347 1754 531 1836 Apollonius
552 1753 631 1818 nov.
653 1751 726 1819 603.
748 1754 790 1819 27
823 1748 844 1841 ἡ
866 1751 1046 1841 κατάληξις
1066 1749 1088 1841 ἢ
1111 1752 1175 1823 διὸ
1195 1762 1255 1824 τοῦ

131 1858 186 1928 εἴη,
216 1851 380 1923 οίιδόποτε
412 1857 449 1921 τὸ
483 1851 728 1939 ἱάποβάλλει·
762 1855 800 1922 τό
835 1855 897 1942 γάρ
923 1856 1109 1940 Λεσβόθεν
1142 1853 1254 1926 οίιιιίτι

131 1954 310 2042 Λεσβόθε,
346 1956 425 2028 οίιδό
458 1952 541 2025 άλλο
574 1982 607 2025 τι
640 1962 706 2024 τιλν
727 1956 897 2026 τοιούτων.
962 1958 1058 2025 Haud
1078 1959 1186 2026 minor
1206 1966 1256 2027 αἱ

132 2059 263 2127 Homeri
285 2062 464 2127 constantie
484 2062 517 2126 in
538 2061 587 2140 iis,
621 2078 702 2143 quac
735 2061 775 2127 ab
810 2061 1008 2144 appellativis
1041 2066 1075 2128 et
1096 2062 1252 2144 appositis

129 2160 271 2245 profecta
303 2169 385 2230 sunt„
452 2162 515 2231 Sed
547 2181 587 2228 ea
618 2166 724 2229 cessat
754 2164 787 2228 in
820 2163 920 2230 altero
953 2169 989 2232 el
1012 2164 1108 2231 tertio
1136 2182 1251 2247 genere

46 2252 49 2260 ’
131 2264 301 2346 ἔντοσθεν,
325 2264 491 2350 ἔντοσθεν,
505 2260 667 2352 πρόσθεν,
680 2256 836 2349 όπισθεν,
850 2263 1045 2354 ἑκάτερθεν,
1067 2266 1251 2346 λιασοειιίω,

130 2368 185 2433 ubi
206 2386 317 2433 versus
338 2369 454 2451 poscit,
488 2384 583 2448 saepe
617 2371 844 2432 consonamet
864 2386 1088 2485 nonnunquam
1108 2368 1252 2458 vocalem

131 2471 160 2535 ei
191 2471 406 2552 praepositam
428 2470 592 2535 amittunt:
626 2465 764 2553 πρόσθ’,
786 2445 917 2537 ὄπισθ’.
973 2470 1146 2548 Quaeritur
1167 2489 1251 2550 vero,

130 2572 285 2654 quomodo
318 2572 485 2637 scribendo
519 2573 582 2636 sint
614 2571 646 2635 in
681 2571 768 2636 exitu
789 2590 952 2652 versuum;
984 2572 1036 2638 hic
1070 2573 1158 2639 enim
1178 2572 1252 2639 libri

131 2675 239 2756 scripti
262 2674 479 2755 impressione,
512 2677 665 2754 quantum
686 2673 832 2754 equidem
855 2693 893 2739 ex
917 2675 998 2739 raris
1021 2673 1213 2740 editorum
1202 2693 1250 2740 m·

130 2775 218 2841 dioiis
230 2775 369 2857 cognovi,
385 2776 556 2857 plurimum
568 2773 725 2840 differunt
769 2775 915 2843 codicem
926 2778 1093 2843 Paulinum
1107 2778 1251 2843 omnium

129 2878 382 2959 antiquissimum
403 2878 566 2961 praedicat
586 2877 752 2943 Emcstius
774 2878 806 2942 in
827 2878 926 2959 praef.
958 2898 987 2961 p.
1010 2880 1039 2945 V
1060 2877 1111 2943 ou
1134 2892 1250 2963 αιειοιπ,

128 2982 243 3063 inquit,
279 2981 391 3044 caterio
423 2979 515 3044 libris
547 2978 640 3044 ιδίιίε
673 2978 813 3042 ονηνιιόαε
835 2981 1014 3044 accuratior
1035 2992 1081 3044 eat
1113 2982 1150 3046 ν’νι
1170 2992 1248 3046 πονε·

127 3084 226 3147 uulla‘a
246 3083 329 3147 uelut
350 3084 384 3146 iu
404 3083 679 3171 ἶὲφελνυστικῷ,
703 3083 736 3144 iu
758 3104 819 3165 quo
841 3081 1026 3167 uourpoudo
1050 3083 1098 3145 ιἐο
1118 3085 1249 3149 variant

127 3187 230 3267 ceteri,
263 3197 300 3248 ut
332 3186 366 3248 ι’νι
399 3208 530 3249 caesura
563 3185 775 3268 clausulaeque
801 3205 946 3247 uersuum
972 3196 1082 3248 temere
1104 3186 1248 3251 coculla

127 3300 215 3351 certo
247 3288 312 3375 λεηε
343 3287 392 3351 vel
412 3285 555 3350 additum
575 3287 626 3351 uel
645 3286 794 3349 omassum
815 3285 867 3366 eir,
883 3284 947 3349 ‘tic
968 3297 1071 3350 autem
1092 3285 1173 3352 lotor
1194 3288 1246 3353 ιλα

126 3401 273 3453 οοιιειονιε
295 3401 349 3466 eat,
372 3400 407 3452 ut
428 3411 491 3451 ποιι
511 3400 642 3474 usurpet
663 3385 747 3453 illud
766 3391 792 3461 γ’
814 3389 848 3452 iu
870 3409 1004 3451 caesura
1024 3410 1080 3452 uec
1100 3389 1136 3453 ίνι
1157 3390 1245 3455 dca-

124 3488 204 3555 cett
236 3513 396 3572 νονειιιιινι,
429 3513 523 3579 quum
554 3513 686 3575 sequeus
718 3512 829 3554 εονειιε
857 3513 879 3552 ο
907 3503 1096 3554 οονιεοπονιεε
1117 3491 1244 3577 sumpt,

124 3603 234 3656 eontra
256 3615 377 3678 semper
398 3591 524 3675 λισόεαι,
554 3613 649 3676 quum
676 3614 807 3678 sequeno
829 3592 941 3676 ι’νισόρίε
963 3615 983 3654 α
1005 3592 1117 3657 occuli.
1173 3595 1245 3662 Hoc

124 3694 216 3759 modo
248 3696 281 3759 in
314 3695 502 3761 editionibus
524 3695 641 3760 nostris
674 3701 749 3760 ante
781 3697 907 3762 vocales
933 3696 1050 3777 legion
1071 3690 1246 3784 πάροιθεν

123 3801 158 3861 et
180 3793 414 3884 προπάροιθεν
435 3796 472 3862 Il.
495 3795 541 3861 IV
565 3795 634 3878 185,
668 3797 744 3864 XIV
765 3797 830 3864 427
863 3804 931 3879 eta,
964 3802 1039 3863 ante
1071 3816 1243 3865 consonam

125 3895 345 3985 προπάροιθε
368 3898 426 3977 Od.
441 3899 533 3965 XVII
555 3899 627 3979 277,
649 3900 726 3965 item
749 3893 894 3967 όπισθεν
917 3905 951 3965 et
972 3901 1144 3982 composito
1166 3907 1243 3969 ante

123 4000 262 4067 vocalem
285 4001 320 4067 Il.
332 4001 413 4068 XIII
422 3999 495 4082 834,
517 4000 594 4067 XVI
618 4001 689 4082 115,
712 4001 805 4068 XVII
818 4000 889 4083 746,
912 4001 1022 4068 XXIII
1032 4002 1095 4068 505
1118 4008 1152 4069 et
1167 4001 1243 4085 763,

124 4103 183 4168 sed
216 4096 343 4172 όπισθε
375 4109 450 4207 onie
483 4109 524 4172 πῖ
554 4108 589 4168 et
610 4109 651 4191 φῖ
673 4102 731 4170 Od.
753 4105 834 4171 XIII
854 4103 905 4186 84,
938 4105 974 4170 Il.
998 4104 1057 4171 XV
1079 4103 1153 4186 341,
1175 4105 1242 4174 684

123 4233 379 4253 fluv-mun...-

192 4320 245 4389 *1,
246 4327 293 4383 Ae
286 4327 483 4392 λαληθενο
428 4342 466 4395 πρ
469 4332 539 4394 oltra
530 4318 594 4379 ι.Η
612 4327 645 4378 Η.
664 4330 691 4379 ln
708 4329 795 4395 Apoll.
814 4328 929 4384 θλλ“ινι
900 4328 995 4398 murs.
1008 4346 1072 4397 pop
1081 4328 1214 4416 αόναόηνλ
