2736 4778
125 335 200 407 396
410 326 730 399 DISSERTATIO
759 326 805 392 ΙΙ.
848 325 889 392 Ρ.
906 326 954 393 11.

125 535 223 600 quam
249 512 284 576 in
313 511 434 577 nostris
461 511 552 577 libris
581 511 770 598 saepissime
800 510 885 579 ποια
913 508 1065 575 scribitur
1091 508 1194 593 idque
1224 530 1246 574 a

126 613 289 702 Gregorio
317 613 438 700 pariter
463 605 503 677 ’ἱιι
536 611 613 696 ῥοιά
642 623 676 678 et
701 611 800 697 χροία
830 610 950 677 rectius
978 610 1022 677 ad
1049 609 1245 698 epenthesin

126 716 271 783 refertur.
321 715 417 781 Idem
444 715 721 782 consonantium
711 713 853 779 deiectu
885 711 970 779 effici
1002 711 1102 777 tradit
1131 712 1243 799 Epim.

125 819 172 884 IL
194 817 268 883 425.
291 816 443 913 exemplo
464 817 578 904 inepto
601 816 637 884 δκ
659 821 720 884 τοῦ
746 809 867 902 ὡρινός
887 811 1013 900 γίνεται
1032 809 1137 896 ὥριος
1158 811 1245 881 κατὰ

126 913 300 1007 ἀποβολὴν
329 923 431 986 τοῦν
465 912 662 1003 ἇναπέμψιι
691 920 753 985 τοῦ
783 914 882 983 τόνου
918 910 1029 1000 ὥςπερ
1067 907 1246 999 ἑσπορινός

125 1015 297 1106 ἑσπέριος,
326 1017 514 1104 χειμερινάς
540 1016 728 1103 χειμέριος·
756 1038 832 1082 uam
860 1014 1048 1101 adjectiva'
1038 1037 1073 1078 ιιι
1101 1038 1155 1093 ιος
1186 1036 1243 1080 ex-

127 1122 238 1187 euntia
262 1131 380 1186 natura
411 1130 587 1203 gravantur
621 1118 767 1205 exceptis
800 1117 991 1239 perpaucis.
1039 1115 1245 1182 Adverbium

127 1245 188 1309 pro
217 1221 367 1309 exemplo
389 1220 484 1285 affert
502 1221 583 1286 EM.
614 1220 665 1317 19,
692 1221 744 1287 32.
774 1210 939 1306 άέκητι’
917 1215 991 1283 αντὶ
1015 1241 1076 1284 νου
1102 1211 1245 1286 desueti

127 1316 201 1388 κατ’
226 1317 400 1410 ἀποβολὴν
421 1326 481 1389 τοῦ
510 1344 531 1388 σ
551 1346 609 1388 και
634 1324 748 1409 τροπῇ
769 1316 889 1408 ἱωνικῆ
912 1319 987 1406 [τοῦ
1010 1345 1033 1385 α
1054 1314 1104 1398 εἰς
1112 1305 1160 1404 η]
1188 1315 1245 1384 καὶ

126 1415 325 1545 α’ναβιβάσει
344 1426 403 1490 τοῦ
423 1419 536 1491 τόνου·
559 1419 578 1510 ἡ
601 1421 663 1508 γὰρ
686 1416 842 1506 ἀποβολὴ
865 1417 1032 1498 πολλάκις
1052 1414 1245 1504 ἀναβιβάζει

127 1522 203 1602 τοὺς
223 1519 354 1602 τόνους.Ι
391 1524 520 1591 Εοδειιι
540 1525 642 1587 utitur
663 1533 696 1587 et
717 1521 759 1586 ad
787 1522 925 1587 eandem
953 1543 1022 1586 rem
1043 1519 1244 1608 Apollonius

128 1625 170 1690 de
193 1623 288 1709 Conj.
311 1650 345 1712 p.
368 1625 441 1690 500.
464 1626 550 1689 Adv.
573 1622 647 1688 545.
671 1623 730 1688 sed
751 1623 913 1706 adjunctis
935 1623 1024 1687 eliis.
1046 1621 1085 1691 asi
1107 1617 1245 1690 ἂεκαοιί

127 1721 348 1792 ἀποτελεῖ
313 1751 351 1793 το
375 1720 570 1810 dispersori
591 1721 688 1790 τόνου
710 1717 853 1810 εὐλόγως
878 1716 1163 1808 άναβιβασθένιος
1184 1720 1243 1788 καὶ

129 1821 253 1892 καθότι
276 1821 385 1892 ἔνδεια
411 1822 575 1902 πολλάκις
594 1828 653 1891 τοῦ
673 1848 696 1891 ο
718 1820 948 1909 ἀναβιβασμὸν
961 1827 1021 1890 τοῦ
1041 1821 1140 1892 τόνου
1154 1815 1244 1891 oisto-

117 1927 228 2004 πελεῖ,
252 1919 445 2011 οόιάμενος,
469 1920 684 2012 ἑλολάμενος,
708 1920 931 2010 (isauricae,
914 1922 1069 2011 εργάιης
1099 1922 1159 1990 καὶ
1181 1947 1243 1990 κα·

127 2023 210 2095 θόιι
230 2024 273 2095 τὰ
294 2021 395 2114 πάθη
414 2032 487 2104 τοῖς
504 2019 624 2102 τόποις
644 2025 863 2111 συνεκτρέχει,
887 2025 950 2091 boc
973 2035 1023 2090 est
1043 2024 1121 2110 quia
1141 2023 1183 2093 τὰ
1197 2019 1246 2102 εἷς

128 2152 187 2216 της
215 2123 374 2210 ἀρσενικὰ
401 2124 542 2215 βραχείᾳ
570 2121 829 2213 παραληγόμενα
861 2121 1061 2209 raptaverat
1090 2127 1171 2192 Are.
1192 2124 1245 2191 26.

128 2253 159 2294 v.
182 2228 303 2293 Parall.
324 2226 398 2291 447.
425 2226 503 2291 item
528 2237 565 2290 ιιι
585 2225 759 2312 participia
780 2222 970 2310 ἱστάμενος,
997 2221 1245 2310 πιμπλάμενος.

130 2332 253 2399 Verum
274 2328 338 2392 ista
359 2322 545 2392 adverbii’
526 2325 643 2414 αέκητι
666 2326 808 2392 evolutio
831 2327 1002 2413 operosior
1022 2337 1074 2391 est
1092 2349 1192 2412 quam
1210 2336 1247 2392 ut

130 2429 355 2497 assensionem
368 2438 506 2493 moveat.
537 2428 592 2493 De
608 2427 789 2514 participiis
805 2449 879 2492 eum
894 2429 1075 2515 Apollonio
1095 2428 1248 2495 dissentit

130 2534 229 2607 studii
256 2548 416 2596 successor
444 2541 472 2596 ιι
499 2532 624 2594 borres:
653 2528 692 2594 τὸ
719 2522 900 2612 οόνάμενος
922 2530 978 2596 καὶ
1000 2523 1244 2616 ἕληλάμενοςὸ

124 2626 331 2717 Ἡρωδιανὸς
356 2629 391 2694 ἓν
412 2633 452 2716 τῇ
475 2624 625 2695 καθόλου
649 2625 686 2694 οὗ
710 2628 843 2710 δοξάζει
862 2629 947 2696 κατὰ
966 2626 1082 2707 πάθος
1097 2623 1169 2696 άπὸ
1186 2633 1245 2698 τοῦ

131 2725 334 2813 οὐτασμένος
360 2728 417 2794 καὶ
445 2728 667 2814 ἐληλασμένος
694 2722 767 2795 ἀλλ’
798 2724 844 2809 ὡς
868 2723 936 2795 ἀπό
965 2735 1025 2797 τοῦ
1047 2723 1167 2817 οότημι
1189 2729 1247 2797 καὶ

132 2825 272 2917 sirii-pus
303 2827 467 2894 Choerob.
501 2826 582 2892 Can.
617 2828 689 2894 837.
744 2829 954 2897 Substantiva
986 2829 1027 2895 ab
1061 2830 1117 2897 illo
1150 2831 1247 2895 allata

131 2925 332 3016 dedicaveris,
365 2926 528 3017 s‘pyuoer'g
554 2952 716 3013 nusquam
743 2931 875 2996 inventa
898 2943 987 3009 sunt,
1022 2942 1055 2997 et
1080 2953 1165 3016 quae
1195 2931 1246 2996 bis

131 3052 335 3097 communem
363 3054 382 3095 a
410 3030 516 3096 verbis
544 3031 704 3117 originem
734 3031 857 3098 babent
889 3030 1050 3114 θαυμαιά
1082 3030 1155 3100 ἀντὶ
1186 3038 1247 3101 τοῦ

129 3130 314 3214 θαυμαστά
337 3131 448 3198 Schol.
471 3132 569 3197 Pind.
591 3133 646 3200 Ol.
669 3133 697 3198 I.
712 3133 765 3198 43.
789 3131 920 3212 αἰνετός
940 3128 1017 3199 κατ’
1042 3130 1172 3201 ἔνδειαν
1187 3138 1247 3200 τοῦ

131 3221 259 3299 σἘΜ.
287 3232 346 3310 36,
375 3234 426 3297 29.
456 3228 585 3312 όνοιός,
613 3228 749 3319 άγατός,
781 3235 898 3300 eodem
926 3246 1061 3300 accentu
1094 3244 1248 3299 notantur

131 3355 197 3419 quo
220 3357 287 3398 non
308 3333 434 3399 affecta.
477 3335 532 3400 De
561 3334 762 3399 substantivo
789 3337 936 3421 ejusdem
957 3337 1087 3421 generis
1108 3336 1247 3402 verbalis

131 3435 363 3501 incredibiliter
392 3435 547 3500 ariolatur
574 3435 783 3501 Herodianus
813 3438 855 3501 sd
884 3437 923 3502 Il.
951 3437 1085 3505 XXIV.
1107 3437 1182 3502 228.
1208 3436 1248 3503 πό

131 3534 287 3619 ποταμός
309 3534 436 3621 ἐγένετο
459 3535 554 3621 παρὰ
575 3535 614 3603 τό
637 3534 813 3621 ποιασμός
834 3531 917 3604 καθ’
949 3533 1141 3625 ὑφαίρεσιν,
1171 3561 1248 3603 nam

131 3657 238 3719 neque
257 3635 320 3700 boo
341 3659 461 3702 nomen
483 3638 695 3723 cognovimus
717 3660 825 3724 neque
841 3639 976 3704 verbum
996 3636 1165 3721 ποιάζειν,
1189 3638 1249 3705 sed

130 3735 185 3801 ilie
207 3747 315 3801 tamen
335 3736 400 3803 hoc
422 3738 530 3803 dicere
555 3762 622 3805 non
643 3740 807 3826 potuisset
833 3741 860 3806 si
894 3763 967 3806 curn
989 3741 1150 3827 scriptura
1169 3764 1248 3827 pro·

132 3837 259 3902 sodiam
281 3840 396 3902 mutari
420 3840 654 3919 existimasset,
608 3842 775 3939 *quod
799 3841 896 3926 hujus
917 3843 1058 3908 nominis
1083 3843 1249 3908 character
1270 3832 1275 3849 ⁸

129 3961 197 4006 non
226 3938 393 4027 probibet;
427 3964 504 4005 nam
535 3943 568 4006 in
601 3967 687 4023 αμος
717 3943 904 4008 exeuntium
932 3945 1033 4009 multa
1061 3957 1248 4031 gravantur.

129 4040 281 4107 Duorum
303 4041 529 4108 adverbiorum
552 4054 785 4130 oxytonorum,
809 4066 893 4128 quae
909 4045 1036 4129 abjectu
1051 4046 1145 4110 litera
1159 4046 1249 4110 finali

132 4137 291 4224 barytona
315 4143 412 4223 fiunt,
441 4169 542 4210 unum
565 4150 649 4229 χῶρι
671 4145 904 4232 Apollonius
896 4169 967 4235 rpse
991 4145 1065 4212 572.
1089 4146 1168 4212 dicit
1194 4170 1248 4213 ce·
1289 4174 1304 4193 ν

136 4240 211 4305 teris
242 4244 403 4310 adverbiis
432 4247 467 4311 in
488 4235 515 4314 ἶ
538 4245 760 4313 desinentibus
789 4242 863 4336 ips,
892 4245 957 4337 ὕψι
980 4258 1041 4313 etc.
1063 4270 1249 4314 accommo-
