2736 4778
103 350 169 419 DE
190 347 318 416 ALIIS
341 340 580 416 SYNCOPAE
600 338 882 410 annuamus:
901 337 942 407 O.
952 339 982 405 1.
998 341 1024 426 ξ.
1032 338 1063 406 6.
1092 340 1164 416 ³71

54 533 205 623 δαΐφρων
224 532 305 598 ΕΜ.
332 528 407 607 245,
430 527 482 593 18.
525 527 623 592 Hanc
644 525 839 591 cantilenam
857 523 953 592 iterat
977 548 1012 614 p.
1024 526 1099 606 616,
1115 525 1168 595 56.

54 636 114 701 sed
140 632 330 701 salubrioris
352 628 482 697 consilii
502 625 592 693 haud
618 620 768 712 ignarus':
793 624 833 692 τὸ
859 622 1032 707 Οἰδίπους
1060 623 1080 707 δ,
1109 629 1172 712 μὲν

55 735 251 824 Θεόμνωτος
281 731 364 820 (hoc
398 740 449 796 est
473 726 709 816 Theognostue
738 725 896 824 Consti,
920 725 987 812 16.)
1014 721 1083 796 διεδ
1112 732 1172 798 τοῦ

54 832 183 926 vidriaco
210 831 419 921 Οἷδησέπους
440 828 524 898 κατὰ
547 827 718 919 συγκοπήν
741 832 801 918 τῆς
821 853 861 916 ης
879 829 1057 916 συλλαβῆς.
1076 822 1116 894 ‘0
1134 829 1174 898 δδ

45 933 258 1023 Ἡρωδιανὸς
278 932 368 1021 λέγει
388 931 434 1021 μὴ
456 924 543 1000 εἶναι
565 927 672 1011 οὕτως
692 924 766 997 ἀλλ’
791 923 860 997 (ind
882 931 941 998 aod
963 924 1048 995 oldai
1075 924 1174 996 Oidl-

55 1055 162 1115 πους·
186 1030 324 1119 δι’μιινον
343 1032 406 1122 γὰρ
423 1032 463 1101 τὸ
486 1026 624 1110 διπαθδς
643 1035 705 1098 τοῦ
725 1025 953 1108 πεπονθότος.
985 1029 1054 1096 Hic
1073 1028 1175 1117 igitur

55 1135 128 1201 iota
148 1134 359 1201 contexendis
380 1156 454 1200 cum
478 1130 610 1199 nomine
633 1131 742 1197 verbis
762 1154 828 1198 non
852 1131 960 1197 minuo
986 1142 1099 1220 aptum
1113 1135 1172 1218 jn·

56 1236 179 1301 dicavit
208 1258 306 1320 quam
333 1234 461 1322 epsilon
490 1243 522 1301 et
549 1232 695 1300 omicron
722 1255 827 1319 eaque
853 1234 979 1299 ratione
999 1233 1175 1301 declinavit

52 1358 243 1424 syncopen,
280 1357 378 1421 quam
411 1335 603 1413 λαδῖπονος
634 1344 668 1400 et
703 1333 938 1422 δυαρδμβροτος
968 1336 1174 1422 apertissime

53 1449 225 1526 respuunt
269 1435 559 1520 Quemadmodum
589 1443 698 1500 autem
727 1432 809 1500 haec
838 1458 859 1499 a
878 1434 986 1502 verbis
1009 1437 1173 1526 anthypo-

54 1539 152 1606 toctis
178 1538 278 1604 ducta
298 1549 384 1616 sunt,
406 1537 452 1601 ita
473 1530 677 1622 ἁμαρτίνοος
699 1533 741 1600 ab
770 1531 924 1622 ἁμάρτω,
956 1548 989 1603 et
1010 1539 1174 1628 δαΐφρων,

57 1642 86 1707 si
106 1641 195 1707 idem
216 1640 379 1727 significat
400 1636 491 1724 quod
513 1633 678 1725 ἐχέφρων,
713 1659 733 1701 a
759 1634 847 1715 δυ’ω,
875 1637 935 1703 sed
965 1637 1048 1705 hanc
1070 1640 1174 1727 signi·

57 1742 244 1808 ficationem
274 1743 484 1806 Hermannus
518 1737 552 1801 in
586 1737 678 1803 Dias.
712 1737 754 1803 de
779 1737 915 1804 Atlante
942 1762 976 1825 p.
1007 1740 1057 1806 10.
1083 1742 1175 1808 nullo

56 1844 131 1909 loco
155 1841 338 1908 confirmari
362 1839 514 1906 ostendit.
558 1836 720 1920 Quartum
745 1834 899 1917 εἷλίπους
920 1855 953 1904 et
974 1861 1176 1928 congenera-

58 1956 128 2010 tum
151 1939 321 2029 ἑλίτροχος
341 1939 423 2006 nihil
445 1938 555 2006 obstat
576 1939 749 2024 quominus
769 1939 811 2004 ad
828 1938 1013 2024 berytonon
1025 1940 1105 2011 ei‘lco
1122 1968 1175 2011 re-

56 2048 182 2112 feratur
203 2044 289 2110 sicut
302 2043 577 2130 τερπικέραυνος,
599 2039 774 2126 ipsumque
792 2039 918 2128 Oedipi
933 2064 1053 2108 nomen
1063 2047 1177 2112 nesoio

59 2171 103 2212 an
131 2146 174 2212 ab
204 2141 286 2214 οἴδω
316 2141 421 2229 repeti
451 2141 572 2228 possit,
600 2142 693 2224 cujus
719 2141 863 2226 speeiem
889 2144 1036 2228 sequitur
1062 2140 1176 2231 οἶδμα,

61 2250 104 2314 de
132 2270 199 2334 quo
226 2267 326 2333 supra
352 2243 438 2320 dixi,
469 2251 501 2307 et
521 2235 630 2320 ολδος,
656 2241 708 2307 cui
734 2241 851 2306 similia
871 2241 1018 2326 θάλπος,
1041 2246 1176 2337 στέφος,

60 2347 180 2432 στέγος
195 2358 254 2414 eto.
276 2344 318 2411 ab
341 2343 458 2411 eodem
479 2363 600 2429 genere
620 2342 793 2408 verborum
807 2346 1032 2430 profluxerunt
1050 2349 1176 2417 Techn.

59 2450 135 2516 290.
178 2450 302 2517 Verum
331 2456 438 2511 tamen
466 2466 586 2509 nomen
614 2445 785 2532 proprium
812 2445 966 2532 idemque
992 2448 1178 2517 fabulosum

61 2552 107 2616 ad
135 2548 305 2636 analogiae
330 2556 483 2612 stateram
510 2566 663 2611 revocare
691 2546 912 2632 periculosum
936 2548 1074 2617 videtur.
1122 2553 1179 2619 De

62 2653 163 2719 altero
192 2651 319 2716 dubitat
343 2649 433 2716 Orus
460 2647 496 2712 in
511 2647 592 2712 EM.
615 2647 689 2725 299,
711 2646 763 2713 25.
792 2658 898 2714 utrum
921 2651 1105 2716 Herodiani
1125 2674 1178 2719 ra·

61 2755 185 2819 tionem
216 2763 370 2837 sequatur
396 2773 438 2815 an
466 2769 652 2835 syncopen:
682 2747 720 2815 τδ
751 2744 903 2829 οἶλίπους
924 2745 994 2820 ἀπὸ
1016 2758 1076 2820 τοῦ
1099 2750 1179 2822 elici

61 2856 193 2940 γέγονεν
212 2847 234 2941 ἢ
256 2848 326 2919 ἀπὸ
349 2856 409 2918 τοῦ
430 2845 584 2917 εἷλίσσω·
605 2848 648 2916 τὰ
669 2847 732 2935 γὰρ
753 2845 803 2928 εἷς
817 2839 855 2917 ’ω
878 2846 1021 2938 λήγοντα
1042 2852 1178 2940 τρισύλ-

61 2959 151 3039 λαβα
175 2952 255 3039 μίαν
277 2951 444 3038 συλλαβῇ-ν
466 2946 708 3034 συγκόπτουσιν
733 2948 769 3015 ἐν
792 2955 836 3036 τῇ
858 2951 1032 3017 συνθέσει·
1060 2976 1179 3041 σημει-

62 3061 163 3123 οῦται
190 3050 286 3142 παρὰ
314 3047 464 3139 Κράτητι
493 3048 601 3135 (Com.
629 3049 849 3134 m.1.240.)
877 3047 916 3115 τδ
943 3047 1180 3134 ἐδελόσυχνος·

60 3154 103 3222 τὸ
136 3152 174 3222 δὲ
201 3149 397 3233 ἀλεξίκακος
424 3144 492 3217 tired
516 3150 786 3234 περισπωμένου.
835 3148 1070 3235 Theognostus
1102 3175 1180 3222 vero

62 3256 147 3323 Can.
169 3254 221 3333 87,
241 3254 294 3321 30.
316 3263 490 3336 utrumque
511 3249 644 3336 regulae
664 3250 838 3317 convenire
864 3251 975 3316 statuit
1002 3252 1040 3320 τὸ
1070 3247 1181 3336 ἇλοξί·

62 3380 166 3435 κακος
188 3350 249 3425 οὐκ
272 3349 469 3420 ἆντίκιιται·
493 3345 511 3418 ὁ
533 3351 596 3439 γὰρ
618 3345 769 3440 &teglae
785 3353 914 3437 μέλλων
935 3351 994 3421 τδν
1016 3353 1182 3423 ἐνεστῶτα

64 3455 208 3525 δεΙκνυσι
224 3449 495 3542 περισπώμενον,
515 3451 572 3520 καὶ
585 3453 624 3519 τὸ
646 3449 852 3532 δθολόκακος
875 3449 1093 3538 δθελόσυχνος
1110 3450 1182 3526 dne

62 3556 325 3644 περισπωμένου
348 3545 434 3621 εἶναι
462 3553 539 3639 (sic)
565 3550 625 3640 τὴν
649 3548 824 3621 σύνδεσιν·
853 3551 958 3633 οὕτως
974 3550 1183 3644 Ἡρωδιανὸς

65 3655 103 3724 ἐν
121 3660 171 3743 τῷ
191 3652 272 3742 περὶ
293 3657 428 3723 παθῶν.
473 3653 577 3736 Quod
605 3654 649 3718 ad
673 3653 754 3719 illud
775 3654 904 3733 attinet,
923 3676 1019 3722 nemo
1040 3680 1108 3725 non
1128 3659 1180 3727 in·

62 3757 184 3843 telligit
212 3755 277 3822 duo
304 3754 420 3834 verba,
447 3777 533 3841 quae
559 3753 778 3821 characterem
806 3755 1062 3841 famulaberis,
1092 3758 1182 3841 ἀέξω

63 3858 134 3924 sive
156 3848 247 3938 οἷὲξω
269 3865 303 3922 et
323 3849 447 3937 ἅλδξω,
470 3856 518 3923 sio
539 3857 724 3944 composita
745 3878 817 3924 esse
838 3868 875 3924 ut
897 3858 1006 3926 luitura
1026 3862 1135 3927 solent
1147 3861 1183 3927 in

63 3948 113 4043 ἴω
132 3957 303 4025 exeuntia:
329 3954 545 4047 δλιξόσορος,
572 3951 833 4049 ἄναξιφόρμιγξ,
866 3958 1095 4047 ἐλογξίγυμος,
1120 3984 1182 4027 τα-

65 4055 300 4147 ραξικάρδιος,
320 4058 567 4145 χαραξδποντος
588 4069 649 4125 etc.
682 4059 724 4125 Id
740 4072 826 4127 certe
837 4060 1066 4127 Herodianum
1081 4061 1184 4129 latere

64 4182 134 4227 non
154 4159 277 4247 potuit3
307 4160 512 4246 eundemque
534 4159 673 4228 arbitror
695 4157 914 4242 ἐδολόσυχνος
934 4184 1001 4228 non
1023 4162 1066 4227 ad
1085 4187 1181 4252 prae-

64 4284 142 4330 sens
165 4261 261 4350 quasi
285 4261 540 4350 perispomenon
567 4284 738 4329 revocasse
760 4263 820 4328 sed
840 4263 1002 4348 praecise,
1032 4276 1068 4330 ut
1091 4266 1182 4334 Orus

908 4365 973 4430 24*
