2736 4778
156 380 213 446 De
236 380 480 463 SYNAERESI,
503 381 703 448 Dmuuuel
725 387 783 448 etc.
817 382 851 448 P.
863 383 904 449 11.
928 383 961 449 G.
973 383 1014 449 11.
1038 386 1064 469 ἕ.
1077 385 1106 450 2.
1143 384 1185 450 85

69 545 174 611 cresin
185 544 367 610 admittant:
380 540 534 631 νεοαρδέ’
544 539 655 631 ἀλωήν
666 545 702 610 ΙΙ.
713 544 789 609 XXI
802 543 873 624 346,
887 547 1035 627 μενοεικί
1045 543 1189 634 ’ἐδωδήν

71 646 129 713 ed.
142 647 187 712 VI
203 647 253 726 76,
277 643 402 715 εὐειδέ’
417 642 534 734 ἀνῆγες
555 647 591 711 Il.
602 647 652 711 III
663 646 720 727 483
742 653 816 713 ante
839 665 1007 713 consonam
1022 649 1188 730 Homerus,

70 757 107 815 ut
128 750 220 815 modo
243 749 320 838 diui,
356 751 595 837 πρωτοπαγέα,
629 748 840 816 Callimachus
873 751 905 815 iu
927 751 1055 817 exordio
1077 771 1188 817 versus
1323 735 1334 766 ⁰

69 852 186 917 heroici
221 853 392 940 δημεχιὶέα
425 853 586 933 χελλῶνα,
620 852 660 917 de
693 851 1027 934 τοιαῦτατοιαῦτα.
1053 853 1187 919 13115

69 958 240 1039 μετρεῖται
274 954 357 1019 κατὰ
392 951 554 1040 σονίζησιν
587 955 737 1022 τουτέστι
774 954 812 1018 τέ
841 955 866 1024 ἵ
886 955 943 1020 καὶ
974 954 998 1025 E
1025 950 1074 1035 εἰς
1106 955 1194 1037 μίαν

71 1053 249 1144 συλλαβήν.

157 1159 225 1224 Iam
246 1161 370 1243 veniam
397 1159 439 1224 ad
466 1159 609 1240 pluralia
669 1158 873 1226 Accusativos
904 1161 937 1225 in
971 1162 1017 1236 ἱεῖς
1038 1167 1189 1226 excuntes
1313 1157 1315 1160 ’

71 1262 228 1327 Homerus
249 1246 357 1327 modo'
365 1261 544 1343 syllabatim
565 1260 694 1343 profert
727 1258 879 1341 έολλέας,
912 1260 1052 1349 θήλεας,
1086 1259 1191 1342 ὠκέας

71 1371 138 1445 etc,
161 1365 262 1444 modo,
285 1365 314 1429 si
334 1369 471 1428 metrum
491 1364 601 1445 poscit,
624 1365 812 1445 compressis
834 1365 1002 1444 vocalibus
1026 1367 1190 1447 πελέκεας,
1287 1381 1294 1396 ’

71 1463 216 1548 ἀσινέας,
244 1467 376 1546 πολέας,
411 1465 495 1547 quod
517 1465 720 1531 Aristarchus
742 1471 902 1531 contracto
924 1467 1040 1546 τιολεῖς
1061 1474 1189 1549 praetu-

69 1570 145 1636 lisse
168 1569 299 1648 dicitur,
329 1587 358 1632 v.
382 1566 535 1649 Spitzner.
560 1568 601 1633 ad
622 1568 638 1632 I
660 1567 740 1648 559,
776 1573 809 1634 et
834 1587 936 1651 nuper
957 1559 1192 1652 receptum'cst

70 1672 147 1738 locis
169 1671 395 1754 compluribus3
415 1671 582 1752 tripliciter
602 1689 678 1736 vero
701 1671 848 1736 scribitur
870 1672 1103 1738 substantivum
1126 1669 1190 1739 τιό-

72 1777 142 1852 larg
177 1779 211 1839 et
243 1773 367 1839 eadem
381 1791 531 1838 mensura
553 1771 677 1852 πόλεας
710 1779 743 1839 et
764 1774 848 1856 quod
870 1775 1036 1841 Belrlcerus
1059 1781 1093 1840 et
1113 1775 1190 1842 Din-

64 1871 191 1947 cornus
212 1881 402 1959 receperunt
424 1873 547 1954 πέλτας
570 1876 611 1960 [v.
624 1877 707 1961 §.ll
726 1913 759 1924 -
781 1876 830 1943 De
852 1878 1191 1944 vocabulisconsuetis

70 1979 133 2045 huc
160 1978 360 2045 referendum
394 1983 452 2059 est
485 1980 569 2061 quod
592 1979 829 2047 Choeroboscus
863 1980 963 2046 tradit
986 1978 1055 2045 169.
1081 1979 1191 2046 1215

71 2083 355 2169 Δημοσθένεις
378 2077 418 2148 οὗ
440 2082 550 2168 γέγονε
573 2084 657 2147 κατὰ
681 2089 798 2169 κρᾶσιν
821 2076 891 2148 αἰπι)
914 2084 1191 2166 τσῦΔεμσσθί·

72 2202 174 2262 rece·
195 2183 233 2250 τὸ
257 2185 319 2271 γὰρ
346 2186 366 2256 ἶ
395 2184 450 2250 καὶ
472 2187 507 2254 ἀ’
530 2182 698 2271 κίρνανται
722 2180 769 2262 εἷς
789 2189 824 2270 ᾗ
848 2185 971 2273 τείχη,
993 2187 1094 2273 βέλη,
1119 2180 1189 2251 ἀλλ’

72 2283 249 2376 ὁμσφιονία
283 2286 352 2354 ἐστὶ
386 2291 444 2374 τῆς
478 2282 660 2375 αἰτιατικῆς
694 2291 758 2352 τῶν
780 2293 1007 2375 πληθυντικῶν
1028 2288 1114 2377 πρὸς
1136 2288 1194 2374 τὴν
1315 2346 1323 2364 ,

72 2387 218 2458 εὐθεῖαν.
237 2426 273 2437 -
298 2389 523 2455 Pronominum
546 2388 759 2472 personalium
781 2391 917 2473 primum
940 2391 1193 2473 dupliciter'mo·
1231 2449 1232 2452 ,

73 2494 201 2559 dirlatur
222 2492 393 2558 Homerus:
427 2488 534 2577 ἡμέας
567 2493 645 2572 τοὺς
678 2488 801 2572 ἅλλους
833 2494 865 2557 in
897 2493 1059 2576 principle
1081 2512 1192 2560 versus

72 2596 109 2661 ll.
131 2594 211 2661 VIII
232 2595 291 2660 211
318 2600 351 2661 et
373 2591 477 2681 ἡμέας
504 2591 623 2674 αὐτούς
656 2596 748 2678 quasi
779 2595 978 2679 trisyllabum
1011 2597 1137 2678 saepius
1159 2599 1192 2664 in

71 2698 152 2781 pede
163 2698 528 2781 quinto‚nusquam-vero
539 2700 679 2768 Atticum
689 2691 878 2787 ἡμᾶς,σιιοι1
886 2698 1029 2765 nonnulli
1040 2698 1190 2766 exlonico

71 2796 174 2889 ἡμέας
196 2788 390 2867 contractum
411 2819 484 2867 esse
505 2804 704 2878 statuerumt,
727 2800 822 2882 idque
844 2801 986 2883 Apollon.
1009 2801 1102 2866 Pron.
1127 2800 1189 2868 126

72 2923 135 2970 uon
156 2903 327 2985 improbat,
363 2904 420 2969 sed
453 2922 524 2969 cum
546 2899 678 2986 Εέβοὰς
709 2908 742 2967 et
767 2904 881 2968 ceteris
903 2921 982 2985 puro
1015 2904 1193 2969 terminatis

73 3004 206 3072 conferri
219 3023 312 3087 posse
334 3011 430 3088 negat
441 3005 471 3089 [I
482 3004 543 3070 211
558 3011 591 3072 et
601 3004 687 3089 421}
703 3041 738 3052 -
763 3004 1035 3087 FrequentiasIma
1055 3005 1193 3094 Homero

75 3113 151 3174 sunt
170 3107 333 3173 neutralia
349 3109 382 3171 in
402 3111 449 3190 ῐῖ,
482 3126 564 3190 quae
594 3109 621 3173 si
643 3111 779 3172 metrum
801 3106 968 3186 excedunt,
1003 3107 1097 3190 alpha
1119 3109 1193 3174 aute

71 3212 213 3278 vocalem
234 3210 375 3277 eliditur:
398 3204 484 3296 κήδε’
510 3209 670 3298 ἐφῆπται,
693 3203 792 3290 τείχε’
817 3202 938 3291 ἄριστα
961 3209 1079 3275 evitate
1101 3211 1192 3291 crasi,
1279 3260 1282 3264 Δ

73 3315 164 3381 cuius
186 3315 248 3380 duo
269 3318 393 3379 tantum
415 3314 572 3396 obrepunt
592 3313 736 3395 exempla
751 3312 785 3377 in
800 3309 1193 3378 schol.BL.adIl.11423

23 3442 26 3448 ’
73 3416 201 3483 collata:
225 3415 262 3481 τὸ
285 3413 348 3481 τινί
354 3440 399 3505 ση
413 3411 628 3503 Ἀρίσταρχος
642 3411 826 3501 οὐδετέρως
837 3410 953 3481 ἀκούει
965 3411 1075 3481 καίτοι
1088 3412 1193 3483 cincio

74 3514 171 3586 οὐδὲν
193 3513 383 3606 ἀδιαίρετον
405 3511 488 3586 εἶναι
513 3523 578 3584 τῶν
601 3513 648 3597 εἰς
661 3517 700 3597 J}
721 3513 885 3604 ληγόντων
907 3505 1090 3605 οὐδετέρων
1114 3515 1191 3605 παρ’

70 3618 206 3708 Ὁμήρῳ
228 3623 311 3686 κατὰ
334 3622 372 3686 τὸ
396 3619 631 3711 πληθυντικὸν,
656 3615 727 3685 ἄλλ’
741 3618 856 3708 eloneo
878 3620 916 3685 τὸ
932 3615 1195 3707 crotonense-

77 3723 182 3811 ρέτως
205 3719 344 3813 εἴρηκεν,
369 3722 456 3791 otto
479 3721 534 3791 ναὶ
557 3721 594 3788 τὸ
618 3720 744 3808 κνίση.
809 3721 893 3789 Huic
913 3724 1095 3806 opponitur,
1117 3743 1194 3789 neu·

74 3833 159 3892 trum
181 3824 219 3892 τὸ
243 3832 350 3905 κιῖσος
372 3826 412 3892 ab
435 3827 572 3892 Homero
595 3825 731 3890 allecum
754 3843 840 3906 esse,
872 3844 974 3909 neque
996 3827 1030 3892 id
1052 3827 1105 3891 illo
1127 3827 1195 3912 loco

75 3931 107 3995 in
129 3929 247 3995 nostris
268 3928 358 3995 libris
379 3930 504 4011 legitur,
527 3929 584 3995 sed
604 3928 796 3996 femininum.
855 3929 924 3995 Hoc
944 3929 1042 4012 igitur
1063 3929 1212 3993 circum·‘
1309 3937 1312 3943 ·

76 4019 193 4113 scripto
209 4049 306 4096 unum
322 4031 510 4113 reliuquitur
521 4033 718 4115 trisyllabum
730 4033 847 4118 τεμένη
862 4033 992 4113 νέμεται
1008 4029 1114 4095 ouxi
1124 4029 1194 4111 185,

76 4135 161 4217 quod
182 4132 364 4200 Dindorfius
398 4133 536 4212 retinuit
570 4134 756 4199 aBekkero
787 4134 955 4199 desertum.
1022 4131 1196 4216 Utriusque

77 4238 252 4321 scripturae
288 4237 431 4302 meminit
463 4234 558 4301 schol
594 4235 682 4302 Harl.
716 4236 753 4303 τὸ
793 4234 933 4322 τεμένη
973 4231 1195 4323 σεσημείωται

77 4337 275 4426 ἄδιαιρέτως
290 4335 464 4424 ἐξενεχθέν·
483 4332 695 4425 Ἀρίσταρχος
711 4339 886 4422 τεμένεα.
931 4336 1089 4404 Hesiodus
1103 4355 1195 4405 iteum
1212 4346 1218 4351 ’
