2736 4778
174 308 246 379 16⁰
538 300 858 368 DISSERTATIO
887 296 916 365 1.

173 507 239 572 que
259 482 399 549 fictionis
422 484 607 570 exemplum
627 482 787 570 praebent
811 479 908 570 μάρω
930 492 963 546 et
982 452 1155 567 μορμάρω.
1200 481 1288 550 Oum

173 586 238 652 hoc
263 582 470 672 componitur
496 583 631 650 verbum
656 583 792 650 coloris:
819 579 986 671 Πορφάρῃ
1007 579 1203 671 πορφυρίζῃ
1221 608 1291 659 ,ια-

175 683 340 772 ράσσησσι
356 719 399 731 -
415 682 505 752 ἔστιν
534 677 592 751 οὖν
621 683 831 770 πεποιημένη
860 681 950 760 λέξις
976 676 1024 759 uic
1055 681 1092 749 ιὸ
1122 679 1289 766 μορμάρω

173 784 332 872 Apellen.
355 784 439 849 Lex.
470 807 568 869 quem
595 793 687 869 patet
717 781 852 848 verbum
880 781 962 846 illud
992 802 1053 869 pro
1083 781 1289 867 reduplicato

175 885 272 973 φάρω
294 883 459 950 habuisse.
502 885 591 950 Hinc
612 882 760 970 plerique
782 882 953 949 doctomm
972 882 1016 947 ad
1038 881 1136 947 animi
1154 892 1289 969 =pertur-

174 985 343 1053 bationem
372 984 556 1049 traductum
587 993 720 1070 putant,
755 983 944 1049 Nitaschius
971 983 1016 1047 ad
1030 982 1115 1053 .0d.
1136 982 1185 1049 X.
1213 983 1289 1049 309.

173 1084 396 1152 Doederlinus
425 1083 505 1167 Syn.
534 1084 575 1149 T.
597 1084 657 1151 v1.
681 1084 754 1149 293.
783 1083 859 1160 alii3
893 1082 1114 1168 Goettlingius
1144 1082 1290 1149 veroin

174 1185 317 1255 Dissert
344 1183 386 1248 de
413 1183 526 1268 lingua
550 1185 796 1251 Botocudorum
811 1185 863 1266 Η)
891 1183 990 1249 verbo
1017 1183 1064 1247 illi
1090 1182 1289 1269 geminatum

174 1289 245 1372 πῦρ
272 1282 407 1349 subesse
434 1285 555 1351 statuit.
602 1285 768 1370 Equidem
790 1285 872 1349 illud
897 1284 1043 1348 nativum
1070 1306 1143 1350 esse
1169 1304 1288 1350 censeo

176 1383 376 1471 proprieque
404 1386 546 1451 colorem
574 1386 758 1471 significare
786 1397 823 1450 ut
850 1406 1065 1468 synonymum
1090 1379 1290 1468 καλχαίνειν,

176 1483 268 1571 quod
290 1483 477 1569 Hesychius
504 1487 620 1553 eodem
646 1487 745 1552 modo
772 1485 1001 1570 interpretatum
1022 1479 1290 1578 nopquiqet'aac·

176 1581 313 1670 ράσσειν
334 1589 436 1673 κυκᾷν
456 1585 655 1673 φροντίζειν.
697 1586 837 1672 Proprie
857 1584 958 1671 igitur
974 1606 1062 1648 mare
1080 1582 1289 1669 profundum,

177 1707 279 1768 quum
306 1682 507 1762 intumescit,
536 1683 725 1774 πορφύραν
746 1686 863 1752 dicitur
876 1685 919 1749 id
942 1695 992 1750 est
1012 1681 1235 1767 μελαίνεσθαι
1259 1703 1290 1745 r.

178 1783 385 1852 Wemsdorf.
408 1785 451 1848 ad
473 1784 599 1849 Himer.
623 1787 694 1850 192.
737 1787 826 1851 Hinc
853 1787 934 1852 illud
955 1785 1143 1851 transfertur
1168 1782 1212 1847 ad
1238 1804 1289 1848 re·

179 1884 330 1952 conditos
352 1883 450 1949 animi
470 1896 577 1950 motus
600 1896 632 1950 et
653 1886 790 1952 consilia
809 1886 968 1966 abstrusa,
986 1908 1070 1973 quae
1087 1885 1143 1971 qui
1159 1885 1291 1951 volvunt

177 1982 374 2068 καλχαίνειν,
396 1982 585 2072 πορφύρων
606 1997 639 2051 et
658 1987 917 2070 βυσσοδομεύων
934 1987 1158 2070 dicuntur¹³).
1201 1984 1291 2050 Huic

55 2135 59 2145 ι
177 2086 278 2172 igitur
305 2096 412 2151 utrum
428 2085 539 2172 prima
567 2085 691 2171 syllaba
711 2109 731 2151 a
749 2099 867 2154 natura
892 2089 1037 2174 ingenita
1064 2111 1106 2152 an
1128 2086 1290 2174 posterius

178 2187 290 2253 addita
311 2186 354 2250 sit
375 2187 552 2251 decernant
577 2187 633 2271 qui
655 2188 820 2272 graviores
848 2190 891 2255 ad
912 2188 1129 2273 judicandum
1149 2187 1290 2253 rationes

178 2287 370 2352 invenerint.
413 2287 578 2370 Equidem
599 2311 650 2351 me
673 2300 826 2354 converto
855 2290 898 2355 ad
922 2290 978 2354 illa
1002 2288 1103 2355 verba
1124 2309 1210 2374 quae
1230 2309 1290 2375 pro

178 2387 305 2472 liquida
330 2386 475 2452 vocalem
500 2386 569 2450 iota
590 2400 803 2476 receperunt3
830 2387 1022 2455 Παιπάλλω
1044 2387 1082 2455 τὸ
1104 2385 1186 2455 erto
1207 2386 1290 2456 Hes.

179 2511 240 2575 pro
269 2483 475 2567 παλπάλλω,
510 2486 602 2571 quod
633 2486 819 2553 deformiter
846 2499 942 2555 sonat
970 2488 1098 2555 duabus
1130 2489 1291 2557 continuis

179 2587 313 2673 syllabis
337 2587 454 2652 eodem
474 2586 606 2652 lambda
626 2587 742 2665 finitis;
764 2589 841 2655 hinc
858 2587 1015 2678 παιπάλη
1032 2589 1101 2656 sive
1115 2590 1292 2678 πασπάλη.

178 2684 392 2772 Μοιμάλλειν
412 2688 469 2754 καὶ
485 2692 632 2774 μοιμιιᾷν
649 2689 686 2753 ιο
707 2688 858 2773 συνάγειν
876 2689 917 2756 τά
933 2688 1043 2778 χείλη·
1063 2689 1104 2756 σά
1121 2688 1184 2776 γὰρ
1200 2687 1291 2778 χείλη

178 2786 287 2870 μάλλα
305 2784 590 2872 προςαγοριάουσι
602 2787 687 2853 Poll.
697 2789 743 2853 Π.
755 2789 806 2855 90.
821 2789 940 2874 quibus
951 2790 1057 2856 meina
1070 2800 1146 2855 sunt
1158 2786 1293 2873 βάλλειν

179 2898 212 2954 et
231 2883 326 2965 μάειν
348 2887 389 2951 cf.
412 2886 538 2952 Techn.
559 2889 629 2953 114.
675 2886 872 2956 Κοικάλλειν
893 2888 931 2956 τὸ
954 2891 1187 2973 περιβλέπειν·
1206 2890 1292 2953 κάλα

178 2987 241 3074 γὰρ
265 2986 306 3054 ιὰ
331 2984 444 3054 ἐπάνω
468 2988 545 3072 (sic)
568 2992 634 3054 ιῶν
654 2983 845 3076 ὀφθαλμῶν
862 2992 944 3055 Hes.
965 2991 1022 3076 qui
1044 2991 1114 3056 sine
1135 2987 1234 3055 dubio
1256 2987 1292 3052 in

179 3088 288 3155 animo
316 3088 431 3154 habuit
459 3092 550 3176 quod
581 3089 658 3155 alibi
690 3089 821 3176 scripsit
848 3092 945 3159 Κῦλα
971 3089 1013 3157 τά
1040 3087 1199 3158 ὑποκάτω
1228 3093 1294 3154 τῶν

177 3187 357 3279 βλεφάρων
390 3189 593 3272 κοιλώματα.
642 3191 736 3255 Haec
768 3191 867 3276 vulgo
899 3192 997 3257 κοῖλα
1028 3200 1201 3267 vocantur,
1234 3188 1293 3253 sed

179 3290 346 3374 quomodo
373 3288 506 3353 verbum
533 3289 665 3354 videndi
696 3288 737 3353 ab
761 3289 823 3356 hac
847 3301 940 3376 parte
966 3289 1051 3356 faeie
1077 3289 1203 3357 traduci
1231 3311 1294 3375 po·

179 3391 294 3468 tuerit,
330 3386 420 3451 haud
452 3385 547 3451 facile
583 3398 779 3471 perspectu,
816 3411 924 3473 neque
957 3390 1003 3455 sic
1038 3390 1150 3455 statuit
1181 3389 1295 3457 Schcl.

182 3487 398 3553 Thesmssot.
415 3484 600 3553 κοικύλλιιν
614 3486 745 3568 βέλτιον
764 3485 822 3555 ἐπὶ
842 3494 902 3556 τοῦ
924 3498 1139 3574 κακοτεχνεῖν,
1156 3490 1297 3557 sortasse

253 3685 298 3752 11)
312 3683 374 3740 Der
390 3682 515 3738 Prlnam
531 3698 589 3738 von
601 3683 743 3742 Ncawled
760 3687 848 3744 Reice
864 3688 944 3746 ιιιιεΙι
958 3688 1117 3746 Βνιιιῐλίιιι.
1135 3690 1169 3745 Τ.
1182 3690 1221 3746 11.
1233 3691 1295 3746 315.

253 3776 297 3843 15)
307 3775 377 3830 Cum
387 3773 456 3829 κακά
466 3772 851 3852 aeecodopedavplanissime
862 3782 995 3837 convenit
1007 3781 1161 3856 πορφύρων
1171 3780 1297 3857 Τρώεσσι

182 3860 274 3936 φόνον
291 3858 388 3924 Quint.
401 3858 451 3914 IV.
466 3861 508 3913 77.
533 3858 686 3932 Postquam
703 3872 796 3918 antem
813 3867 869 3920 boc
882 3864 998 3921 verbam
1014 3870 1051 3922 sd
1068 3869 1193 3923 occultas
1211 3866 1296 3923 animi

183 3946 368 4018 cogitationes
389 3944 552 3998 translatum
571 3954 626 4008 est,
647 3950 748 4002 eodem
766 3947 882 4002 dellexit
900 3954 1072 4020 καλχαινιιν,
1094 3956 1172 4024 quod
1192 3953 1296 4008 Eusta-

181 4032 257 4087 thiua
278 4034 325 4097 51,
345 4032 386 4085 11.
410 4037 489 4084 reete
512 4030 549 4082 ad
572 4031 739 4101 metalepsin
761 4033 857 4086 refert
893 4032 1042 4105 Lycophro
1063 4041 1123 4092 Sol.
1149 4036 1297 4108 conjunxit

182 4119 281 4171 πέπλοι
300 4111 387 4188 suilly
406 4119 556 4186 φοριαιολ,
581 4115 697 4167 verbum
717 4111 850 4185 φοράσσω
874 4124 965 4172 auten
986 4135 1003 4172 a
1022 4117 1103 4192 φάρω
1124 4123 1298 4178 declinatum

181 4205 296 4269 putatur
312 4217 339 4253 v.
357 4199 540 4255 Τεο1ιιι.“21.”ι.
