2736 4778
188 365 252 433 aas
565 361 843 430 nrssanramo
872 362 942 429 vn.
988 306 991 311 ’
1045 307 1048 312 ’

272 525 388 593 Dorica
409 521 548 610 ι’ώνγα,
572 522 724 612 ἐγώνγα
752 543 816 593 uno
839 525 934 592 ductu
955 525 1009 590 ille
1032 523 1154 606 scribit,
1189 526 1249 591 sed
1272 544 1314 592 ex

150 688 154 693 .
186 629 294 710 paucis
327 647 408 710 qnae
431 627 524 696 affert
545 629 696 711 exemplis
724 630 776 694 uix
798 628 1009 711 cognoscitur,
1045 647 1120 692 num
1153 628 1218 693 ista
1251 648 1313 711 pro

186 727 267 817 ἐγών
290 757 343 816 γα,
365 728 423 799 ἰών
447 758 487 817 γα
509 732 645 813 ualeant,
667 750 708 795 an
729 730 896 797 leviculum
917 729 996 795 illud
1018 730 1185 797 discrimen
1208 731 1312 797 inter-

185 833 292 912 cedat,
326 851 388 915 quo
421 829 486 918 ἐγώ
519 839 552 897 et
584 832 686 919 ἔγωγε
720 832 919 898 distinentur.
963 832 1055 897 Prius
1084 832 1312 899 verisimilius

185 936 316 1003 dixerim
337 941 520 1017 propterea,
553 936 636 1017 quod
669 953 772 1017 neque
794 952 929 1001 consona
949 935 1143 1016 pronominis
1162 935 1311 1016 proxime

185 1038 329 1120 sequenti
353 1038 527 1105 assimilata
548 1055 651 1120 neque
674 1043 821 1104 accentus
844 1039 913 1104 eius
935 1038 976 1103 ad
993 1039 1127 1119 primam
1150 1038 1309 1119 syllabam

183 1159 348 1224 regressus
370 1145 429 1220 est,
454 1158 553 1222 quare
575 1143 670 1207 etiam
694 1139 1120 1224 SylburgiusadEM.315.
1145 1141 1181 1203 ll
1208 1158 1309 1222 appo·

184 1244 329 1309 sitionem
351 1243 452 1324 magis
474 1261 568 1326 quam
591 1244 847 1326 compositionem
858 1242 1093 1310 diceremalnit

270 1344 413 1417 &cundo
435 1350 468 1410 et
488 1351 601 1427 quarto
621 1347 708 1412 casui
724 1345 909 1428 Apollonius
930 1346 1012 1411 hanc
1036 1344 1192 1427 syllabam
1214 1361 1306 1409 acce·

183 1447 258 1514 dere
270 1452 367 1529 negat
377 1445 470 1529 p.63;
486 1453 519 1512 et
534 1448 594 1514 hoc
611 1453 738 1515 auctore
748 1449 927 1514 Ellendtins
939 1449 972 1513 in
984 1448 1060 1513 Lea
1075 1446 1169 1528 Soph.
1177 1444 1307 1512 [1482

183 1547 329 1632 dpcv'ye
351 1548 482 1615 Philoct
504 1548 567 1616 977
591 1551 696 1617 dirimi
717 1550 813 1632 iubet,
837 1551 922 1634 quod
942 1549 1086 1616 fecerunt
1101 1549 1307 1615 Hermannns

183 1658 216 1717 et
237 1649 435 1730 Dindorfius3
458 1649 577 1736 ἔμεγε
598 1672 673 1719 vero
695 1671 757 1719 non
779 1672 895 1736 paucos
917 1653 1037 1719 invenit
1057 1649 1198 1717 lautores
1211 1668 1306 1732 prae·

183 1759 277 1820 eunte
299 1752 421 1833 Wolfio,
444 1753 498 1835 qni
519 1753 557 1819 Il.
578 1755 625 1821 IX
648 1755 710 1822 315
733 1757 846 1827 vitioso
868 1750 942 1823 οὔτι
970 1755 1011 1835 μέ
1031 1749 1057 1838 y'
1080 1750 1252 1840 Ἀτρείδην
1266 1791 1303 1800 -

183 1857 341 1939 πεισέμεν
362 1850 422 1922 ὀΐω
446 1849 514 1922 οὔτ’
540 1849 663 1936 άλλσνς
684 1876 746 1924 non
768 1858 826 1940 ἐμέ
847 1884 883 1945 γε
906 1856 1083 1935 substituit,
1115 1855 1173 1922 sed
1196 1853 1305 1941 ἔμεγε,

181 1959 328 2041 idemque
342 1958 452 2025 tribus
475 1958 547 2025 aliis
568 1959 646 2025 locis
668 1959 703 2026 Il.
721 1960 798 2026 XVI
820 1960 861 2026 30
882 1961 928 2046 μὴ
953 1955 1039 2045 ἔμεγ’
1065 1952 1124 2025 οὖν
1147 1947 1247 2035 abacis
1270 1981 1306 2042 ys

182 2057 281 2142 λάβοι
313 2053 428 2144 χόλὸς,
463 2061 518 2127 ubi
550 2062 705 2144 particula
733 2063 836 2129 omitti
863 2068 1004 2145 poterat,
1038 2068 1106 2127 tum
1128 2059 1187 2125 od.
1209 2059 1240 2124 V
1263 2056 1305 2128 99

181 2169 214 2230 et
240 2162 290 2229 xl·
309 2160 373 2229 loo
386 2163 427 2247 ²),
466 2169 500 2230 et
530 2163 590 2229 hoc
622 2164 765 2247 exemplo
804 2165 858 2231 alii
894 2167 927 2230 in
960 2165 1056 2231 Arist
1089 2163 1172 2228 Plut
1210 2158 1304 2243 1036,

181 2264 265 2332 Eccl.
281 2263 372 2345 1056,
394 2266 471 2331 Acin.
494 2263 566 2348 362,
588 2267 657 2348 hac,
680 2272 767 2350 puto,
788 2268 912 2334 ratione
928 2267 1022 2348 ducti,
1045 2266 1128 2348 quod
1150 2265 1202 2330 bis
1224 2264 1303 2330 locis

181 2369 355 2435 coniunctio
377 2369 552 2450 pronomini
575 2369 684 2436 addita
712 2371 754 2436 ad
776 2371 1009 2438 distinctionem
1030 2369 1099 2435 eius
1122 2368 1202 2435 adeo
1223 2365 1304 2431 nihil

180 2471 277 2551 valet,
300 2476 337 2536 ut
358 2471 451 2552 plane
473 2473 577 2537 omitti
610 2475 667 2537 aut
688 2473 729 2538 ad
750 2473 845 2541 aliam
867 2474 1022 2540 enuntiati
1043 2475 1167 2554 partem
1188 2467 1305 2535 referri

178 2575 293 2655 possit,
338 2574 426 2639 cuius
459 2574 647 2640 discriminis
679 2575 784 2640 nescio
828 2596 868 2640 an
903 2575 1111 2642 Schneiderus
1145 2571 1187 2637 ad
1219 2571 1304 2637 Plat

180 2675 244 2741 Civ.
267 2673 369 2741 1400
395 2676 497 2742 minus
520 2678 661 2743 curiosus
686 2675 791 2741 fuerit
837 2677 901 2743 Cur
933 2685 1040 2743 autem
1067 2675 1164 2741 Attici
1199 2674 1302 2759 ἔγωγε

180 2778 330 2858 dixerint,
364 2797 426 2843 non
448 2780 525 2845 item
548 2778 661 2862 ἔμεγε,
695 2777 879 2860 Apollonius
912 2780 1068 2862 explicare
1094 2778 1209 2857 nescit,
1243 2777 1303 2843 sed

178 2881 286 2962 culpat
306 2881 565 2963 inaequalitatem
577 2880 792 2963 dialectornm,
805 2883 992 2963 praesertim
1005 2881 1129 2946 Atticae
1141 2880 1235 2946 Pron.
1249 2878 1301 2959 63,

177 3001 250 3057 nam
271 2982 344 3049 huic
365 2985 563 3065 potissimum
585 2984 673 3049 illam
695 2985 902 3050 adiectionem
925 2985 1064 3067 syllabae
1086 2987 1118 3071 {a
1141 2981 1298 3049 attribuit

176 3085 332 3166 Equidem
353 3086 413 3152 hoc
435 3104 472 3150 eo
494 3088 637 3152 evenisse
659 3086 912 3169 arbitror,'quod
933 3086 1026 3168 primi
1049 3092 1082 3150 et
1104 3084 1191 3149 tertii
1206 3102 1301 3150 casus

178 3206 254 3254 usus
276 3186 397 3253 infinito
419 3186 615 3269 frequentior
636 3194 699 3270 est,
735 3188 990 3271 frequentissima
1017 3193 1123 3253 autem
1152 3206 1300 3270 quaeque

175 3289 325 3357 festinata
345 3291 599 3372 pronuntiatione
620 3290 766 3358 facillime
788 3297 1029 3372 corrumpuntur
1041 3291 1082 3381 ²³),

175 3494 317 3565 ἐποίησας,
347 3491 422 3549 πάνυ
449 3511 483 3563 γε
510 3501 654 3565 πείθομαι.
692 3497 809 3548 Alterum
832 3498 894 3549 ferri
914 3503 1013 3564 potest,
1040 3498 1063 3549 si
1080 3495 1201 3548 absolute
1219 3498 1299 3551 inter·

173 3583 294 3634 iectionis
312 3583 390 3635 modo
409 3584 504 3634 dicitur
524 3568 601 3650 εὖγε,
630 3571 829 3653 obtorpuere,
859 3590 888 3636 ut
905 3585 997 3635 comici
1016 3584 1106 3634 Latini
1122 3583 1207 3634 solent
1225 3600 1298 3650 eope,

174 3683 297 3735 enqepue,
327 3685 379 3734 qno
397 3671 438 3722 vis
457 3671 647 3722 coniunctionis
666 3669 857 3735 quodammodo
876 3671 1010 3721 evanescit
1036 3674 1065 3720 nt
1092 3671 1118 3718 in
1141 3670 1299 3734 pronomine

175 3752 271 3821 ἔγωγε.
307 3755 383 3806 Haec
401 3757 547 3822 parathesis
567 3756 620 3805 diei
637 3756 739 3820 poterit,
758 3755 889 3820 syndreais
907 3756 979 3806 nullo
998 3755 1085 3806 modo.

243 3839 326 3891 aaa:
345 3845 457 3905 „asiaca
474 3856 507 3908 γε
524 3840 624 3894 Herod.
642 3840 655 3891 1
675 3839 716 3902 ll,
735 3842 780 3892 ubi
801 3843 837 3908 γέ
852 3841 887 3892 ad
905 3847 986 3892 totam
1002 3841 1156 3893 sententiam
1174 3841 1300 3904 pertinet,

173 3925 220 3977 eod
238 3921 330 3978 νεῖνόν
346 3942 380 3993 γε
399 3924 448 3989 οὖν
467 3919 530 3978 otta
548 3927 664 3982 distinct.
682 3924 775 3994 utdyol
782 3942 824 3993 γε.
843 3921 932 3986 κεῖνός
940 3942 973 3994 γε
984 3923 1016 3979 οὐ
1026 3921 1152 3995 scriptum
1170 3926 1300 3992 respond.
1360 3928 1363 3934 ’

172 4007 228 4078 ἐγώ
245 4027 277 4077 γε
296 4008 346 4063 οὐκ
363 4005 507 4067 ὄπωπα.“’

240 4094 268 4160 2)
291 4098 377 4164 Vulgo
399 4098 562 4150 scribebatur
586 4091 647 4150 σῦιε
669 4099 707 4167 μέ
728 4094 753 4165 y'
777 4095 808 4150 ἒν
830 4091 923 4163 νήεσσι
945 4090 1108 4149 Ποσειδάων
1131 4091 1298 4163 ἐδάμασσεν

173 4175 235 4234 οὔτε
266 4180 292 4244 μ’
327 4179 453 4254 ἀνάρσιοι
485 4176 584 4251 ἄνδρες
613 4175 769 4249 ἔδηλήσιινά
803 4181 849 4234 dul
872 4186 983 4250 χέρσου.
1028 4179 1115 4246 [nem.
1142 4200 1207 4235 omo.
1236 4184 1298 4238 loce.

171 4266 225 4335 ἒμέ
240 4267 291 4336 ys]

240 4353 267 4416 *ι
287 4355 323 4406 Ιιι
339 4352 459 4406 anema
476 4353 589 4422 pandam
608 4355 756 4408 ιιάιιοισιιιιιι
776 4363 825 4406 eut:
852 4350 916 4421 „cpe
945 4352 1016 4416 γοῦν
1042 4353 1111 4407 Plnt
1130 4353 1221 4420 Symp.
1242 4352 1300 4409 858
