2736 4778
153 322 218 387 on
238 318 507 386 Pnosrnnsr
527 317 590 385 ns
610 317 873 385 saumones
896 315 935 384 o.
947 316 1012 383 111.
1034 319 1060 402 ε.
1073 317 1103 382 1.
1139 319 1190 395 ot

76 507 195 573 XXII.
216 507 290 572 280.
313 506 370 591 qui
393 506 440 571 sic
463 503 633 590 scripsisse
658 486 785 570 videtur
805 500 878 588 μετ’
905 498 1070 582 ἐκτάσεως
1089 487 1191 572 roi]

77 603 148 676 ἀντὶ
178 612 238 676 τοῦ
268 607 377 692 ἐεόόης
408 605 726 693 plusquamperfecto
749 603 849 673 εἴδειν
877 605 1002 691 epsilon
1023 626 1083 691 pro
1107 625 1189 691 aug·

75 721 184 775 mento
210 708 359 774 additum
382 718 479 772 ratus.
523 707 555 773 N
557 730 594 773 eo
618 729 804 793 quenquam
825 716 953 771 moveat
974 706 1063 791 quod
1083 727 1190 792 neque

76 811 140 877 hoe
162 832 271 896 neque
294 809 411 876 εἐίδειν
437 810 610 897 reperitur,
637 832 674 875 ac
696 832 738 874 ne
760 808 942 896 perlectum
963 807 1095 893 quidem
1115 802 1190 877 aldo

75 925 206 1002 praeter
226 910 344 976 modos
366 910 516 998 obliquos
543 913 602 977 sed
625 905 701 981 olda
725 935 766 977 ex
788 909 884 979 ἔοιόα
905 921 1028 977 natum.
1064 909 1192 978 Eutaia
1293 936 1301 946 ·

75 1026 165 1081 certe
182 1013 333 1079 convenit
348 1013 537 1101 imperfecto
556 1012 646 1078 verbi
668 1013 869 1092 substantivi,
894 1015 985 1100 quod
999 1011 1192 1081 Eustathius

77 1116 174 1194 1865,
196 1118 247 1181 32.
270 1116 311 1181 ad
331 1116 555 1202 pleonasmum
574 1126 722 1182 revocat:
748 1110 808 1205 ἤην
835 1112 955 1184 ταύτόν
983 1115 1054 1184 ἐστι
1083 1117 1131 1202 τῷ
1154 1106 1194 1203 ἢν

76 1217 289 1301 πλεονασμόν
313 1217 432 1285 παθόν
458 1204 568 1304 aori-1}
595 1218 654 1282 sed
681 1217 749 1282 veri
779 1216 914 1282 similius
944 1216 1050 1282 estid
1072 1238 1114 1282 ex
1135 1212 1193 1304 ἔην

74 1317 287 1407 procrevisse.
331 1315 434 1384 Verbi
462 1310 533 1400 εἶμι
559 1318 786 1406 imperfectum
812 1319 840 1384 si
870 1319 916 1384 sic
939 1317 1134 1385 scriberetur
1155 1326 1193 1382 ut

73 1422 290 1486 Buttmannus
309 1419 413 1485 voluit
434 1419 577 1487 Gramm.
606 1420 635 1485 1.
661 1419 735 1485 559.
765 1415 850 1506 ἤειν,
883 1443 924 1485 ex
951 1419 1113 1507 primitivo
1142 1411 1191 1485 εἶν

74 1534 187 1586 natum
214 1520 422 1599 haberemus,
452 1521 512 1586 sed
537 1520 661 1607 ubique
681 1515 755 1610 ᾔειν
775 1519 894 1606 legitur
914 1522 982 1588 iota
1005 1520 1190 1606 subscripto

75 1625 167 1710 quod
192 1624 300 1711 poscit
317 1646 474 1710 praesens
492 1619 593 1708 εἴρμι,
617 1623 701 1689 sieut
716 1621 816 1687 altera
834 1622 937 1688 forma
956 1615 1019 1714 ᾖον
1040 1617 1108 1689 ἀπό
1132 1623 1191 1688 τοῦ

77 1724 136 1792 εἴτε
159 1726 197 1792 τὸ
221 1725 411 1810 πορεύομαι
433 1728 546 1813 τροπῇ
569 1729 628 1793 τοῦ
641 1713 667 1793 ἐ
688 1712 779 1811 elci]
802 1722 966 1791 Choerob.
996 1722 1093 1792 Orth.
1115 1720 1190 1802 217,

75 1827 128 1891 24.
170 1825 226 1892 Ab
250 1818 299 1892 εἶν
318 1836 471 1911 repetunt
489 1825 646 1912 pluralem
661 1823 735 1909 ἴμεν
752 1821 802 1893 ἴτε
819 1822 896 1894 λ’σαν
914 1824 970 1893 καὶ
986 1826 1192 1912 πλεονασμῷ

75 1920 176 2014 ἤισαν
192 1928 271 1993 ΕΜ.
293 1929 367 2005 423,
390 1929 442 1992 43.
483 1921 663 2011 Ἡΐσκομεν
685 1927 720 1992 in
740 1927 814 1992 loco
836 1925 995 2013 impedito
1011 1925 1051 1991 Il.
1068 1923 1189 1990 XXII.

75 2028 149 2092 332.
172 2029 260 2093 idem
280 2030 354 2106 423,
377 2028 428 2093 52.
452 2026 578 2093 dubitat
600 2039 708 2092 utrum
738 2049 799 2112 pro
825 2022 963 2107 λσκομεν
984 2025 1129 2111 positum
1149 2024 1192 2089 sit

76 2131 279 2218 πλεονασμῷ
311 2115 419 2216 sori}
443 2128 548 2214 (quod
575 2129 696 2194 excidit
724 2127 759 2191 in
774 2123 1032 2213 Epim.1.194‚
1058 2125 1123 2213 15.)
1148 2148 1191 2192 an

76 2252 137 2316 pro
167 2229 321 2311 ἐΐσκομεν
351 2253 411 2317 per
443 2229 574 2295 ectasin.
604 2268 645 2279 -
675 2227 836 2315 Hesychii
864 2226 993 2315 glossas
1017 2224 1236 2303 Ἠέλόετατσ

76 2328 250 2419 ἱμείρεται,
262 2327 434 2412 Ἠὲλμεθα
450 2328 657 2418 συνόμμεθα,
672 2327 833 2418 Ἠέρχατο
852 2332 1090 2418 καθειργμένον
1106 2323 1191 2419 ἦσαν

71 2442 245 2525 suspectas
272 2432 415 2497 reddunt
442 2433 506 2498 loci
534 2432 689 2500 homerici
721 2432 778 2498 ubi
812 2431 892 2498 haec
922 2442 1072 2519 tempora
1099 2431 1191 2499 aliter

76 2533 199 2620 scripta
219 2533 372 2619 leguntur
394 2534 550 2613 ἐέλδεται,
574 2535 721 2620 ἐέλμεθα
738 2546 799 2602 etc.
829 2534 876 2601 Et
889 2534 980 2619 quod
995 2531 1083 2599 idem
1093 2554 1189 2620 prae·
1217 2592 1222 2597 .

75 2634 133 2700 bet
157 2630 349 2703 Ἠελεοῢσιν
379 2631 449 2703 ἀντὶ
474 2641 533 2703 τοῦ
564 2635 694 2704 ἐλεοῦσι
724 2637 841 2703 eloco
864 2633 1023 2702 mendoso
1049 2646 1190 2702 sumtum

75 2737 213 2802 videtur.
260 2733 478 2822 Ἠερέθονται
507 2732 581 2803 ἀντὶ
611 2742 671 2804 τοῦ
699 2733 876 2826 ἒρὲθονται
902 2741 1104 2827 πλεονασμῷ
1129 2741 1190 2806 τοῦ

76 2825 166 2928 ἧὼς
188 2835 283 2928 ἦμόω
306 2836 383 2906 Sch.
406 2838 492 2906 Vrot
515 2838 555 2904 fl.
576 2838 678 2905 XXI.
702 2839 751 2905 12.
782 2838 953 2927 peritiores
978 2861 1052 2904 cum
1076 2833 1189 2929 ἠγερέ-

75 2949 197 3008 θονται
215 2951 416 3027 componunt
424 2941 504 3005 ΕΜ.
512 2941 586 3019 421,
603 2940 633 3006 5.
645 2979 687 2990 -
701 2941 756 3008 De
772 2941 958 3008 nominibus
975 2941 1039 3008 huc
1053 2940 1190 3007 retertur

75 3042 269 3113 Scamandri
292 3042 461 3131 epitheton
482 3036 630 3130 ἡιόειςῆ
657 3036 730 3110 ἀντὶ
751 3047 811 3109 τοῦ
835 3039 919 3120 ἷόεις
939 3044 1141 3130 πλεονασμῷ
1168 3037 1189 3128 ἢ

76 3140 146 3213 dard
172 3149 231 3232 τῆς
252 3139 364 3233 ἠιόνος
385 3139 531 3231 ἠιονόεις
553 3140 610 3207 καὶ
632 3140 715 3208 κατὰ
738 3141 907 3230 συγκοπὴν
923 3135 1032 3229 ἧιόεις
1051 3138 1069 3208 ὁ
1086 3140 1191 3222 καλὰς

75 3239 195 3332 ἠιόνας
225 3241 305 3327 ilios
331 3244 411 3310 EM.
433 3243 512 3321 426,
542 3241 573 3306 6.
595 3239 713 3326 quibus
740 3242 869 3315 tertium
890 3242 982 3309 addit
1001 3241 1190 3329 Hesychius

76 3343 224 3434 ἢκαλὰς
253 3344 367 3433 φωνὰς
393 3344 473 3428 ἕξεων
501 3343 624 3409 scilicet
652 3341 693 3409 ab
723 3338 803 3433 ἧίων
825 3348 945 3414 auditio
968 3345 1059 3430 quod
1081 3346 1189 3413 Zeno·
1269 3338 1272 3344 ’

77 3447 175 3510 dotus
198 3444 371 3512 fabricatus
394 3457 451 3512 est.
474 3510 476 3514 Α
497 3446 689 3514 Scamandri
703 3445 792 3533 ripas
808 3447 902 3513 violis
921 3446 1107 3515 abundasse
1121 3470 1189 3515 uon
1306 3452 1309 3463 '

76 3557 214 3613 constat.
258 3548 377 3633 Itaque
399 3559 545 3613 tenemus
564 3570 631 3612 non
647 3547 792 3613 secundo
810 3547 883 3616 loco
908 3549 1115 3636 propositum
1140 3561 1191 3617 est

77 3645 147 3716 ἀπὸ
172 3653 229 3736 τῆς
252 3645 378 3738 ἠιόνος·
407 3672 547 3736 namque
574 3648 679 3714 fluviis
702 3670 851 3734 quoque,
890 3674 958 3717 non
980 3651 1060 3716 mari
1082 3653 1189 3719 solum

76 3750 175 3816 tribui
199 3745 313 3839 ἠιόνας
334 3753 542 3818 Hermannus
563 3751 707 3817 ostendit
730 3752 858 3838 Opusc.
879 3752 920 3818 Τ.
936 3753 997 3821 IV.
1012 3753 1086 3818 210.
1120 3753 1189 3822 Sed

75 3864 114 3917 ut
136 3874 302 3939 syncopae
320 3864 507 3919 occurratur
528 3874 588 3941 pro
611 3848 694 3942 ἧιών
715 3851 938 3922 substituimus
960 3854 1054 3942 quasi
1075 3854 1187 3942 primia

75 3953 178 4017 tivum
207 3948 281 4041 ἤιεν
309 3977 329 4017 a
352 3952 451 4021 verbo
479 3952 565 4024 ἰέναι
592 3955 681 4020 unde
702 3978 770 4022 non
791 3957 897 4023 solum
918 3951 977 4047 ἤια
998 3956 1040 4023 τὰ
1066 3951 1189 4041 ἐφόδια

76 4055 137 4120 sed
171 4054 268 4119 etiam
301 4049 385 4143 ἧττόν
416 4051 434 4122 ὁ
467 4054 750 4145 παραθαλάσσιος
786 4059 843 4126 καὶ
874 4052 1189 4140 όδεόσιμοςτόπος

76 4154 174 4241 παρὰ
205 4155 242 4223 τὸ
270 4151 356 4224 ἰέναι
382 4154 517 4244 Didym.
551 4156 595 4223 ad
614 4157 654 4223 Il.
678 4156 762 4226 XII.
786 4159 839 4225 31.
863 4167 896 4223 et
914 4151 1023 4246 ἠιόνες
1041 4152 1082 4222 τὰ
1103 4151 1189 4228 ὑπσ-

77 4252 168 4322 κότω
202 4261 267 4322 τῶν
298 4251 490 4346 ὀφθαλμῶν
517 4258 573 4329 διὰ
607 4258 645 4330 τὸ
678 4258 719 4327 τὰ
757 4254 886 4348 δάκρυα
912 4251 958 4323 δι’
990 4250 1099 4327 αι’πιόν
1127 4258 1189 4348 ‹pi-

129 4357 365 4407 noseemutnol.
960 4356 982 4427 5
