2736 4778
171 341 236 411 ns
257 337 524 449 rnosrusm
545 335 606 406 ar
630 334 1012 409 trummacum
1036 340 1061 424 a.
1073 336 1103 404 3.
1153 339 1199 416 ει

97 520 248 614 αἰγοστδς,
269 521 393 605 ὀϊστός.
439 525 509 592 Cur
526 534 633 590 autem
649 521 724 602 ἕεις,
746 524 806 589 etsi
824 524 950 611 epsilon
967 523 1204 612 pleonastieum

96 628 229 708 habeat,
252 640 362 694 tamen
386 627 547 692 diversum
564 649 584 692 a
601 624 825 711 monosyllabo
849 637 1015 693 accentum
1032 627 1204 714 acceperit,

97 731 331 819 Theognostus
355 728 435 796 Can.
459 730 529 795 134.
552 726 636 794 hanc
658 749 789 793 causam
811 727 904 793 affert
918 729 1008 814 quod
1021 731 1153 795 nomina
1172 729 1206 793 in

96 819 163 913 ἦ,
188 855 273 919 quae
308 853 407 918 supra
435 829 591 916 syllabam
619 830 701 908 sint,
731 839 905 916 graventur
933 827 1042 920 ἕρδεις
1067 827 1206 916 τιμήεις,

96 934 272 1022 partieipia
292 942 446 998 acuantur
464 931 663 1009 τιθείς-καί
692 931 749 998 διὰ
769 935 870 999 τοῦτο
894 929 932 998 τὰ
957 923 1007 1008 εἷς
1029 925 1078 1007 εἷς
1096 929 1209 996 δισνλ·

97 1035 220 1121 λαβίαν
247 1032 410 1118 μετελθδν
436 1028 618 1117 βαρύνεται
644 1029 698 1098 ἵνα
724 1032 783 1122 τὴν
811 1026 1014 1120 ὀνοματικὴν
1041 1028 1210 1116 σημασλαν

100 1130 279 1225 ἀποφήνῃ·
308 1132 413 1212 ο6τως
430 1129 636 1217 Ἡρωδιανὸς
663 1131 697 1199 ἐν
718 1136 767 1221 τῷ
795 1132 875 1220 περὶ
897 1130 1156 1217 μονοσυλλάβιοκ
1176 1152 1206 1197 v.

98 1237 215 1303 Lehrs.
249 1236 292 1301 ad
321 1235 449 1301 Herod.
481 1256 514 1320 p.
546 1233 598 1298 59.
653 1231 738 1300 Cum
768 1232 833 1312 ἓέις
860 1244 995 1322 propter
1026 1233 1209 1322 pleonasmi

97 1339 241 1427 speciem
261 1338 295 1404 in
318 1337 428 1425 Epim.
452 1338 481 1401 1.
503 1334 577 1413 446,
601 1336 650 1401 11.
674 1337 837 1401 confertur
857 1336 1018 1422 genitivus
1040 1335 1207 1423 pronomi-

96 1441 147 1505 nis
161 1439 262 1527 t'pg'fet
272 1439 496 1526 imperfectum
515 1433 571 1525 ἔην
585 1438 789 1526 πλεονασμῷ
808 1423 909 1505 τοῦ-ε
930 1443 1115 1527 ποιητικῶς
1126 1437 1207 1503 EM.

96 1543 177 1620 317,
210 1541 263 1607 56.
293 1551 391 1626 atque
419 1538 503 1604 adeo
533 1536 754 1622 subjunctivus
784 1537 823 1629 ἔῃ
847 1538 937 1626 581,
957 1540 1009 1604 34.
1037 1548 1209 1625 utrumque

97 1644 192 1722 falso,
216 1666 291 1708 nam
315 1642 443 1728 spsilon
466 1640 509 1705 ad
534 1639 750 1707 substantiam
770 1640 859 1707 verbi
882 1640 1031 1730 pertinet.
1076 1639 1211 1707 Certum

98 1768 175 1811 vero
198 1754 248 1810 est
269 1745 502 1809 incrementum
520 1743 722 1830 pronominis
745 1744 927 1831 personalis
957 1766 1023 1809 non
1050 1744 1154 1810 solum
1175 1744 1210 1809 in

99 1858 215 1934 quarto
237 1868 315 1912 casu
336 1845 395 1909 sed
417 1844 513 1910 etiam
534 1845 568 1909 in
589 1846 734 1913 secundo
758 1857 791 1913 et
813 1847 924 1923 tertio,
947 1868 1085 1931 quorum
1105 1845 1210 1911 neutri

100 1947 252 2017 convenit
285 1946 422 2032 diplosis
458 1944 500 2011 ab
527 1946 707 2034 Apollonio
739 1949 876 2036 explosa
906 1948 928 2012 l.
956 1968 984 2011 c.
1013 1943 1211 2032 ὖπδψοχρδν

100 2051 171 2118 ἐστι
191 2048 229 2115 τὸ
255 2049 360 2133 λέγειν
382 2043 427 2127 ὡς
451 2045 703 2136 ἕδιπλασιάοθη
725 2048 764 2114 τὸ
788 2045 830 2117 δέ.
860 2047 1091 2112 Pleonasmum
1106 2057 1211 2112 ratum

99 2151 176 2218 iacit
193 2148 403 2215 Herodianus
425 2146 465 2211 11.
496 2144 673 2212 XX.171.
703 2143 723 2236 ’l
752 2147 787 2216 δέ
812 2142 999 2231 ἀντωνυμία
1029 2144 1213 2216 ἐπλεόνασε

101 2246 176 2319 κατ’
210 2244 314 2338 ἀρχὴν
343 2249 454 2335 ὥςπερ
485 2247 544 2317 ἐπὶ
563 2252 623 2316 τοῦ
646 2244 714 2327 ἑόν,
736 2244 803 2329 ἑοῦ,
829 2245 874 2339 ἑῷ
896 2259 929 2315 et
950 2247 1026 2318 Sch.
1048 2248 1161 2336 Apoll.
1183 2249 1211 2315 Ι.

103 2353 196 2419 1032.
219 2351 258 2418 τὸ
284 2347 521 2418 retornatas
542 2345 736 2435 ῖσοδιιναμεῖ
756 2356 804 2440 τῷ
824 2348 944 2419 ἑαυτοῦ
962 2348 1214 2440 προςλρπτικδν

101 2449 278 2538 λεγόμενον
303 2457 375 2530 τοῖς
403 2453 565 2529 παλαιοῖς
588 2449 653 2518 hoe
678 2463 728 2519 est
749 2454 958 2520 assumtivum
981 2451 1091 2540 epsili,
1123 2453 1213 2538 quod

102 2556 179 2620 hinc
206 2553 333 2618 transiit
359 2552 402 2617 ad
426 2574 607 2639 pronomen
631 2554 776 2639 ejusdem
803 2576 963 2643 personae
992 2555 1213 2642 possessivum

101 2653 167 2735 ἑός.
217 2653 384 2721 Diaeresis
409 2675 486 2720 vero
516 2655 721 2740 adjudicatur
746 2657 836 2722 affini
863 2657 992 2744 generi3
1025 2656 1068 2723 τὰ
1097 2649 1213 2742 δρθρα

101 2759 328 2842 διαιροῦνται,
357 2752 393 2821 αἳ
422 2756 460 2823 δὲ
487 2751 688 2841 ἆντωνιιμλαι
718 2754 939 2842 πλεονδζαοσι
967 2757 1044 2826 seh.
1066 2757 1153 2825 luet.
1172 2758 1212 2823 Il.

101 2859 149 2924 11.
171 2857 244 2925 325.
267 2857 346 2923 ΕΜ.
368 2855 442 2934 614,
462 2857 515 2922 40.
554 2858 647 2925 Sicut
663 2878 739 2926 vero
759 2860 987 2947 pronominum
1005 2859 1213 2947 pleonasmus

100 2982 169 3026 uno
196 2959 252 3024 illo
283 2959 465 3025 continetur
493 2981 613 3046 genere
643 2956 715 3035 ἑοῦ,
745 2957 809 3038 ἑοῖ,
833 2957 876 3038 δέ,
902 2961 948 3026 sic
971 2960 1125 3027 diaeresis
1146 2983 1213 3026 uno

102 3060 229 3128 articuli
251 3059 459 3147 postpositivi
480 3082 560 3125 casu
581 3060 694 3125 nititur
716 3061 871 3147 genitivo,
894 3072 927 3126 et
948 3061 1044 3145 hujus
1061 3085 1128 3129 non
1145 3072 1213 3127 am*

102 3164 190 3251 plius
212 3184 309 3248 quam
331 3162 398 3226 duo
421 3161 570 3248 exempla
591 3159 758 3239 habemus,
780 3184 880 3227 unum
900 3162 1069 3227 masculini
1086 3165 1215 3251 generis

100 3266 141 3334 τὸ
164 3263 227 3332 lion
248 3260 289 3330 οὔ
305 3262 518 3347 πλεονασμὸς
535 3257 619 3330 ἀλλὰ
636 3263 815 3349 διαίρεσις·
838 3260 869 3330 εἰ
891 3263 953 3350 γὰρ
968 3264 1053 3332 κατὰ
1072 3267 1216 3334 πλεονα-

103 3367 187 3452 σμὸν
210 3364 353 3452 ἐγένετο,
382 3359 526 3454 ὤφειλεν
548 3358 633 3431 εἶναι
655 3362 911 3451 περισπώμενον
938 3361 1015 3434 δοῦ·
1042 3367 1130 3452 λέγει
1152 3367 1215 3458 γὰρ

96 3466 305 3557 Ἡρωδιανὸς
332 3467 386 3534 ὅτι
415 3461 432 3532 ὁ
461 3465 672 3546 πλεονασμὸς
699 3465 758 3533 τὸν
786 3461 910 3535 οἰκεῖον
931 3464 1026 3533 τόνον
1046 3464 1216 3553 φυλάττει,

104 3568 221 3654 ὥρακα
255 3563 409 3655 ἑώρακα,
437 3564 576 3653 ἥνδανεν
603 3561 757 3654 ἑήνδανε,
787 3562 929 3645 ἐείκοσι,
951 3561 971 3654 ἦ
994 3568 1031 3635 δὲ
1053 3567 1217 3656 διαίρεσις

103 3664 295 3738 διαλλάττει
319 3667 398 3733 EM
427 3667 448 3731 l.
477 3688 505 3733 c.
532 3666 642 3753 Epim.
674 3666 702 3730 l.
729 3665 801 3744 316,
830 3667 879 3732 18.
912 3669 1048 3735 altemm
1069 3672 1214 3738 feminini

103 3769 142 3836 τὸ
165 3768 222 3856 6ης
244 3766 400 3858 διῄρηται
423 3761 468 3846 ὡς
489 3766 527 3834 τὸ
551 3766 612 3834 ὅου
634 3767 710 3835 Seh.
733 3769 818 3836 Vict.
844 3769 883 3835 Il.
909 3770 1006 3839 XVI.
1033 3773 1106 3839 208.
1138 3775 1216 3840 Una

104 3870 214 3957 igitur,
238 3892 304 3954 qua
327 3868 411 3934 duae
433 3867 621 3934 affectiones
646 3868 856 3936 discriminari
879 3873 1022 3958 possint,
1051 3885 1130 3939 nota
1149 3885 1215 3939 tra-

107 3972 193 4036 ditur
218 3981 370 4037 acoentus
398 3982 430 4036 et
453 3969 540 4035 hunc
563 3970 697 4037 dubium
718 3973 827 4039 reddit
846 3974 960 4039 raritas
983 3974 1214 4059 exemplorum.

104 4072 217 4138 Hodie
239 4082 346 4138 tamen
367 4073 449 4139 fixus
472 4085 625 4159 ratusque
655 4085 704 4140 est
731 4075 765 4140 in
790 4088 929 4160 utroque
951 4096 1070 4161 genere
1092 4088 1124 4141 et
1145 4100 1215 4146 ore·
1327 4100 1330 4105 ⁴

106 4174 220 4238 damus
247 4173 323 4239 licet
350 4196 424 4239 eum
445 4175 514 4258 jam
535 4177 636 4242 multo
664 4187 738 4242 ante
760 4177 928 4263 signorum
948 4175 1216 4262 prosodiacorum

105 4274 324 4342 inventionem
352 4274 386 4340 in
415 4272 535 4339 scholis
564 4299 623 4363 per
647 4300 762 4344 manus
782 4277 935 4344 traditum
959 4299 1121 4367 vocesque
1142 4280 1215 4345 illas
