<?xml version="1.0" encoding="UTF-8"?>
<!DOCTYPE html PUBLIC "-//W3C//DTD XHTML 1.0 Transitional//EN"
    "http://www.w3.org/TR/xhtml1/DTD/xhtml1-transitional.dtd">
<html xmlns="http://www.w3.org/1999/xhtml" xml:lang="en" lang="en">
 <head>
  <title>
</title>
<meta http-equiv="Content-Type" content="text/html;charset=utf-8" />
  <meta name='ocr-system' content='tesseract 3.04.00' />
  <meta name='ocr-capabilities' content='ocr_page ocr_carea ocr_par ocr_line ocrx_word'/>
</head>
<body>
  <div class='ocr_page' id='page_1' title='image "./pathologiaegrae00lobegoog_0554.png"; bbox 0 0 2736 4778; ppageno 0'>
   <div class='ocr_carea' id='block_1_1' title="bbox 146 308 1120 398">
    <p class='ocr_par' dir='ltr' id='par_1_1' title="bbox 146 308 1120 398">
     <span class='ocr_line' id='line_1_1' title="bbox 146 308 1120 398; baseline -0.001 -10"><span class='ocrx_word' id='word_1_1' title='bbox 146 319 222 398; x_wconf 77' lang='grc'><strong>552</strong></span> <span class='ocrx_word' id='word_1_2' title='bbox 503 314 823 388; x_wconf 82' lang='lat' dir='ltr'>DISSERTATIO</span> <span class='ocrx_word' id='word_1_3' title='bbox 852 315 896 387; x_wconf 78' lang='lat' dir='ltr'><strong>V.</strong></span> <span class='ocrx_word' id='word_1_4' title='bbox 993 336 994 339; x_wconf 73' lang='grc'>’</span> <span class='ocrx_word' id='word_1_5' title='bbox 1117 308 1120 316; x_wconf 76' lang='grc'><strong>’</strong></span> 
     </span>
    </p>
   </div>
   <div class='ocr_carea' id='block_1_2' title="bbox 58 499 1305 3930">
    <p class='ocr_par' dir='ltr' id='par_1_2' title="bbox 58 499 1305 3930">
     <span class='ocr_line' id='line_1_2' title="bbox 145 499 1261 592; baseline 0 -19"><span class='ocrx_word' id='word_1_6' title='bbox 145 507 223 573; x_wconf 85' lang='grc' dir='ltr'><strong>Ηοο</strong></span> <span class='ocrx_word' id='word_1_7' title='bbox 241 501 309 571; x_wconf 80' lang='lat' dir='ltr'><strong>sive</strong></span> <span class='ocrx_word' id='word_1_8' title='bbox 330 501 471 571; x_wconf 87' lang='lat' dir='ltr'><strong>hominis</strong></span> <span class='ocrx_word' id='word_1_9' title='bbox 501 504 568 570; x_wconf 88' lang='lat' dir='ltr'><strong>sive</strong></span> <span class='ocrx_word' id='word_1_10' title='bbox 590 504 726 572; x_wconf 77' lang='lat' dir='ltr'>semidei</span> <span class='ocrx_word' id='word_1_11' title='bbox 751 524 871 572; x_wconf 87' lang='lat' dir='ltr'><strong>nomen</strong></span> <span class='ocrx_word' id='word_1_12' title='bbox 899 504 927 570; x_wconf 89' lang='lat' dir='ltr'><strong>si</strong></span> <span class='ocrx_word' id='word_1_13' title='bbox 949 525 991 570; x_wconf 84' lang='lat' dir='ltr'><strong>ex</strong></span> <span class='ocrx_word' id='word_1_14' title='bbox 1011 499 1189 592; x_wconf 87' lang='grc' dir='ltr'><em>Διάκορος</em></span> <span class='ocrx_word' id='word_1_15' title='bbox 1212 530 1261 573; x_wconf 93' lang='lat' dir='ltr'><strong>or·</strong></span> 
     </span>
     <span class='ocr_line' id='line_1_3' title="bbox 146 602 1262 694; baseline 0.002 -20"><span class='ocrx_word' id='word_1_16' title='bbox 146 618 214 674; x_wconf 85' lang='lat' dir='ltr'><strong>tum</strong></span> <span class='ocrx_word' id='word_1_17' title='bbox 236 617 323 674; x_wconf 88' lang='lat' dir='ltr'><strong>esset</strong></span> <span class='ocrx_word' id='word_1_18' title='bbox 344 606 456 694; x_wconf 81' lang='lat' dir='ltr'><strong>sigma</strong></span> <span class='ocrx_word' id='word_1_19' title='bbox 468 605 674 672; x_wconf 86' lang='lat' dir='ltr'><strong>redundante</strong></span> <span class='ocrx_word' id='word_1_20' title='bbox 700 615 737 670; x_wconf 91' lang='lat' dir='ltr'><strong>ut</strong></span> <span class='ocrx_word' id='word_1_21' title='bbox 759 602 932 686; x_wconf 82' lang='grc' dir='ltr'><em>άιόςάοτος</em></span> <span class='ocrx_word' id='word_1_22' title='bbox 954 605 1072 673; x_wconf 79' lang='lat' dir='ltr'><strong>dieitur</strong></span> <span class='ocrx_word' id='word_1_23' title='bbox 1100 629 1166 694; x_wconf 89' lang='lat' dir='ltr'><strong>pro</strong></span> <span class='ocrx_word' id='word_1_24' title='bbox 1191 605 1262 677; x_wconf 81' lang='grc' dir='ltr'><em>διά-</em></span> 
     </span>
     <span class='ocr_line' id='line_1_4' title="bbox 147 707 1305 795; baseline 0.001 -19"><span class='ocrx_word' id='word_1_25' title='bbox 147 710 252 788; x_wconf 76' lang='grc' dir='ltr'><em>δοτος,</em></span> <span class='ocrx_word' id='word_1_26' title='bbox 276 721 344 774; x_wconf 89' lang='lat' dir='ltr'><strong>tum</strong></span> <span class='ocrx_word' id='word_1_27' title='bbox 366 731 443 776; x_wconf 84' lang='lat' dir='ltr'><strong>vero</strong></span> <span class='ocrx_word' id='word_1_28' title='bbox 462 709 496 774; x_wconf 91' lang='lat' dir='ltr'><strong>in</strong></span> <span class='ocrx_word' id='word_1_29' title='bbox 514 707 740 795; x_wconf 87' lang='lat' dir='ltr'><strong>synthetorum</strong></span> <span class='ocrx_word' id='word_1_30' title='bbox 749 730 919 774; x_wconf 88' lang='lat' dir='ltr'><strong>numerum</strong></span> <span class='ocrx_word' id='word_1_31' title='bbox 929 708 1069 786; x_wconf 82' lang='lat' dir='ltr'><strong>veniret·</strong></span> <span class='ocrx_word' id='word_1_32' title='bbox 1082 709 1146 775; x_wconf 87' lang='lat' dir='ltr'><strong>sed</strong></span> <span class='ocrx_word' id='word_1_33' title='bbox 1167 709 1261 777; x_wconf 86' lang='lat' dir='ltr'><strong>ambo</strong></span> <span class='ocrx_word' id='word_1_34' title='bbox 1304 767 1305 783; x_wconf 68' lang='grc'><em>,</em></span> 
     </span>
     <span class='ocr_line' id='line_1_5' title="bbox 146 809 1262 898; baseline 0.003 -23"><span class='ocrx_word' id='word_1_35' title='bbox 146 820 222 875; x_wconf 91' lang='lat' dir='ltr'><strong>sunt</strong></span> <span class='ocrx_word' id='word_1_36' title='bbox 232 810 365 876; x_wconf 90' lang='lat' dir='ltr'><strong>nomina</strong></span> <span class='ocrx_word' id='word_1_37' title='bbox 378 809 489 877; x_wconf 88' lang='grc' dir='ltr'><em>τέλεια</em></span> <span class='ocrx_word' id='word_1_38' title='bbox 500 809 606 876; x_wconf 83' lang='lat' dir='ltr'><strong>laxius</strong></span> <span class='ocrx_word' id='word_1_39' title='bbox 619 829 776 890; x_wconf 84' lang='lat' dir='ltr'><strong>oonnexa,</strong></span> <span class='ocrx_word' id='word_1_40' title='bbox 789 810 879 896; x_wconf 89' lang='lat' dir='ltr'><strong>quod</strong></span> <span class='ocrx_word' id='word_1_41' title='bbox 888 821 976 878; x_wconf 85' lang='lat' dir='ltr'><strong>reete</strong></span> <span class='ocrx_word' id='word_1_42' title='bbox 986 821 1101 877; x_wconf 88' lang='lat' dir='ltr'><strong>monet</strong></span> <span class='ocrx_word' id='word_1_43' title='bbox 1109 811 1228 898; x_wconf 84' lang='lat' dir='ltr'><strong>Epim.</strong></span> <span class='ocrx_word' id='word_1_44' title='bbox 1238 812 1262 878; x_wconf 79' lang='lat' dir='ltr'>L</span> 
     </span>
     <span class='ocr_line' id='line_1_6' title="bbox 147 904 1262 1002; baseline 0.004 -26"><span class='ocrx_word' id='word_1_45' title='bbox 147 912 220 989; x_wconf 93' lang='grc'><strong>117,</strong></span> <span class='ocrx_word' id='word_1_46' title='bbox 241 912 294 979; x_wconf 84' lang='grc'><strong>30.</strong></span> <span class='ocrx_word' id='word_1_47' title='bbox 317 906 444 1001; x_wconf 83' lang='grc' dir='ltr'><em>ἡΔιάς</em></span> <span class='ocrx_word' id='word_1_48' title='bbox 466 913 576 1001; x_wconf 78' lang='grc' dir='ltr'><em>γενικὴ</em></span> <span class='ocrx_word' id='word_1_49' title='bbox 598 905 674 980; x_wconf 76' lang='grc' dir='ltr'><em>κατ’</em></span> <span class='ocrx_word' id='word_1_50' title='bbox 701 906 803 1002; x_wconf 70' lang='grc' dir='ltr'><em>ἀρχὴν</em></span> <span class='ocrx_word' id='word_1_51' title='bbox 830 910 1048 1001; x_wconf 71' lang='grc' dir='ltr'><strong>συντιθεμένη</strong></span> <span class='ocrx_word' id='word_1_52' title='bbox 1070 904 1262 998; x_wconf 71' lang='grc' dir='ltr'><strong><em>ἀποβάλλει</em></strong></span> 
     </span>
     <span class='ocr_line' id='line_1_7' title="bbox 145 1001 1262 1102; baseline 0 -21"><span class='ocrx_word' id='word_1_53' title='bbox 145 1012 184 1081; x_wconf 80' lang='grc' dir='ltr'><strong>τὸ</strong></span> <span class='ocrx_word' id='word_1_54' title='bbox 207 1036 237 1094; x_wconf 92' lang='grc' dir='ltr'><strong>σ,</strong></span> <span class='ocrx_word' id='word_1_55' title='bbox 206 1001 469 1102; x_wconf 68' lang='grc' dir='ltr'><em>Διοπείθης,</em></span> <span class='ocrx_word' id='word_1_56' title='bbox 492 1012 670 1102; x_wconf 73' lang='grc' dir='ltr'><em>Διογένης·</em></span> <span class='ocrx_word' id='word_1_57' title='bbox 693 1011 804 1081; x_wconf 81' lang='grc' dir='ltr'><strong>διὸ</strong></span> <span class='ocrx_word' id='word_1_58' title='bbox 768 1038 807 1080; x_wconf 90' lang='grc' dir='ltr'><strong>το</strong></span> <span class='ocrx_word' id='word_1_59' title='bbox 828 1007 1015 1100; x_wconf 87' lang='grc' dir='ltr'><em>Διάςκορος</em></span> <span class='ocrx_word' id='word_1_60' title='bbox 1039 1011 1074 1078; x_wconf 80' lang='grc' dir='ltr'><strong>έν</strong></span> <span class='ocrx_word' id='word_1_61' title='bbox 1099 1011 1262 1098; x_wconf 72' lang='grc' dir='ltr'><em>παραθέ-</em></span> 
     </span>
     <span class='ocr_line' id='line_1_8' title="bbox 148 1108 1262 1203; baseline -0.002 -23"><span class='ocrx_word' id='word_1_62' title='bbox 148 1132 214 1180; x_wconf 90' lang='grc' dir='ltr'><em>σει·</em></span> <span class='ocrx_word' id='word_1_63' title='bbox 257 1113 296 1181; x_wconf 87' lang='grc' dir='ltr'><strong>τὸ</strong></span> <span class='ocrx_word' id='word_1_64' title='bbox 336 1112 373 1180; x_wconf 79' lang='lat'><strong>66</strong></span> <span class='ocrx_word' id='word_1_65' title='bbox 410 1108 585 1192; x_wconf 76' lang='grc' dir='ltr'><em>διόςάοτον</em></span> <span class='ocrx_word' id='word_1_66' title='bbox 616 1109 802 1203; x_wconf 83' lang='grc' dir='ltr'><em>ποιητικόν.</em></span> <span class='ocrx_word' id='word_1_67' title='bbox 853 1114 928 1179; x_wconf 84' lang='lat' dir='ltr'><strong>Hae</strong></span> <span class='ocrx_word' id='word_1_68' title='bbox 960 1133 1060 1200; x_wconf 88' lang='lat' dir='ltr'><strong>super</strong></span> <span class='ocrx_word' id='word_1_69' title='bbox 1088 1135 1128 1178; x_wconf 90' lang='lat' dir='ltr'><strong>re</strong></span> <span class='ocrx_word' id='word_1_70' title='bbox 1162 1112 1262 1201; x_wconf 76' lang='lat' dir='ltr'><strong>longa</strong></span> 
     </span>
     <span class='ocr_line' id='line_1_9' title="bbox 146 1210 1262 1304; baseline 0.002 -26"><span class='ocrx_word' id='word_1_71' title='bbox 146 1212 267 1281; x_wconf 84' lang='lat' dir='ltr'><strong>texitur</strong></span> <span class='ocrx_word' id='word_1_72' title='bbox 289 1213 499 1302; x_wconf 81' lang='lat' dir='ltr'><strong>disputatio</strong></span> <span class='ocrx_word' id='word_1_73' title='bbox 489 1237 524 1279; x_wconf 89' lang='lat' dir='ltr'><strong>m</strong></span> <span class='ocrx_word' id='word_1_74' title='bbox 545 1215 625 1281; x_wconf 88' lang='grc' dir='ltr'><strong>ΕΜ.</strong></span> <span class='ocrx_word' id='word_1_75' title='bbox 644 1210 718 1294; x_wconf 88' lang='grc'><strong>278,</strong></span> <span class='ocrx_word' id='word_1_76' title='bbox 740 1216 792 1281; x_wconf 90' lang='grc'><strong>24.</strong></span> <span class='ocrx_word' id='word_1_77' title='bbox 817 1237 914 1301; x_wconf 88' lang='lat' dir='ltr'><strong>quam</strong></span> <span class='ocrx_word' id='word_1_78' title='bbox 936 1237 996 1303; x_wconf 88' lang='lat' dir='ltr'><strong>por</strong></span> <span class='ocrx_word' id='word_1_79' title='bbox 1018 1223 1132 1302; x_wconf 85' lang='lat' dir='ltr'><strong>partes</strong></span> <span class='ocrx_word' id='word_1_80' title='bbox 1156 1213 1262 1304; x_wconf 83' lang='lat' dir='ltr'><strong>expli-</strong></span> 
     </span>
     <span class='ocr_line' id='line_1_10' title="bbox 148 1311 1263 1402; baseline -0.001 -21"><span class='ocrx_word' id='word_1_81' title='bbox 148 1336 221 1381; x_wconf 81' lang='lat' dir='ltr'><strong>care</strong></span> <span class='ocrx_word' id='word_1_82' title='bbox 243 1314 403 1383; x_wconf 82' lang='lat' dir='ltr'><strong>conabor:</strong></span> <span class='ocrx_word' id='word_1_83' title='bbox 429 1315 468 1384; x_wconf 89' lang='grc' dir='ltr'><strong>τὸ</strong></span> <span class='ocrx_word' id='word_1_84' title='bbox 490 1313 677 1402; x_wconf 86' lang='grc' dir='ltr'><em>Διόςκορος</em></span> <span class='ocrx_word' id='word_1_85' title='bbox 700 1311 733 1383; x_wconf 82' lang='lat' dir='ltr'><strong>oi</strong></span> <span class='ocrx_word' id='word_1_86' title='bbox 753 1314 814 1398; x_wconf 79' lang='grc' dir='ltr'><strong>μὲν</strong></span> <span class='ocrx_word' id='word_1_87' title='bbox 836 1315 871 1382; x_wconf 85' lang='grc' dir='ltr'><strong>έν</strong></span> <span class='ocrx_word' id='word_1_88' title='bbox 891 1312 1086 1402; x_wconf 72' lang='grc' dir='ltr'><em>παραθέοει</em></span> <span class='ocrx_word' id='word_1_89' title='bbox 1111 1315 1263 1402; x_wconf 70' lang='grc' dir='ltr'><em>λέγουσιν</em></span> 
     </span>
     <span class='ocr_line' id='line_1_11' title="bbox 122 1408 1261 1509; baseline -0.003 -23"><span class='ocrx_word' id='word_1_90' title='bbox 122 1411 124 1415; x_wconf 47' lang='grc'>’</span> <span class='ocrx_word' id='word_1_91' title='bbox 150 1411 242 1486; x_wconf 74' lang='grc' dir='ltr'><strong>ὅτι</strong></span> <span class='ocrx_word' id='word_1_92' title='bbox 224 1443 244 1506; x_wconf 91' lang='grc' dir='ltr'><em>η</em></span> <span class='ocrx_word' id='word_1_93' title='bbox 265 1412 351 1497; x_wconf 88' lang='grc' dir='ltr'><em>Διός</em></span> <span class='ocrx_word' id='word_1_94' title='bbox 372 1442 482 1509; x_wconf 74' lang='grc' dir='ltr'><em>μενικη</em></span> <span class='ocrx_word' id='word_1_95' title='bbox 470 1414 540 1483; x_wconf 84' lang='grc' dir='ltr'><strong>έν</strong></span> <span class='ocrx_word' id='word_1_96' title='bbox 562 1422 604 1506; x_wconf 83' lang='grc' dir='ltr'><strong>τῇ</strong></span> <span class='ocrx_word' id='word_1_97' title='bbox 625 1415 781 1484; x_wconf 75' lang='grc' dir='ltr'><em>συνθέσει</em></span> <span class='ocrx_word' id='word_1_98' title='bbox 805 1408 994 1499; x_wconf 74' lang='grc' dir='ltr'><em>ἀποβάλλει</em></span> <span class='ocrx_word' id='word_1_99' title='bbox 1015 1413 1055 1483; x_wconf 86' lang='grc' dir='ltr'><strong>τὸ</strong></span> <span class='ocrx_word' id='word_1_100' title='bbox 1076 1441 1110 1484; x_wconf 92' lang='grc' dir='ltr'><strong>σ.</strong></span> <span class='ocrx_word' id='word_1_101' title='bbox 1161 1414 1208 1485; x_wconf 77' lang='lat' dir='ltr'><strong>Oi</strong></span> <span class='ocrx_word' id='word_1_102' title='bbox 1231 1411 1261 1483; x_wconf 87' lang='lat'>6&#39;</span> 
     </span>
     <span class='ocr_line' id='line_1_12' title="bbox 148 1510 1261 1607; baseline -0.002 -21"><span class='ocrx_word' id='word_1_103' title='bbox 148 1517 183 1586; x_wconf 84' lang='grc' dir='ltr'><strong>έν</strong></span> <span class='ocrx_word' id='word_1_104' title='bbox 204 1516 360 1587; x_wconf 73' lang='grc' dir='ltr'><em>συνθέσει</em></span> <span class='ocrx_word' id='word_1_105' title='bbox 384 1516 535 1607; x_wconf 76' lang='grc' dir='ltr'><em>λέγουσιν</em></span> <span class='ocrx_word' id='word_1_106' title='bbox 563 1511 668 1585; x_wconf 76' lang='lat' dir='ltr'><strong>o&#39;n&#39;</strong></span> <span class='ocrx_word' id='word_1_107' title='bbox 647 1513 718 1584; x_wconf 83' lang='grc' dir='ltr'><strong>απὸ</strong></span> <span class='ocrx_word' id='word_1_108' title='bbox 741 1512 800 1585; x_wconf 86' lang='lat'><strong>660</strong></span> <span class='ocrx_word' id='word_1_109' title='bbox 821 1514 942 1597; x_wconf 86' lang='grc' dir='ltr'><em>λέξεων</em></span> <span class='ocrx_word' id='word_1_110' title='bbox 963 1517 998 1584; x_wconf 83' lang='grc' dir='ltr'><em>έ</em></span> <span class='ocrx_word' id='word_1_111' title='bbox 1022 1517 1186 1586; x_wconf 82' lang='grc' dir='ltr'><em>συνθέσει</em></span> <span class='ocrx_word' id='word_1_112' title='bbox 1209 1510 1261 1585; x_wconf 80' lang='lat' dir='ltr'><strong>oti·</strong></span> 
     </span>
     <span class='ocr_line' id='line_1_13' title="bbox 146 1613 1262 1741; baseline -0.001 -55"><span class='ocrx_word' id='word_1_113' title='bbox 146 1621 216 1686; x_wconf 87' lang='grc' dir='ltr'><strong>σῶν</strong></span> <span class='ocrx_word' id='word_1_114' title='bbox 235 1616 383 1706; x_wconf 77' lang='grc' dir='ltr'><em>γίνονται</em></span> <span class='ocrx_word' id='word_1_115' title='bbox 404 1616 623 1738; x_wconf 73' lang='lat' dir='ltr'><strong>nupuywyac&#39;,</strong></span> <span class='ocrx_word' id='word_1_116' title='bbox 643 1613 833 1703; x_wconf 88' lang='grc' dir='ltr'><em>Ιεράπολις</em></span> <span class='ocrx_word' id='word_1_117' title='bbox 849 1614 1096 1741; x_wconf 77' lang='grc' dir='ltr'><strong>Ἱεραπολίτης,</strong></span> <span class='ocrx_word' id='word_1_118' title='bbox 1120 1613 1262 1685; x_wconf 81' lang='grc' dir='ltr'><em>Νεάπο·</em></span> 
     </span>
     <span class='ocr_line' id='line_1_14' title="bbox 148 1710 1261 1830; baseline 0.001 -45"><span class='ocrx_word' id='word_1_119' title='bbox 148 1720 201 1797; x_wconf 91' lang='grc' dir='ltr'><strong>λις</strong></span> <span class='ocrx_word' id='word_1_120' title='bbox 221 1715 447 1809; x_wconf 78' lang='grc' dir='ltr'><em>Νεαπολίτης,</em></span> <span class='ocrx_word' id='word_1_121' title='bbox 462 1710 595 1804; x_wconf 67' lang='grc' dir='ltr'><em>Ἄρειος</em></span> <span class='ocrx_word' id='word_1_122' title='bbox 618 1715 728 1805; x_wconf 72' lang='grc' dir='ltr'><em>πάγος</em></span> <span class='ocrx_word' id='word_1_123' title='bbox 749 1714 1023 1830; x_wconf 77' lang='grc' dir='ltr'><em>Ἀρειοπαγίτης·</em></span> <span class='ocrx_word' id='word_1_124' title='bbox 1044 1713 1119 1786; x_wconf 87' lang='grc' dir='ltr'><strong>άπὸ</strong></span> <span class='ocrx_word' id='word_1_125' title='bbox 1143 1716 1184 1786; x_wconf 76' lang='lat'><strong>66</strong></span> <span class='ocrx_word' id='word_1_126' title='bbox 1206 1714 1261 1787; x_wconf 82' lang='lat'><strong>666</strong></span> 
     </span>
     <span class='ocr_line' id='line_1_15' title="bbox 147 1798 1260 1908; baseline 0.002 -23"><span class='ocrx_word' id='word_1_127' title='bbox 147 1816 269 1898; x_wconf 84' lang='grc' dir='ltr'><em>λέξεων</em></span> <span class='ocrx_word' id='word_1_128' title='bbox 303 1818 338 1887; x_wconf 84' lang='grc' dir='ltr'><strong>έν</strong></span> <span class='ocrx_word' id='word_1_129' title='bbox 367 1822 561 1905; x_wconf 67' lang='grc' dir='ltr'><em>παραθέσει</em></span> <span class='ocrx_word' id='word_1_130' title='bbox 590 1815 696 1886; x_wconf 80' lang='grc' dir='ltr'><em>οὐσῶν</em></span> <span class='ocrx_word' id='word_1_131' title='bbox 724 1798 887 1892; x_wconf 73' lang='grc' dir='ltr'><em>οὐδέποτε</em></span> <span class='ocrx_word' id='word_1_132' title='bbox 908 1818 1034 1904; x_wconf 72' lang='grc' dir='ltr'><em>γίνεται</em></span> <span class='ocrx_word' id='word_1_133' title='bbox 1059 1814 1260 1908; x_wconf 77' lang='grc' dir='ltr'><em>παραγωγή,</em></span> 
     </span>
     <span class='ocr_line' id='line_1_16' title="bbox 144 1914 1261 2009; baseline -0.002 -22"><span class='ocrx_word' id='word_1_134' title='bbox 144 1915 227 1988; x_wconf 76' lang='grc' dir='ltr'><strong>ὀὐδὲ</strong></span> <span class='ocrx_word' id='word_1_135' title='bbox 249 1914 417 2004; x_wconf 84' lang='grc' dir='ltr'><em>τεμενικάν</em></span> <span class='ocrx_word' id='word_1_136' title='bbox 440 1928 501 1985; x_wconf 82' lang='lat' dir='ltr'><strong>eto.</strong></span> <span class='ocrx_word' id='word_1_137' title='bbox 545 1916 678 1986; x_wconf 83' lang='lat' dir='ltr'><strong>Clarum</strong></span> <span class='ocrx_word' id='word_1_138' title='bbox 698 1941 875 2006; x_wconf 83' lang='lat' dir='ltr'><strong>verumque</strong></span> <span class='ocrx_word' id='word_1_139' title='bbox 897 1930 948 1986; x_wconf 90' lang='lat' dir='ltr'><strong>est</strong></span> <span class='ocrx_word' id='word_1_140' title='bbox 978 1919 1107 2007; x_wconf 86' lang='lat' dir='ltr'><strong>quod</strong></span> <span class='ocrx_word' id='word_1_141' title='bbox 1096 1944 1135 1986; x_wconf 82' lang='lat' dir='ltr'><strong>rn</strong></span> <span class='ocrx_word' id='word_1_142' title='bbox 1156 1921 1261 2009; x_wconf 81' lang='lat' dir='ltr'><strong>primo</strong></span> 
     </span>
     <span class='ocr_line' id='line_1_17' title="bbox 149 2019 1261 2108; baseline 0.004 -20"><span class='ocrx_word' id='word_1_143' title='bbox 149 2020 315 2088; x_wconf 85' lang='lat' dir='ltr'><strong>enuntiato</strong></span> <span class='ocrx_word' id='word_1_144' title='bbox 338 2020 457 2087; x_wconf 85' lang='lat' dir='ltr'><strong>dieitur</strong></span> <span class='ocrx_word' id='word_1_145' title='bbox 475 2019 662 2108; x_wconf 85' lang='grc' dir='ltr'><em>Διάςκορος</em></span> <span class='ocrx_word' id='word_1_146' title='bbox 683 2022 857 2107; x_wconf 85' lang='lat' dir='ltr'><strong>synthetou</strong></span> <span class='ocrx_word' id='word_1_147' title='bbox 883 2043 951 2086; x_wconf 93' lang='lat' dir='ltr'><strong>non</strong></span> <span class='ocrx_word' id='word_1_148' title='bbox 978 2042 1068 2101; x_wconf 90' lang='lat' dir='ltr'><strong>esse,</strong></span> <span class='ocrx_word' id='word_1_149' title='bbox 1097 2023 1160 2088; x_wconf 90' lang='lat' dir='ltr'><strong>sed</strong></span> <span class='ocrx_word' id='word_1_150' title='bbox 1186 2022 1261 2093; x_wconf 78' lang='lat' dir='ltr'><strong>hino</strong></span> 
     </span>
     <span class='ocr_line' id='line_1_18' title="bbox 150 2120 1260 2212; baseline -0.002 -21"><span class='ocrx_word' id='word_1_151' title='bbox 150 2123 317 2211; x_wconf 79' lang='lat' dir='ltr'><strong>occipiunt</strong></span> <span class='ocrx_word' id='word_1_152' title='bbox 339 2120 464 2189; x_wconf 78' lang='lat' dir='ltr'><strong>turbae.</strong></span> <span class='ocrx_word' id='word_1_153' title='bbox 511 2122 598 2189; x_wconf 85' lang='lat' dir='ltr'><strong>Nam</strong></span> <span class='ocrx_word' id='word_1_154' title='bbox 631 2145 801 2210; x_wconf 82' lang='lat' dir='ltr'><strong>paragoge</strong></span> <span class='ocrx_word' id='word_1_155' title='bbox 830 2122 986 2189; x_wconf 76' lang='lat' dir='ltr'><strong>duntaxat</strong></span> <span class='ocrx_word' id='word_1_156' title='bbox 1018 2145 1038 2188; x_wconf 92' lang='lat' dir='ltr'><strong>a</strong></span> <span class='ocrx_word' id='word_1_157' title='bbox 1068 2124 1260 2212; x_wconf 82' lang='lat' dir='ltr'><strong>compositis</strong></span> 
     </span>
     <span class='ocr_line' id='line_1_19' title="bbox 149 2223 1261 2312; baseline 0.004 -24"><span class='ocrx_word' id='word_1_158' title='bbox 149 2224 313 2310; x_wconf 78' lang='lat' dir='ltr'><strong>proficisci</strong></span> <span class='ocrx_word' id='word_1_159' title='bbox 342 2223 538 2290; x_wconf 87' lang='lat' dir='ltr'><strong>contrarium</strong></span> <span class='ocrx_word' id='word_1_160' title='bbox 571 2234 621 2290; x_wconf 87' lang='lat' dir='ltr'><strong>est</strong></span> <span class='ocrx_word' id='word_1_161' title='bbox 655 2224 805 2291; x_wconf 89' lang='lat' dir='ltr'><strong>omnibus</strong></span> <span class='ocrx_word' id='word_1_162' title='bbox 837 2246 923 2312; x_wconf 91' lang='lat' dir='ltr'><strong>quae</strong></span> <span class='ocrx_word' id='word_1_163' title='bbox 964 2223 1060 2310; x_wconf 91' lang='lat' dir='ltr'><strong>hujus</strong></span> <span class='ocrx_word' id='word_1_164' title='bbox 1093 2224 1261 2292; x_wconf 80' lang='lat' dir='ltr'><strong>doetrinae</strong></span> 
     </span>
     <span class='ocr_line' id='line_1_20' title="bbox 149 2325 1259 2421; baseline 0.001 -28"><span class='ocrx_word' id='word_1_165' title='bbox 149 2325 336 2393; x_wconf 83' lang='lat' dir='ltr'><strong>conditores</strong></span> <span class='ocrx_word' id='word_1_166' title='bbox 359 2336 607 2421; x_wconf 77' lang='lat' dir='ltr'><strong>praeceperunt</strong></span> <span class='ocrx_word' id='word_1_167' title='bbox 650 2325 797 2393; x_wconf 83' lang='lat' dir='ltr'><strong>Primum</strong></span> <span class='ocrx_word' id='word_1_168' title='bbox 817 2325 1017 2415; x_wconf 85' lang='lat' dir='ltr'><strong>Apollonius</strong></span> <span class='ocrx_word' id='word_1_169' title='bbox 1040 2326 1135 2412; x_wconf 65' lang='lat' dir='ltr'><strong>synt,</strong></span> <span class='ocrx_word' id='word_1_170' title='bbox 1147 2327 1215 2394; x_wconf 88' lang='lat'><em>111.</em></span> <span class='ocrx_word' id='word_1_171' title='bbox 1231 2326 1259 2405; x_wconf 75' lang='grc' dir='ltr'><strong>δ’,</strong></span> 
     </span>
     <span class='ocr_line' id='line_1_21' title="bbox 148 2422 1259 2515; baseline 0.001 -21"><span class='ocrx_word' id='word_1_172' title='bbox 148 2427 222 2494; x_wconf 87' lang='grc'><strong>200.</strong></span> <span class='ocrx_word' id='word_1_173' title='bbox 242 2427 279 2496; x_wconf 64' lang='lat' dir='ltr'><strong>ta</strong></span> <span class='ocrx_word' id='word_1_174' title='bbox 301 2425 527 2512; x_wconf 73' lang='grc' dir='ltr'><em>παραθέσεων</em></span> <span class='ocrx_word' id='word_1_175' title='bbox 549 2422 610 2493; x_wconf 82' lang='grc' dir='ltr'><strong>δύο</strong></span> <span class='ocrx_word' id='word_1_176' title='bbox 631 2423 666 2494; x_wconf 70' lang='grc' dir='ltr'><strong>ἓν</strong></span> <span class='ocrx_word' id='word_1_177' title='bbox 687 2426 812 2515; x_wconf 71' lang='grc' dir='ltr'><em>γίνεται</em></span> <span class='ocrx_word' id='word_1_178' title='bbox 834 2427 1051 2515; x_wconf 71' lang='grc' dir='ltr'><em>παράμερον,</em></span> <span class='ocrx_word' id='word_1_179' title='bbox 1077 2426 1175 2514; x_wconf 80' lang='grc' dir='ltr'><em>παρὰ</em></span> <span class='ocrx_word' id='word_1_180' title='bbox 1197 2451 1259 2497; x_wconf 87' lang='grc' dir='ltr'><strong>πο-</strong></span> 
     </span>
     <span class='ocr_line' id='line_1_22' title="bbox 147 2522 1260 2615; baseline 0.001 -20"><span class='ocrx_word' id='word_1_181' title='bbox 147 2522 254 2611; x_wconf 88' lang='grc' dir='ltr'><em>ταμόν</em></span> <span class='ocrx_word' id='word_1_182' title='bbox 275 2525 540 2615; x_wconf 80' lang='grc' dir='ltr'><em>παραποτάμιος</em></span> <span class='ocrx_word' id='word_1_183' title='bbox 562 2537 594 2591; x_wconf 87' lang='lat' dir='ltr'><strong>et</strong></span> <span class='ocrx_word' id='word_1_184' title='bbox 613 2527 700 2594; x_wconf 77' lang='grc' dir='ltr'><strong>Λᾶν.</strong></span> <span class='ocrx_word' id='word_1_185' title='bbox 723 2527 796 2606; x_wconf 89' lang='grc'><strong>587,</strong></span> <span class='ocrx_word' id='word_1_186' title='bbox 819 2529 871 2594; x_wconf 92' lang='grc'><strong>21.</strong></span> <span class='ocrx_word' id='word_1_187' title='bbox 892 2525 988 2615; x_wconf 82' lang='grc' dir='ltr'><em>παρὰ</em></span> <span class='ocrx_word' id='word_1_188' title='bbox 1011 2522 1071 2595; x_wconf 81' lang='grc' dir='ltr'><strong>δύο</strong></span> <span class='ocrx_word' id='word_1_189' title='bbox 1095 2527 1260 2596; x_wconf 82' lang='grc' dir='ltr'><em>διεστῶτα</em></span> 
     </span>
     <span class='ocr_line' id='line_1_23' title="bbox 149 2617 1260 2719; baseline 0.002 -25"><span class='ocrx_word' id='word_1_190' title='bbox 149 2626 184 2695; x_wconf 72' lang='grc' dir='ltr'><strong>έν</strong></span> <span class='ocrx_word' id='word_1_191' title='bbox 213 2623 428 2694; x_wconf 77' lang='grc' dir='ltr'><em>ἀποτελεῖται</em></span> <span class='ocrx_word' id='word_1_192' title='bbox 451 2617 582 2713; x_wconf 66' lang='grc' dir='ltr'><em>Ἄρειος</em></span> <span class='ocrx_word' id='word_1_193' title='bbox 607 2625 716 2716; x_wconf 82' lang='grc' dir='ltr'><em>πάγος</em></span> <span class='ocrx_word' id='word_1_194' title='bbox 739 2625 982 2719; x_wconf 73' lang='grc' dir='ltr'><em>Ἀρεοπαγίτης</em></span> <span class='ocrx_word' id='word_1_195' title='bbox 1013 2627 1108 2695; x_wconf 82' lang='lat' dir='ltr'><strong>scrib.</strong></span> <span class='ocrx_word' id='word_1_196' title='bbox 1130 2617 1260 2716; x_wconf 61' lang='lat' dir='ltr'><strong>{speso-</strong></span> 
     </span>
     <span class='ocr_line' id='line_1_24' title="bbox 58 2723 1259 2819; baseline 0.002 -26"><span class='ocrx_word' id='word_1_197' title='bbox 58 2814 62 2819; x_wconf 18' lang='lat'><em>-</em></span> <span class='ocrx_word' id='word_1_198' title='bbox 150 2725 357 2816; x_wconf 64' lang='grc' dir='ltr'><em>παγίτηςίθ)</em></span> <span class='ocrx_word' id='word_1_199' title='bbox 384 2737 421 2791; x_wconf 90' lang='lat' dir='ltr'><strong>ut</strong></span> <span class='ocrx_word' id='word_1_200' title='bbox 442 2723 626 2807; x_wconf 80' lang='grc' dir='ltr'><em>Ἀχιλλεῖος</em></span> <span class='ocrx_word' id='word_1_201' title='bbox 650 2725 775 2816; x_wconf 76' lang='grc' dir='ltr'><em>δρόμος</em></span> <span class='ocrx_word' id='word_1_202' title='bbox 792 2724 1117 2819; x_wconf 76' lang='grc' dir='ltr'><em>Ἀχιλλειοδρομίτης</em></span> <span class='ocrx_word' id='word_1_203' title='bbox 1145 2730 1259 2817; x_wconf 87' lang='lat' dir='ltr'><strong>Steph.</strong></span> 
     </span>
     <span class='ocr_line' id='line_1_25' title="bbox 149 2824 1259 2910; baseline 0.004 -15"><span class='ocrx_word' id='word_1_204' title='bbox 149 2840 218 2895; x_wconf 86' lang='lat' dir='ltr'><strong>tum</strong></span> <span class='ocrx_word' id='word_1_205' title='bbox 238 2828 448 2894; x_wconf 84' lang='lat' dir='ltr'><strong>Herodianus</strong></span> <span class='ocrx_word' id='word_1_206' title='bbox 471 2827 548 2896; x_wconf 83' lang='lat' dir='ltr'><strong>seh.</strong></span> <span class='ocrx_word' id='word_1_207' title='bbox 564 2829 604 2895; x_wconf 88' lang='lat' dir='ltr'><strong>Il.</strong></span> <span class='ocrx_word' id='word_1_208' title='bbox 627 2832 669 2899; x_wconf 89' lang='lat' dir='ltr'><strong>V.</strong></span> <span class='ocrx_word' id='word_1_209' title='bbox 692 2831 741 2896; x_wconf 86' lang='grc'><strong>19.</strong></span> <span class='ocrx_word' id='word_1_210' title='bbox 765 2824 835 2899; x_wconf 84' lang='grc' dir='ltr'><strong>άπὸ</strong></span> <span class='ocrx_word' id='word_1_211' title='bbox 857 2827 918 2898; x_wconf 86' lang='lat'><strong>660</strong></span> <span class='ocrx_word' id='word_1_212' title='bbox 942 2829 1062 2910; x_wconf 85' lang='grc' dir='ltr'><em>λέξεων</em></span> <span class='ocrx_word' id='word_1_213' title='bbox 1084 2832 1173 2900; x_wconf 83' lang='grc' dir='ltr'><em>κατὰ</em></span> <span class='ocrx_word' id='word_1_214' title='bbox 1192 2857 1259 2899; x_wconf 88' lang='grc' dir='ltr'><strong>πα-</strong></span> 
     </span>
     <span class='ocr_line' id='line_1_26' title="bbox 149 2925 1259 3019; baseline 0.001 -23"><span class='ocrx_word' id='word_1_215' title='bbox 149 2926 291 3017; x_wconf 72' lang='grc' dir='ltr'><em>ράθεσιν</em></span> <span class='ocrx_word' id='word_1_216' title='bbox 313 2927 438 3016; x_wconf 81' lang='grc' dir='ltr'><em>γίνεται</em></span> <span class='ocrx_word' id='word_1_217' title='bbox 461 2930 496 2997; x_wconf 80' lang='grc' dir='ltr'><strong>έν</strong></span> <span class='ocrx_word' id='word_1_218' title='bbox 516 2955 549 2996; x_wconf 88' lang='grc' dir='ltr'><strong>τι</strong></span> <span class='ocrx_word' id='word_1_219' title='bbox 573 2927 774 3019; x_wconf 75' lang='grc' dir='ltr'><em>παράγωγον</em></span> <span class='ocrx_word' id='word_1_220' title='bbox 795 2925 840 3010; x_wconf 85' lang='grc' dir='ltr'><strong>ὡς</strong></span> <span class='ocrx_word' id='word_1_221' title='bbox 859 2929 898 2998; x_wconf 83' lang='grc' dir='ltr'><strong>τὸ</strong></span> <span class='ocrx_word' id='word_1_222' title='bbox 916 2926 1185 3017; x_wconf 78' lang='grc' dir='ltr'><em>παραποτάμιος</em></span> <span class='ocrx_word' id='word_1_223' title='bbox 1205 2929 1259 3000; x_wconf 82' lang='grc' dir='ltr'><strong>καί</strong></span> 
     </span>
     <span class='ocr_line' id='line_1_27' title="bbox 149 3027 1259 3121; baseline 0.002 -23"><span class='ocrx_word' id='word_1_224' title='bbox 149 3029 381 3120; x_wconf 86' lang='grc' dir='ltr'><em>Νεαπολίτης,</em></span> <span class='ocrx_word' id='word_1_225' title='bbox 417 3043 486 3097; x_wconf 88' lang='lat' dir='ltr'><strong>tum</strong></span> <span class='ocrx_word' id='word_1_226' title='bbox 512 3032 611 3099; x_wconf 88' lang='lat' dir='ltr'><strong>etiam</strong></span> <span class='ocrx_word' id='word_1_227' title='bbox 643 3033 830 3120; x_wconf 80' lang='lat' dir='ltr'><strong>Stephanus</strong></span> <span class='ocrx_word' id='word_1_228' title='bbox 860 3027 1072 3116; x_wconf 83' lang='grc' dir='ltr'><em>Διοςκούριον</em></span> <span class='ocrx_word' id='word_1_229' title='bbox 1099 3027 1195 3121; x_wconf 83' lang='grc' dir='ltr'><em>κώμη</em></span> <span class='ocrx_word' id='word_1_230' title='bbox 1225 3032 1259 3100; x_wconf 71' lang='lat' dir='ltr'><strong>tn</strong></span> 
     </span>
     <span class='ocr_line' id='line_1_28' title="bbox 150 3127 1259 3222; baseline -0.001 -22"><span class='ocrx_word' id='word_1_231' title='bbox 150 3129 209 3200; x_wconf 78' lang='grc' dir='ltr'><strong>δύο</strong></span> <span class='ocrx_word' id='word_1_232' title='bbox 231 3127 487 3219; x_wconf 64' lang='grc' dir='ltr'><em>ἳνπαράγιογον</em></span> <span class='ocrx_word' id='word_1_233' title='bbox 507 3132 748 3222; x_wconf 78' lang='grc' dir='ltr'><em>Διοςνιομήτης</em></span> <span class='ocrx_word' id='word_1_234' title='bbox 761 3143 821 3198; x_wconf 85' lang='lat' dir='ltr'><strong>etc.</strong></span> <span class='ocrx_word' id='word_1_235' title='bbox 867 3133 965 3216; x_wconf 83' lang='lat' dir='ltr'><strong>Quae</strong></span> <span class='ocrx_word' id='word_1_236' title='bbox 986 3131 1105 3199; x_wconf 84' lang='lat' dir='ltr'><strong>deinde</strong></span> <span class='ocrx_word' id='word_1_237' title='bbox 1126 3133 1163 3199; x_wconf 89' lang='lat' dir='ltr'><strong>in</strong></span> <span class='ocrx_word' id='word_1_238' title='bbox 1181 3135 1259 3203; x_wconf 89' lang='grc' dir='ltr'><strong>ΕΜ.</strong></span> 
     </span>
     <span class='ocr_line' id='line_1_29' title="bbox 149 3229 1259 3322; baseline 0.002 -21"><span class='ocrx_word' id='word_1_239' title='bbox 149 3232 364 3320; x_wconf 84' lang='lat' dir='ltr'><strong>subjiciuntur</strong></span> <span class='ocrx_word' id='word_1_240' title='bbox 392 3234 541 3321; x_wconf 85' lang='lat' dir='ltr'><strong>exempla</strong></span> <span class='ocrx_word' id='word_1_241' title='bbox 557 3229 799 3322; x_wconf 80' lang='grc' dir='ltr'><em>Ἱεραπολίτης,</em></span> <span class='ocrx_word' id='word_1_242' title='bbox 824 3233 1054 3322; x_wconf 86' lang='grc' dir='ltr'><em>Νεαπολίτης,</em></span> <span class='ocrx_word' id='word_1_243' title='bbox 1078 3229 1259 3320; x_wconf 77' lang='grc' dir='ltr'><em>Ἀρειοπα-</em></span> 
     </span>
     <span class='ocr_line' id='line_1_30' title="bbox 150 3326 1261 3425; baseline -0.001 -21"><span class='ocrx_word' id='word_1_244' title='bbox 150 3335 258 3425; x_wconf 74' lang='grc' dir='ltr'><em>ρίτης,</em></span> <span class='ocrx_word' id='word_1_245' title='bbox 289 3357 400 3401; x_wconf 87' lang='lat' dir='ltr'><strong>eorum</strong></span> <span class='ocrx_word' id='word_1_246' title='bbox 422 3334 569 3400; x_wconf 85' lang='lat' dir='ltr'><strong>ultimum</strong></span> <span class='ocrx_word' id='word_1_247' title='bbox 591 3334 635 3412; x_wconf 88' lang='lat' dir='ltr'><strong>si,</strong></span> <span class='ocrx_word' id='word_1_248' title='bbox 665 3345 702 3399; x_wconf 88' lang='lat' dir='ltr'><strong>ut</strong></span> <span class='ocrx_word' id='word_1_249' title='bbox 721 3333 774 3400; x_wconf 88' lang='lat' dir='ltr'><strong>hio</strong></span> <span class='ocrx_word' id='word_1_250' title='bbox 802 3335 959 3423; x_wconf 84' lang='lat' dir='ltr'><strong>seriptum</strong></span> <span class='ocrx_word' id='word_1_251' title='bbox 981 3346 1045 3413; x_wconf 88' lang='lat' dir='ltr'><strong>est,</strong></span> <span class='ocrx_word' id='word_1_252' title='bbox 1072 3335 1114 3401; x_wconf 88' lang='lat' dir='ltr'><strong>ab</strong></span> <span class='ocrx_word' id='word_1_253' title='bbox 1132 3326 1261 3419; x_wconf 67' lang='grc' dir='ltr'><em>’Ἄρειος</em></span> 
     </span>
     <span class='ocr_line' id='line_1_31' title="bbox 150 3433 1260 3524; baseline 0.002 -23"><span class='ocrx_word' id='word_1_254' title='bbox 150 3433 259 3523; x_wconf 77' lang='grc' dir='ltr'><em>πάγος</em></span> <span class='ocrx_word' id='word_1_255' title='bbox 278 3435 455 3523; x_wconf 83' lang='lat' dir='ltr'><strong>prooessit,</strong></span> <span class='ocrx_word' id='word_1_256' title='bbox 484 3435 651 3522; x_wconf 88' lang='lat' dir='ltr'><strong>synthesin</strong></span> <span class='ocrx_word' id='word_1_257' title='bbox 673 3459 739 3501; x_wconf 93' lang='lat' dir='ltr'><strong>non</strong></span> <span class='ocrx_word' id='word_1_258' title='bbox 761 3436 879 3524; x_wconf 89' lang='lat' dir='ltr'><strong>probat</strong></span> <span class='ocrx_word' id='word_1_259' title='bbox 900 3437 959 3502; x_wconf 89' lang='lat' dir='ltr'><strong>sed</strong></span> <span class='ocrx_word' id='word_1_260' title='bbox 978 3436 1104 3502; x_wconf 85' lang='lat' dir='ltr'><strong>refellit.</strong></span> <span class='ocrx_word' id='word_1_261' title='bbox 1149 3435 1260 3520; x_wconf 84' lang='lat' dir='ltr'><strong>Quare</strong></span> 
     </span>
     <span class='ocr_line' id='line_1_32' title="bbox 151 3533 1260 3625; baseline 0.001 -22"><span class='ocrx_word' id='word_1_262' title='bbox 151 3533 442 3624; x_wconf 74' lang='grc' dir='ltr'><em>εοιἈρειόπαγος</em></span> <span class='ocrx_word' id='word_1_263' title='bbox 467 3536 743 3617; x_wconf 86' lang='lat' dir='ltr'><strong>substituendum,</strong></span> <span class='ocrx_word' id='word_1_264' title='bbox 772 3538 862 3624; x_wconf 87' lang='lat' dir='ltr'><strong>quod</strong></span> <span class='ocrx_word' id='word_1_265' title='bbox 890 3537 1064 3623; x_wconf 78' lang='lat' dir='ltr'><strong>aliquoties</strong></span> <span class='ocrx_word' id='word_1_266' title='bbox 1086 3536 1209 3625; x_wconf 86' lang='lat' dir='ltr'><strong>legitur</strong></span> <span class='ocrx_word' id='word_1_267' title='bbox 1228 3539 1260 3604; x_wconf 91' lang='lat' dir='ltr'><strong>in</strong></span> 
     </span>
     <span class='ocr_line' id='line_1_33' title="bbox 149 3638 1261 3707; baseline 0.002 -2"><span class='ocrx_word' id='word_1_268' title='bbox 149 3641 268 3705; x_wconf 88' lang='lat' dir='ltr'><strong>lnsorr.</strong></span> <span class='ocrx_word' id='word_1_269' title='bbox 298 3660 328 3703; x_wconf 89' lang='lat' dir='ltr'><strong>v.</strong></span> <span class='ocrx_word' id='word_1_270' title='bbox 355 3638 443 3703; x_wconf 86' lang='lat' dir='ltr'><strong>Keil.</strong></span> <span class='ocrx_word' id='word_1_271' title='bbox 476 3638 666 3705; x_wconf 85' lang='lat' dir='ltr'><strong>Onomatol.</strong></span> <span class='ocrx_word' id='word_1_272' title='bbox 698 3643 770 3707; x_wconf 91' lang='lat'>111.</span> <span class='ocrx_word' id='word_1_273' title='bbox 801 3651 858 3706; x_wconf 84' lang='lat' dir='ltr'><strong>aut</strong></span> <span class='ocrx_word' id='word_1_274' title='bbox 887 3640 996 3706; x_wconf 88' lang='lat' dir='ltr'><strong>omnia</strong></span> <span class='ocrx_word' id='word_1_275' title='bbox 1017 3639 1078 3703; x_wconf 85' lang='lat' dir='ltr'><strong>tria</strong></span> <span class='ocrx_word' id='word_1_276' title='bbox 1098 3639 1142 3705; x_wconf 87' lang='lat' dir='ltr'><strong>ad</strong></span> <span class='ocrx_word' id='word_1_277' title='bbox 1163 3641 1261 3706; x_wconf 85' lang='lat' dir='ltr'><strong>ulium</strong></span> 
     </span>
     <span class='ocr_line' id='line_1_34' title="bbox 151 3741 1260 3829; baseline 0.003 -25"><span class='ocrx_word' id='word_1_278' title='bbox 151 3751 315 3805; x_wconf 83' lang='lat' dir='ltr'><strong>auctorem</strong></span> <span class='ocrx_word' id='word_1_279' title='bbox 338 3741 560 3807; x_wconf 84' lang='lat' dir='ltr'><strong>transferenda</strong></span> <span class='ocrx_word' id='word_1_280' title='bbox 582 3754 658 3808; x_wconf 88' lang='lat' dir='ltr'><strong>sunt</strong></span> <span class='ocrx_word' id='word_1_281' title='bbox 681 3743 738 3827; x_wconf 92' lang='lat' dir='ltr'><strong>qui</strong></span> <span class='ocrx_word' id='word_1_282' title='bbox 756 3765 816 3829; x_wconf 91' lang='lat' dir='ltr'><strong>pro</strong></span> <span class='ocrx_word' id='word_1_283' title='bbox 834 3741 999 3829; x_wconf 84' lang='lat' dir='ltr'><strong>parathesi</strong></span> <span class='ocrx_word' id='word_1_284' title='bbox 1016 3754 1180 3829; x_wconf 84' lang='lat' dir='ltr'><strong>pugnaret</strong></span> <span class='ocrx_word' id='word_1_285' title='bbox 1200 3743 1260 3807; x_wconf 89' lang='lat' dir='ltr'><strong>bu·</strong></span> 
     </span>
     <span class='ocr_line' id='line_1_35' title="bbox 144 3838 1261 3930; baseline 0.003 -23"><span class='ocrx_word' id='word_1_286' title='bbox 144 3839 293 3927; x_wconf 77' lang='lat' dir='ltr'><strong>jusmodi</strong></span> <span class='ocrx_word' id='word_1_287' title='bbox 316 3841 473 3927; x_wconf 87' lang='lat' dir='ltr'><strong>exemplis</strong></span> <span class='ocrx_word' id='word_1_288' title='bbox 484 3842 559 3910; x_wconf 91' lang='grc' dir='ltr'><strong>Νέα</strong></span> <span class='ocrx_word' id='word_1_289' title='bbox 582 3840 684 3923; x_wconf 87' lang='grc' dir='ltr'><em>πόλις</em></span> <span class='ocrx_word' id='word_1_290' title='bbox 700 3844 926 3930; x_wconf 85' lang='grc' dir='ltr'><em>Νεαπολίτης,</em></span> <span class='ocrx_word' id='word_1_291' title='bbox 943 3838 1029 3927; x_wconf 79' lang='grc' dir='ltr'><em>Ἱερά</em></span> <span class='ocrx_word' id='word_1_292' title='bbox 1046 3839 1147 3921; x_wconf 87' lang='grc' dir='ltr'><em>πόλις</em></span> <span class='ocrx_word' id='word_1_293' title='bbox 1157 3838 1261 3929; x_wconf 84' lang='grc' dir='ltr'><em>Ἱερα-</em></span> 
     </span>
    </p>
   </div>
   <div class='ocr_carea' id='block_1_3' title="bbox 151 4060 1262 4345">
    <p class='ocr_par' dir='ltr' id='par_1_3' title="bbox 151 4060 1262 4345">
     <span class='ocr_line' id='line_1_36' title="bbox 220 4060 1262 4173; baseline -0.001 -20"><span class='ocrx_word' id='word_1_294' title='bbox 220 4100 265 4169; x_wconf 90' lang='grc'><strong>10)</strong></span> <span class='ocrx_word' id='word_1_295' title='bbox 285 4098 368 4164; x_wconf 87' lang='lat' dir='ltr'><strong>Quod</strong></span> <span class='ocrx_word' id='word_1_296' title='bbox 381 4099 525 4173; x_wconf 79' lang='lat' dir='ltr'><strong>vulgatum</strong></span> <span class='ocrx_word' id='word_1_297' title='bbox 537 4107 589 4162; x_wconf 82' lang='lat' dir='ltr'><strong>est,</strong></span> <span class='ocrx_word' id='word_1_298' title='bbox 607 4100 643 4153; x_wconf 88' lang='lat' dir='ltr'><strong>ab</strong></span> <span class='ocrx_word' id='word_1_299' title='bbox 658 4092 826 4171; x_wconf 70' lang='grc' dir='ltr'><em>Ἀρεάπαμος</em></span> <span class='ocrx_word' id='word_1_300' title='bbox 842 4100 932 4173; x_wconf 89' lang='lat' dir='ltr'><strong>repeti</strong></span> <span class='ocrx_word' id='word_1_301' title='bbox 945 4060 1066 4173; x_wconf 75' lang='lat' dir='ltr'><strong>oportet,</strong></span> <span class='ocrx_word' id='word_1_302' title='bbox 1085 4097 1166 4169; x_wconf 88' lang='lat' dir='ltr'><strong>eujus</strong></span> <span class='ocrx_word' id='word_1_303' title='bbox 1179 4098 1262 4153; x_wconf 75' lang='lat' dir='ltr'><strong>raris-</strong></span> 
     </span>
     <span class='ocr_line' id='line_1_37' title="bbox 151 4180 1261 4258; baseline -0.001 -20"><span class='ocrx_word' id='word_1_304' title='bbox 151 4184 220 4239; x_wconf 85' lang='lat' dir='ltr'><strong>sima</strong></span> <span class='ocrx_word' id='word_1_305' title='bbox 238 4195 303 4242; x_wconf 82' lang='lat' dir='ltr'><strong>sunt</strong></span> <span class='ocrx_word' id='word_1_306' title='bbox 321 4185 452 4258; x_wconf 84' lang='lat' dir='ltr'><strong>exempla</strong></span> <span class='ocrx_word' id='word_1_307' title='bbox 468 4203 494 4241; x_wconf 80' lang='lat' dir='ltr'><strong>v.</strong></span> <span class='ocrx_word' id='word_1_308' title='bbox 508 4183 613 4239; x_wconf 85' lang='lat' dir='ltr'><strong>Parall.</strong></span> <span class='ocrx_word' id='word_1_309' title='bbox 628 4185 689 4239; x_wconf 80' lang='lat'><strong>373.</strong></span> <span class='ocrx_word' id='word_1_310' title='bbox 702 4180 891 4258; x_wconf 74' lang='grc' dir='ltr'><em>Ῥαμάθμωρα</em></span> <span class='ocrx_word' id='word_1_311' title='bbox 904 4185 920 4258; x_wconf 77' lang='grc' dir='ltr'><em>ἡ</em></span> <span class='ocrx_word' id='word_1_312' title='bbox 933 4188 985 4241; x_wconf 84' lang='grc' dir='ltr'><strong>νῦν</strong></span> <span class='ocrx_word' id='word_1_313' title='bbox 992 4180 1150 4258; x_wconf 76' lang='grc' dir='ltr'><em>Ἀρεὸπολις</em></span> <span class='ocrx_word' id='word_1_314' title='bbox 1163 4184 1261 4258; x_wconf 85' lang='lat' dir='ltr'><strong>Steph.</strong></span> 
     </span>
     <span class='ocr_line' id='line_1_38' title="bbox 152 4269 714 4345; baseline 0.007 -23"><span class='ocrx_word' id='word_1_315' title='bbox 152 4272 228 4340; x_wconf 90' lang='lat' dir='ltr'><strong>quod</strong></span> <span class='ocrx_word' id='word_1_316' title='bbox 239 4274 339 4328; x_wconf 79' lang='lat' dir='ltr'><strong>eodem</strong></span> <span class='ocrx_word' id='word_1_317' title='bbox 350 4276 433 4329; x_wconf 87' lang='lat' dir='ltr'><strong>modo</strong></span> <span class='ocrx_word' id='word_1_318' title='bbox 447 4269 556 4345; x_wconf 81' lang='lat' dir='ltr'><strong>scripsit</strong></span> <span class='ocrx_word' id='word_1_319' title='bbox 568 4269 714 4331; x_wconf 80' lang='lat' dir='ltr'><strong>Eusebius,</strong></span> 
     </span>
    </p>
   </div>
   <div class='ocr_carea' id='block_1_4' title="bbox 0 0 1372 4778">
    <p class='ocr_par' dir='ltr' id='par_1_4' title="bbox 0 0 1372 4778">
     <span class='ocr_line' id='line_1_39' title="bbox 0 0 1372 4778; baseline 0 0"><span class='ocrx_word' id='word_1_320' title='bbox 0 0 1372 4778; x_wconf 95' lang='lat' dir='ltr'><strong> </strong></span> 
     </span>
    </p>
   </div>
  </div>
 </body>
</html>
