2736 4778
196 367 259 445 tat
572 366 853 440 mascarano
884 366 957 443 vit

192 533 280 620 βολῇ
302 536 362 601 τοῦ
384 526 484 601 τόνου
504 531 578 599 ΕΜ.
599 531 673 601 825.
697 532 746 614 48,
768 533 1024 601 condonemus
1045 549 1175 617 quoque
1189 550 1330 614 amm

195 635 224 721 p
246 634 288 701 57
311 635 383 703 adn
408 639 424 702 1
449 635 561 703 mem
583 637 677 705 litera
697 655 761 720 qua
775 656 950 720 pronomen
971 633 1052 721 dysin
1074 640 1209 703 aucmm
1233 642 1331 719 putet

195 736 248 824 [ci
259 737 376 805 Paruit.
397 736 463 804 440
483 759 513 807 n
526 738 601 825 64.];
623 758 686 806 non
708 741 793 806 aucti
814 740 967 806 memoria
987 739 1075 805 nuda
1089 743 1183 803 extat
1192 746 1328 821 praeter

194 841 333 926 glossam
344 834 371 907 ὦ
382 840 453 915 iro,
467 833 495 907 d
508 843 637 909 πολῖιε.
649 842 1023 926 Appolloniosveroadv.
1031 841 1094 907 570
1104 840 1327 909 huiusdeaer·

152 1009 156 1019 ,
191 945 279 1013 tieuli
291 946 423 1028 ignarus
432 943 575 1032 proo'vpg
586 945 754 1027 aliquando
765 947 884 1013 dictum
896 964 968 1019 esse
979 950 1088 1012 censet
1098 941 1176 1011 ἒεάν
1187 941 1325 1020 nturi»,

192 1045 351 1134 psyrouir
366 1048 495 1135 [Phrym
509 1047 570 1114 196
582 1048 656 1134 sq.],
679 1054 713 1115 et
725 1050 800 1117 huic
810 1048 1010 1131 subrepsisse
1020 1046 1202 1113 vocativum
1212 1047 1325 1115 homo·

192 1150 335 1235 phonon3
356 1170 421 1235 quo
440 1150 668 1233 homophonise
690 1152 900 1217 instrumento
916 1150 1052 1218 mchnioi
1073 1149 1325 1233 aliaexpediunt

192 1253 400 1337 haudpauca
420 1254 569 1321 Virorum
581 1254 753 1336 doctorum,
765 1255 897 1338 quosdt
910 1253 1101 1321 Schmidtius
1110 1253 1262 1319 nominat
1283 1253 1325 1321 nd

193 1356 318 1442 Didym
329 1356 403 1438 404,
425 1357 507 1424 alius
528 1358 616 1425 aliud
637 1353 761 1439 suadet,
782 1377 875 1425 nemo
895 1357 1119 1441 persuadet-
1136 1355 1323 1424 choerooo

196 1478 270 1528 scus
292 1459 368 1529 Cam
382 1460 452 1526 128.
469 1460 509 1527 21
523 1462 626 1542 docet,
646 1463 774 1529 nomina
785 1462 907 1545 primae
918 1460 1136 1527 declinationis
1157 1460 1193 1525 in
1205 1461 1253 1538 ῖῖ
1268 1479 1309 1540 ex

190 1565 299 1631 euntia
319 1563 497 1631 vocativum
519 1565 647 1631 mittere
667 1566 743 1636 ini
766 1565 904 1648 longum,
926 1565 985 1631 sed
1003 1562 1178 1629 Pindarum
1200 1563 1323 1631 dixisse

191 1657 218 1732 ὦ
242 1659 647 1754 ἆκαμαηοχᾶρμανΑλσν
668 1669 791 1736 adiecto
812 1688 853 1751 my
875 1668 925 1734 vel
942 1668 1027 1733 nond
1048 1666 1236 1754 σεσδρσμὴν
1260 1671 1321 1735 σσῖ·

189 1760 284 1836 Aina
304 1770 356 1836 vel
379 1770 422 1836 ad
446 1771 627 1839 evitandam
649 1772 828 1854 spalleliam
860 1771 1015 1837 vocalium
1051 1772 1126 1841 εἰ-
1143 1770 1186 1840 a.
1230 1769 1320 1836 Nen-

191 1875 278 1940 trum
299 1890 374 1938 vero
396 1874 554 1956 permittit
574 1875 744 1943 diversitas
776 1875 958 1957 prosodiae,
991 1890 1074 1955 quae
1095 1872 1319 1941 Herodianum

128 2062 132 2068 ν
187 1975 338 2063 inlaliam
361 1976 450 2041 duxit
472 1978 663 2045 sententiam
683 1979 716 2044 in
738 1977 812 2043 EM.
833 1977 885 2044 44.
906 1977 948 2043 45
971 1975 999 2043 εἰ
1021 1976 1085 2062 γὰρ
1108 1966 1147 2062 ἦε
1176 1977 1320 2044 πλεουσ-

187 2072 281 2158 σιιός,
306 2077 518 2160 ἐκτεταμένον
539 2075 638 2167 ἐρχῆν
659 2081 698 2147 τὸ
727 2081 768 2161 α’,
791 2084 847 2147 νῦν
874 2079 912 2148 δὲ
944 2080 1169 2149 συστέλλεται·
1206 2076 1320 2168 πλάνη

190 2172 256 2268 ἄρα
279 2180 428 2260 κλίσεως.
472 2183 523 2248 Ad
543 2182 625 2250 banc
636 2189 743 2251 autem
753 2189 881 2267 poetam
891 2201 954 2274 non
964 2188 1030 2249 tam
1040 2181 1210 2266 epalleiiao
1220 2200 1319 2265 quam

187 2281 295 2351 hiatus
308 2284 495 2351 detrectatio
517 2285 655 2353 illexis'se
667 2285 820 2368 videtur¹)
834 2323 870 2334 -
884 2285 1066 2353 Accusativi
1086 2276 1222 2371 oiyar,
1248 2281 1319 2351 vi·

187 2411 299 2468 neor,
323 2385 512 2465 dissideo,
536 2405 616 2471 quos
637 2389 931 2456 nonnullisummae
948 2385 1318 2470 antiquitativindicant

179 2491 303 2575 quippe
327 2491 583 2559 sanseriticorum
605 2493 734 2573 similes,
757 2512 776 2558 a
798 2497 967 2574 conspectu
989 2496 1097 2558 nostro
1110 2488 1317 2556 oblitescunt

187 2593 293 2659 Unum
314 2620 337 2674 μ
347 2591 517 2679 άσειγαε
533 2600 673 2660 veterem
685 2601 845 2660 auctorem
856 2593 961 2673 habet,
973 2594 1030 2658 sed
1040 2591 1224 2672 barbarum
1239 2591 1316 2676 Scy·

186 2695 284 2773 tham,
307 2713 400 2775 quem
412 2697 640 2778 Aristophanes
663 2699 835 2763 introducit
850 2696 974 2762 Thesm.
999 2694 1096 2776 11353
1118 2695 1316 2762 barbarismi

186 2797 356 2880 participes
370 2798 472 2864 citavi.
485 2799 643 2865 inParoll.
670 2799 738 2880 142,
762 2799 799 2866 oi
812 2798 883 2864 Keil
895 2799 1000 2865 sched.
1023 2799 1120 2880 epigr.
1132 2817 1162 2880 p.
1176 2797 1262 2882 26.²)
1275 2837 1311 2849 -

185 2899 234 2966 De
256 2901 393 2973 {micro
417 2904 589 2983 separatim
611 2902 714 2969 dicam
742 2903 775 2967 in
803 2901 993 2969 ultimis-
1021 2901 1187 2968 Consonae
1209 2902 1314 2984 ypsilo

185 3004 329 3071 adiectae
351 3006 528 3088 exemplum
549 3005 642 3072 offert
663 3005 758 3071 schol.
781 3004 856 3071 Eur.
879 3004 955 3071 Hec.
978 3003 1040 3074 975
1063 3005 1101 3070 ad
1130 3008 1198 3068 νῦν
1232 3000 1314 3071 ὅταν

185 3103 243 3195 ἔχῃ
267 3105 460 3192 ἔμπροσθεν
484 3105 588 3176 αὐτοῦ
604 3114 745 3199 φωνῆεν,
768 3102 1154 3195 ἒφελκυστικόνὲσσισσῦ
1178 3107 1213 3187 ἶ,
1229 3105 1312 3176 ὅσον

185 3209 223 3276 δὲ
251 3206 442 3296 σύμφωνον,
467 3210 613 3279 ἐκλείπει
658 3206 703 3288 ὡς
735 3212 772 3278 τὸ
797 3206 885 3276 οἷ’σω
914 3209 1036 3293 οὕτως,
1065 3211 1161 3297 μέχρι
1194 3212 1314 3297 μέχρις

185 3309 241 3377 καὶ
264 3313 304 3375 τὰ
328 3308 431 3398 ἕτερα,
477 3314 591 3381 Verius
614 3314 732 3379 sentire
764 3312 925 3392 videntur,
958 3315 1012 3395 qui
1043 3313 1218 3395 temporale
1255 3317 1311 3382 via

185 3415 388 3495 primitivum,
412 3416 484 3481 hinc
505 3416 801 3483 autemenclitioum
825 3413 879 3480 orio
894 3414 1134 3482 iactumrentur
1156 3422 1191 3482 et
1204 3416 1311 3483 denuo

183 3514 232 3596 εὑ,
270 3535 331 3598 quo
354 3518 437 3599 epici
459 3525 592 3585 utuntur
614 3517 840 3602 significatione
861 3520 1003 3599 paullum
1023 3520 1225 3587 hebescente.
1272 3520 1311 3586 Id

188 3618 385 3703 Hartungius
408 3622 447 3687 de
469 3621 601 3688 Partica
623 3622 656 3689 Π
682 3621 719 3690 10
742 3622 781 3688 ab
804 3623 867 3688 iilis
889 3622 980 3705 longe
1004 3623 1310 3693 diversumesseiu-

185 3722 291 3803 dicat,¹
308 3725 364 3789 sed
386 3725 474 3806 prius
497 3727 623 3792 traditis
645 3727 857 3808 adstipulatur
879 3726 1080 3792 Hermaonus
1103 3725 1239 3809 opusne,
1275 3727 1311 3795 T.

182 3847 284 3857 -———

240 3913 267 3980 1)
284 3915 325 3966 Do
343 3920 455 3967 accentu
471 3917 653 3969 vocativorum
665 3920 699 3971 ,in
725 3901 786 3985 ᾗὶἷῦ
806 3920 956 3970 exeuntium
974 3918 1075 3971 dicetur
1100 3919 1129 3968 in
1146 3917 1255 3972 dissert
1277 3919 1311 3972 de

181 3999 264 4066 Apoc.
282 4016 340 4066 cop.
358 4001 384 4051 11
403 4003 425 4063 β.
446 3999 468 4053 1.

249 4080 334 4149 mo
336 4088 483 4138 cenaticum
501 4084 635 4158 Δήμητερ
636 4103 666 4150 ν,
694 4105 728 4155 q
729 4105 768 4141 em
787 4087 944 4141 Sohaeierns
967 4090 1092 4143 (λσωσστσ
1119 4096 1225 4144 veretur
1245 4091 1311 4162 App.

181 4166 253 4223 Dem.
272 4170 455 4237 amorum
423 4181 558 4239 pentat
574 4175 691 4227 Manet
693 4177 765 4228 osv
767 4162 907 4229 ndstra
922 4177 999 4242 pii.
1023 4177 1072 4228 ille
1089 4185 1161 4231 eene
1178 4179 1242 4247 pius
1261 4197 1310 4234 en·

181 4261 248 4311 otor
249 4260 312 4311 tau
330 4259 411 4310 habet
428 4274 507 4325 quam
523 4277 593 4313 norm
560 4262 701 4315 mnsam
717 4259 852 4333 Δήμητρα
869 4279 901 4317 ex
919 4263 1062 4319 anedrome
1083 4270 1171 4378 ortuo.
1205 4267 1311 4324 Nauna

181 4351 374 4399 momentote
358 4345 501 4412 apelletis·
516 4347 573 4401 ilia.
