2736 4778
135 335 210 407 oto
446 298 450 307 ’
494 325 809 395 orssnssrnrlo
839 327 883 396 v.

130 513 253 601 posita;
268 507 447 597 πρόπαλαι
466 532 561 593 vero,
584 514 676 598 quod
697 512 814 579 eodem
836 520 974 577 accentu
994 508 1150 577 scribitur
1171 520 1238 573 tan·

114 636 229 700 ¹quam
249 635 324 681 vere
354 614 527 700 syntbeton
556 626 594 680 ut
614 639 635 682 a
654 617 788 684 donans
812 611 998 678 nominatur
1018 609 1079 689 36,
1101 608 1157 677 22.
1179 631 1240 676 non

129 713 197 801 πρὸ
219 716 369 783 παλαιοῦ
390 715 555 802 significat
579 716 640 783 sad
664 718 741 783 olim
768 724 806 779 ut
828 707 1070 798 προπάροιθεν
1092 732 1157 797 pro
1179 704 1240 779 πό-

129 821 248 900 ροιθιν
285 813 362 881 κατ’
397 812 716 900 ἂναιλιπλασιααμόν
744 814 856 902 Epim.
886 813 915 880 Ι.
946 812 1022 879 356.
1059 812 1114 877 23.
1146 821 1181 877 et
1210 809 1240 874 in

129 915 243 1003 Apoll
253 916 316 984 IV.
332 916 407 981 520.
419 912 589 1000 Κεραύνια
605 911 839 1003 κικλήσκονται
854 904 1239 993 ἕκτόῖλινέξότι-όπί-

129 1039 260 1101 τραπαν
280 1026 315 1082 et
334 1015 462 1083 Gallim.
483 1016 518 1081 in
538 1016 651 1104 Apoll.
680 1016 734 1082 47.
755 1010 888 1100 Νόμιον
913 1009 1135 1103 κικλήσκομεν
1156 1008 1240 1091 ἐξέτι

130 1113 238 1183 κείνου
254 1110 555 1204 ἐξότε-ἔτρεφεν
575 1108 769 1202 ἴπποοςλί)
789 1137 886 1202 quam
906 1136 975 1182 non
994 1113 1184 1181 necessaria
1203 1112 1241 1177 sit

129 1216 306 1303 particula,
332 1228 472 1305 apparet
498 1239 540 1283 ex
569 1216 735 1283 homerico
765 1214 855 1295 ἐξέτι
881 1213 991 1285 κοίνου
1017 1210 1075 1283 ότι
1103 1237 1136 1281 v.
1165 1218 1192 1301 ξ.
1213 1215 1239 1278 l.

128 1316 196 1381 Par
210 1324 324 1403 'atque
359 1342 426 1385 una
464 1330 536 1405 εει,
550 1319 633 1389 ratio
670 1316 897 1384 adverbiorum
929 1314 1110 1401 μετέπειτα
1145 1308 1239 1401 (μεθ’

129 1413 290 1511 ὕστερον),
311 1425 488 1503 μεταῦθις,
511 1416 713 1503 μετόπισθε,
737 1440 815 1485 nam
838 1417 919 1485 baec
940 1438 1074 1503 quoque
1093 1426 1242 1484 constant

131 1538 149 1582 ε
170 1517 338 1585 vocabulis
359 1519 538 1608 parallelis,
566 1519 708 1605 ideoque
730 1541 798 1585 uon
818 1508 982 1606 recipiunt
1000 1517 1086 1607 intra
1107 1540 1146 1584 se
1166 1518 1240 1583 arti-

130 1618 239 1684 culum
261 1620 318 1707 qui
336 1621 364 1687 ai
389 1621 556 1698 inseritur,
579 1620 781 1708 praepositio
803 1620 869 1686 vim
889 1642 982 1685 suam
1001 1619 1174 1708 propriam
1191 1640 1240 1685 rs-

130 1732 282 1807 cuperat,
313 1723 373 1788 aad
400 1721 592 1788 obscuratur
623 1744 735 1788 rursus
763 1723 792 1788 si
821 1721 939 1789 dicitur
965 1716 1120 1799 τῐςαῦθις
1148 1718 1240 1807 λέγω.

128 1822 242 1907 Atque
267 1823 331 1889 hac
355 1823 443 1889 tenui
465 1823 642 1911 prosodiae
663 1822 887 1900 inclinatione,
913 1822 941 1887 si
970 1843 1055 1910 opus
1084 1820 1240 1897 videatur,

131 1920 289 2009 distingui
316 1934 458 2011 possunt
489 1921 649 2001 εἷςοπίσιο
689 1922 854 2010 (ἐχάζετο)
886 1922 944 1989 ubi
982 1920 1076 2009 nihil,
1102 1922 1241 2010 amplius

129 2045 228 2109 quam
249 2016 362 2091 ὀπίσω
385 2024 561 2112 significat,
594 2035 628 2090 et
653 2021 702 2105 εἷς
725 2019 836 2093 ὀπίσω
866 2023 1000 2112 proprie
1029 2022 1154 2089 dicmm
1183 2045 1240 2113 pro

129 2120 179 2202 εἷς
198 2122 237 2191 τὸ
259 2118 383 2205 ὀπίοιο,
406 2148 473 2211 qua
494 2149 535 2192 ex
555 2125 681 2193 ratione
701 2126 737 2191 in
757 2125 868 2193 Sobol.
891 2125 993 2191 Dion.
1011 2122 1084 2202 755,
1105 2124 1161 2190 31.
1183 2145 1240 2213 pro

128 2218 291 2293 όποκότιε
313 2219 491 2311 ἀρχόμενοι
516 2224 574 2314 τὴν
594 2234 689 2315 χεῖρα
714 2223 775 2295 ἐπὶ
799 2226 841 2293 τοὶ
869 2217 939 2293 sisso
959 2225 1045 2313 μέρη
1070 2226 1241 2314 προφέρο-

121 2338 187 2408 ’μεν
211 2326 419 2394 scribendum
452 2338 540 2395 esset
570 2321 643 2393 ἀπὸ
671 2328 763 2413 (τοῦ)
796 2322 896 2393 νότια.
941 2325 1011 2394 Sed
1041 2324 1106 2390 hoc
1138 2337 1241 2391 tamen

129 2428 303 2495 discrimen
323 2428 479 2494 minutius
502 2440 553 2493 est
573 2448 672 2511 quarn
692 2439 729 2492 ut
750 2449 771 2492 a
791 2425 929 2493 librariis
951 2425 1153 2492 custoditum
1173 2448 1241 2493 cre·

130 2531 206 2596 dam
228 2552 266 2596 ao
289 2531 318 2596 si
341 2553 406 2615 qua
429 2540 612 2617 appareant
633 2539 849 2594 commutatae
872 2550 946 2594 cum
967 2527 1135 2593 intellectu
1164 2528 1240 2594 scri·

128 2642 243 2718 pturae
264 2630 418 2715 vestigia,
449 2630 484 2694 id
514 2651 591 2694 casu
616 2629 722 2714 magis
750 2651 848 2715 quam
875 2640 963 2695 certo
991 2629 1129 2695 consilio
1158 2629 1241 2697 acci·

129 2732 218 2797 disse
240 2729 386 2795 arbitror.
429 2729 486 2796 Ab
509 2740 645 2815 utraque
668 2730 881 2797 connexionis
899 2731 1025 2797 ratione
1041 2730 1158 2797 differt
1178 2744 1241 2797 ter·

129 2832 183 2908 tia,
207 2832 241 2896 in
263 2854 329 2916 qua
352 2831 553 2918 praepositio
575 2854 683 2917 neque
705 2842 775 2897 tota
800 2832 963 2897 redundat
989 2853 1096 2917 neque
1121 2833 1166 2897 ad
1184 2854 1241 2897 vo·

129 2933 279 3000 cabulum
302 2932 493 2999 declinabile
516 2932 626 2997 relerri
652 2944 761 3017 potest
784 2934 844 2999 sed
865 2933 1053 3020 adverbium
1075 2932 1141 2997 sibi
1164 2956 1241 3022 pro·

128 3035 251 3101 ximum
273 3034 366 3121 quasi
385 3056 496 3099 casum
520 3033 605 3119 regit
630 3033 719 3099 velut
747 3034 776 3101 si
803 3034 876 3120 quis
906 3034 953 3099 ita
972 3035 1129 3119 loquutus
1151 3047 1203 3101 est
1223 3033 1240 3123 ἡ

127 3132 215 3223 μάχη
238 3129 357 3219 ἇποψὲ
380 3126 507 3221 ἤρξατο
530 3159 550 3199 a
575 3157 646 3202 sero
671 3134 779 3220 (diei),
804 3137 896 3220 cujus
919 3135 1173 3202 constructionis
1195 3146 1242 3202 te·

128 3248 194 3302 ates
216 3235 346 3301 abunde
367 3246 458 3301 aunt:
483 3231 533 3312 εἷς
552 3229 620 3321 ὀψέ
643 3238 695 3321 (ut
718 3233 766 3314 εἷς
788 3233 923 3321 νύκτα),
954 3232 1025 3303 ἀπὸ
1047 3234 1149 3321 πρωί,
1171 3230 1242 3302 nimi

129 3343 201 3414 νῦν,
230 3331 294 3405 ἀπ’
324 3335 424 3418 ἐχθές
456 3336 489 3399 in
516 3337 620 3402 Anth.
645 3337 711 3402 XI.
740 3336 792 3402 35.
827 3343 916 3424 τρεῖς
933 3344 1025 3420 μναῖ
1058 3328 1144 3425 ἦσαν
1175 3332 1240 3405 ἄπ’

127 3436 226 3520 ἐχθὲς
249 3434 297 3504 ἔτι
322 3450 383 3505 tres
405 3441 509 3504 minae
531 3449 717 3521 supereraut
741 3441 779 3505 dc
799 3458 896 3505 corna
917 3442 1079 3514 besterna,
1107 3438 1241 3505 eodem-

198 3656 241 3723 ll)
255 3655 398 3709 Consimili
417 3656 581 3727 pleonasmo
600 3675 665 3711 osus
682 3656 858 3727 Heliodorus¹
866 3656 919 3711 111.
933 3660 958 3711 5.
977 3658 1035 3712 117.
1053 3657 1242 3728 praepositio·

125 3757 189 3795 nem
207 3743 392 3811 temporalem
409 3741 539 3811 adjungit
558 3741 677 3796 relativo
699 3737 875 3814 ἠσχολούμην
893 3743 923 3804 ἐξ
940 3742 1049 3797 ἐκείνου
1075 3743 1104 3803 ἐξ
1121 3730 1210 3813 οὗπερ
1228 3740 1241 3795 ὁ

119 3822 248 3899 χρησμὸς
267 3818 362 3899 ᾔδετο,
387 3843 425 3879 ea·
444 3824 497 3881 tuo
517 3833 650 3927 tempora
669 3844 707 3880 ex
719 3843 777 3897 quo
795 3844 847 3896 pro
867 3825 988 3899 simplici
1005 3844 1083 3897 quos
1101 3829 1241 3883 causalem

123 3912 261 3967 Aelianus
275 3910 312 3965 Η.
325 3910 399 3965 Ano.
414 3910 436 3964 I.
458 3912 500 3963 13.
523 3912 552 3972 ἐξ
568 3929 609 3964 ιον
626 3914 780 3978 ποθοῦσιν,
799 3913 830 3967 λιι
849 3908 952 3967 τούτων
963 3909 1141 3983 ἁλίσκονται,
1160 3913 1241 3969 aliam

123 3996 263 4053 isocrates
275 3993 372 4051 Antid.
385 3996 443 4050 137.
459 3996 527 4063 (33.)
548 3992 617 4065 πρὸς
633 3997 712 4050 τοῦτο
726 3990 867 4068 πεφύκασι
882 4000 972 4059 καλῶς
989 3996 1060 4067 πρὸς
1075 3993 1091 4052 ii
1104 3994 1143 4053 ἂν
1154 4018 1240 4073 προρ-

124 4085 240 4153 ρημλνιι
252 4076 418 4156 τυγχάνωσι.
442 4078 591 4136 Conversis
602 4081 730 4151 partibus
741 4083 889 4138 Demostlr.
902 4082 977 4139 Pbil.
992 4084 1042 4138 111.
1058 4086 1117 4141 115.
1130 4087 1171 4155 (p.
1184 4088 1239 4147 1115,

124 4168 156 4219 ll
172 4168 275 4236 Beki.)
298 4166 353 4242 ἀφ’
371 4157 404 4239 ἧς
425 4166 530 4242 ἡμέρας
544 4165 637 4223 ἀνεῖλε
657 4171 789 4238 Φωκέας,
814 4167 870 4226 ἀπὸ
892 4166 988 4239 ιαόιιρς
1003 4168 1088 4226 αὐτὸν
1105 4175 1243 4243 πολεμεῖν

124 4248 258 4322 ὁρίζομαι.
