2736 4778
319 289 383 353 DE
408 284 699 352 METATHESI.
745 284 784 351 C.
808 286 852 351 11.
886 290 910 367 ξ.
936 288 963 349 l.
1124 292 1202 363 503

88 471 236 559 ἔμμσριι·
261 478 411 555 κρεῖττον
432 471 470 537 δι’
494 468 584 535 ἐστιν
605 466 715 535 εἰπεῖν
736 468 786 534 lire
810 466 967 554 ἆσρίσισι·
984 469 1203 554 ἐστὶνέμσρεν

88 575 145 641 καὶ
168 572 203 642 ἐν
225 574 428 655 πλεονασμῷ
457 572 518 635 τσῦ
546 573 592 654 μῦ
625 565 776 654 ἔμμορεν.
819 570 928 657 Aproi
957 568 993 634 dd
1018 576 1116 637 τσῑπσ
1145 571 1203 638 acri

86 674 125 742 τὸ
150 673 262 761 νρίεσν
283 676 351 737 τῶν
379 672 615 755 πληθυντικῶν
637 666 800 757 ε”μμσρση
824 671 918 755 cujus
948 673 1096 759 exempla
1124 674 1204 738 satis

87 778 121 841 in
143 785 275 863 promtu
298 783 389 847 sunt3
411 771 453 836 de
475 770 619 858 perlecto
642 772 719 837 olim
741 771 952 839 dubitabatur
971 773 1135 851 maed
1150 775 1203 839 26

87 875 117 945 εἰ
140 876 204 963 γὰρ
228 868 265 962 ἦν
292 872 553 957 παρωσάμενος,
576 870 761 959 ἕμμόραπιν
784 866 869 956 εἶχεν
893 866 994 950 εἶναι,
1019 886 1051 939 et
1074 873 1206 939 brevius

85 978 197 1064 Epim.
219 976 247 1040 I.
272 973 344 1049 156.
369 974 420 1038 14.
441 970 589 1056 ἕμμσρσν
610 967 669 1037 οὐκ
694 970 880 1059 ἕμμόρασι,
903 974 963 1039 sed
986 973 1086 1039 hodie
1108 974 1207 1060 hujus

88 1099 221 1162 quoque
250 1073 406 1161 temporis
432 1071 584 1160 exempla
610 1073 770 1158 quaedam
798 1075 977 1161 euestigata
1005 1090 1091 1141 smrt.
1135 1077 1208 1144 Ge-

87 1179 211 1244 minum
232 1190 282 1243 est
302 1175 392 1242 verbi
414 1173 499 1240 σεόισ
521 1174 702 1260 perlectum
722 1176 862 1258 odos-pus
887 1178 944 1243 aul
965 1177 1000 1242 ἓν
1022 1176 1206 1260 ιἰπερθίπει

88 1284 147 1345 τσῦ
165 1267 191 1347 d
207 1276 351 1361 ἔσσυμαι
371 1275 452 1343 ΕΜ.
466 1275 541 1353 383,
557 1276 612 1339 44.
633 1275 745 1362 Ερὶω.
760 1277 788 1341 Ι.
804 1276 877 1354 156,
894 1277 946 1343 25.
990 1278 1107 1344 Restat
1126 1300 1206 1345 vero

88 1380 251 1466 singulare
283 1400 387 1465 genus
420 1378 714 1454 transmutationis,
749 1378 791 1442 de
821 1400 888 1463 quo
917 1379 1025 1464 agitur
1056 1381 1092 1444 in
1120 1380 1205 1446 EM.

88 1481 165 1558 788,
186 1480 239 1545 40.
268 1479 379 1549 Schol.
400 1478 472 1545 BL.
496 1479 540 1544 ad
560 1479 601 1544 Il.
623 1479 652 1544 I.
675 1478 747 1544 190.
776 1478 871 1563 παρὰ
898 1480 935 1545 τὰ
963 1478 1082 1568 σφάζει
1104 1482 1202 1575 ¹‹rottt'ss

85 1606 185 1666 γσνσν
196 1580 259 1646 ’καὶ
274 1577 463 1663 ’ὑπερθέσει
480 1576 671 1667 φάσγανον·
691 1576 714 1666 ἢ
732 1579 827 1663 παρὰ
847 1579 887 1645 τὸ
906 1575 1045 1665 φάσθαι
1063 1578 1204 1667 (φάσει)

83 1682 123 1749 τὸ
147 1684 319 1769 φονεῦσαι.
363 1680 486 1747 Nostra
509 1680 671 1747 sententia
700 1680 748 1746 sio
775 1692 842 1745 est:
873 1703 894 1745 a
921 1679 1085 1768 primitivo
1111 1682 1203 1770 φάιι,

85 1785 177 1868 cujus
199 1783 380 1869 perlectum
403 1793 454 1849 est
472 1779 664 1869 πεφάσθαι,
687 1781 849 1868 processit
869 1778 989 1869 σφάζιν
1012 1783 1202 1870 praeposito

86 1884 192 1970 sigma
221 1896 254 1949 et
281 1883 360 1949 hino
386 1882 517 1972 σφαγή,
548 1906 568 1948 a
594 1905 660 1967 quo
686 1879 858 1970 σφάγανσν
888 1885 1026 1950 derivari
1054 1898 1203 1972 poterat3

86 1987 146 2052 sed
164 1985 299 2072 linguae
320 1995 469 2051 auctores
489 1993 724 2071 praeoptamnt
743 1983 848 2070 sigma
865 1985 1113 2071 pleonasticum‚
1135 2010 1204 2070 quo

85 2086 217 2173 gravius
246 2098 378 2152 sonaret
401 2084 526 2171 syllaba
549 2085 719 2172 princeps,
750 2083 791 2148 ab
814 2085 907 2150 initio
936 2087 1007 2170 ejus
1030 2090 1204 2153 transferre

85 2188 128 2253 ad
146 2190 261 2265 linem3
282 2187 402 2253 mansit
418 2208 495 2252 vero
513 2186 683 2251 immotum
700 2185 734 2249 in
750 2184 872 2251 herbae
889 2185 1021 2253 nomine
1038 2186 1202 2273 σφάγιπς,

87 2286 119 2356 ol
142 2292 180 2357 de*
201 2288 373 2378 φάσγανον
393 2289 509 2354 Diosc.
530 2288 615 2353 Mat.
637 2288 666 2353 I.
691 2287 741 2365 19,
762 2286 815 2352 35.
859 2288 985 2353 Eadem
1006 2288 1100 2355 litera
1121 2312 1203 2378 sup·

86 2390 195 2477 posita
220 2413 240 2455 a
265 2390 406 2455 themate
432 2392 519 2473 μίγεν
550 2388 697 2476 germani
723 2388 842 2455 Graeci
868 2388 977 2473 μίσγον
1005 2391 1201 2469 derivarunt,

85 2493 266 2578 degeneres
288 2492 396 2575 σμίγιν
413 2490 530 2556 Medd.
544 2492 657 2576 Mosq.
677 2515 710 2579 p.
721 2491 775 2556 43.
794 2501 826 2555 et
844 2490 900 2555 alii
918 2512 948 2555 v.
961 2491 1086 2558 Techn.
1104 2517 1138 2580 p.
1148 2495 1203 2560 50.

86 2594 321 2681 propriumque
357 2616 476 2659 nomen
506 2590 672 2676 Σιιιγόλσς
702 2615 731 2657 ν.
760 2591 882 2658 Parall.
908 2592 983 2658 414.
1034 2594 1202 2660 Mutarum

84 2697 174 2761 nulla
195 2712 245 2761 est
266 2718 350 2779 quae
372 2695 572 2780 migrationis
595 2694 816 2780 suspicionem
838 2696 983 2761 moverit.

548 2982 732 3048 CARII.

419 3138 487 3211 De
524 3136 867 3233 hyperthese'.

170 3317 196 3398 ξ.
220 3317 250 3381 1.
293 3314 404 3400 Hujus
424 3326 502 3379 sunt
527 3335 648 3400 genera
669 3315 771 3379 multa
795 3325 828 3378 et
845 3312 973 3378 diversa
989 3336 1049 3399 pro
1067 3336 1202 3381 numero

86 3426 120 3480 et
147 3416 261 3481 ordine
289 3416 453 3482 literarum
480 3437 565 3503 quae
596 3416 630 3481 in
654 3415 827 3481 discrimen
848 3415 991 3480 veniunt.
1034 3416 1146 3482 Prima
1171 3429 1204 3484 et

85 3516 326 3603 simplicissima
352 3519 437 3584 ratio
464 3529 514 3584 est
542 3540 582 3583 ea
608 3540 676 3604 qua
704 3538 850 3583 consona
880 3518 982 3582 vocali
1013 3521 1203 3607 praeposita

85 3618 116 3683 ei
142 3620 353 3706 postponitur
380 3642 486 3708 eoquo
515 3642 556 3687 ex
583 3618 689 3707 prima
715 3616 840 3704 syllaba
869 3620 984 3684 transit
1008 3620 1042 3685 in
1070 3623 1204 3690 alteram

83 3720 149 3784 hoc
171 3720 270 3785 modo
293 3746 378 3787 νε-α
407 3746 507 3799 ε-να,
533 3728 631 3788 θε-ισ
657 3727 769 3786 ε-θω.
802 3715 891 3787 Ἀπὸ
909 3726 966 3788 τσῦ
985 3723 1076 3791 ε’·’ννεσ
1096 3722 1202 3813 ὤσει-

83 3822 140 3887 λεν
163 3813 247 3887 εἶναι
270 3820 463 3889 &arduom
487 3820 544 3890 καὶ
568 3815 651 3888 καθ’
678 3815 862 3907 ὑπέρθεσιν
884 3821 1092 3904 enatasset,
1123 3822 1198 3892 ἀλλ’

83 3920 205 4009 ἐπειδὴ
234 3915 253 3988 ὁ
282 3917 486 4010 πεντήκοντα
515 3924 573 3991 καὶ
601 3920 632 3990 ol
663 3921 781 3990 λσιπσὶ
811 3918 956 4009 σἰριθμσὶ
976 3915 1062 4012 τρεῖ]
1086 3951 1202 4010 παρα-

83 4019 401 4124 lp'y-onua-aodsov
428 4021 526 4109 χάριν
555 4023 640 4092 κατὰ
671 4023 897 4111 συνενσρσμὴν
922 4020 1057 4089 ἐκείνων
1079 4024 1202 4108 ι’ἰριιιιε

82 4123 123 4189 τὸ
145 4149 166 4187 u
189 4119 237 4200 εἷς
258 4150 279 4211 η
301 4123 358 4190 καὶ
379 4122 509 4208 γέγονεν
530 4120 720 4212 ἐνενήκοντα
745 4121 910 4190 Choerob.
934 4123 1030 4187 Orth.
1053 4126 1126 4203 213,
1148 4129 1201 4198 30.

84 4226 163 4289 EM.
188 4225 261 4293 368,
284 4225 337 4288 46.
384 4224 467 4288 [llud
493 4224 686 4290 ἒινεόκσντιι
713 4246 780 4287 non
797 4224 915 4308 legitur
933 4224 990 4287 sed
1017 4229 1107 4310 quod
1126 4230 1203 4300 binc
