<?xml version="1.0" encoding="UTF-8"?>
<!DOCTYPE html PUBLIC "-//W3C//DTD XHTML 1.0 Transitional//EN"
    "http://www.w3.org/TR/xhtml1/DTD/xhtml1-transitional.dtd">
<html xmlns="http://www.w3.org/1999/xhtml" xml:lang="en" lang="en">
 <head>
  <title>
</title>
<meta http-equiv="Content-Type" content="text/html;charset=utf-8" />
  <meta name='ocr-system' content='tesseract 3.04.00' />
  <meta name='ocr-capabilities' content='ocr_page ocr_carea ocr_par ocr_line ocrx_word'/>
</head>
<body>
  <div class='ocr_page' id='page_1' title='image "./pathologiaegrae00lobegoog_0786.png"; bbox 0 0 2736 4778; ppageno 0'>
   <div class='ocr_carea' id='block_1_1' title="bbox 130 379 871 463">
    <p class='ocr_par' dir='ltr' id='par_1_1' title="bbox 130 379 871 463">
     <span class='ocr_line' id='line_1_1' title="bbox 130 379 871 463; baseline -0.001 -13"><span class='ocrx_word' id='word_1_1' title='bbox 130 384 190 450; x_wconf 82' lang='lat'>112</span> <span class='ocrx_word' id='word_1_2' title='bbox 338 456 349 463; x_wconf 51' lang='grc'><strong>,</strong></span> <span class='ocrx_word' id='word_1_3' title='bbox 506 379 784 448; x_wconf 76' lang='lat' dir='ltr'>olssnnrhnlo</span> <span class='ocrx_word' id='word_1_4' title='bbox 817 382 871 449; x_wconf 76' lang='lat' dir='ltr'>Vh</span> 
     </span>
    </p>
   </div>
   <div class='ocr_carea' id='block_1_2' title="bbox 111 543 1287 4130">
    <p class='ocr_par' dir='ltr' id='par_1_2' title="bbox 111 543 1287 2895">
     <span class='ocr_line' id='line_1_2' title="bbox 127 543 1259 633; baseline -0.001 -23"><span class='ocrx_word' id='word_1_5' title='bbox 127 545 201 610; x_wconf 70' lang='lat' dir='ltr'>tius</span> <span class='ocrx_word' id='word_1_6' title='bbox 226 567 290 631; x_wconf 84' lang='lat' dir='ltr'>per</span> <span class='ocrx_word' id='word_1_7' title='bbox 322 558 457 631; x_wconf 73' lang='lat' dir='ltr'>quotuor</span> <span class='ocrx_word' id='word_1_8' title='bbox 489 546 628 633; x_wconf 77' lang='lat' dir='ltr'>syllabae</span> <span class='ocrx_word' id='word_1_9' title='bbox 656 569 723 610; x_wconf 77' lang='lat' dir='ltr'>eoae</span> <span class='ocrx_word' id='word_1_10' title='bbox 752 543 939 631; x_wconf 57' lang='lat' dir='ltr'>offerendum</span> <span class='ocrx_word' id='word_1_11' title='bbox 970 555 1089 627; x_wconf 80' lang='lat' dir='ltr'>mouet,</span> <span class='ocrx_word' id='word_1_12' title='bbox 1126 543 1259 630; x_wconf 62' lang='lat' dir='ltr'>quia?</span> 
     </span>
     <span class='ocr_line' id='line_1_3' title="bbox 121 647 1262 738; baseline 0.002 -26"><span class='ocrx_word' id='word_1_13' title='bbox 121 647 282 736; x_wconf 82' lang='lat' dir='ltr'>producta</span> <span class='ocrx_word' id='word_1_14' title='bbox 305 661 350 713; x_wconf 81' lang='lat' dir='ltr'>eet</span> <span class='ocrx_word' id='word_1_15' title='bbox 373 649 467 729; x_wconf 74' lang='lat' dir='ltr'>crasi,</span> <span class='ocrx_word' id='word_1_16' title='bbox 490 650 580 732; x_wconf 81' lang='lat' dir='ltr'>quasi</span> <span class='ocrx_word' id='word_1_17' title='bbox 593 654 819 738; x_wconf 85' lang='grc' dir='ltr'><strong><em>φοινικοῦυσσι.</em></strong></span> <span class='ocrx_word' id='word_1_18' title='bbox 864 647 896 713; x_wconf 84' lang='lat' dir='ltr'>Is</span> <span class='ocrx_word' id='word_1_19' title='bbox 907 648 1013 730; x_wconf 80' lang='lat' dir='ltr'>igitur,</span> <span class='ocrx_word' id='word_1_20' title='bbox 1025 648 1103 731; x_wconf 78' lang='lat' dir='ltr'>quia</span> <span class='ocrx_word' id='word_1_21' title='bbox 1113 649 1262 714; x_wconf 80' lang='lat' dir='ltr'>nominis</span> 
     </span>
     <span class='ocr_line' id='line_1_4' title="bbox 129 749 1261 842; baseline -0.001 -24"><span class='ocrx_word' id='word_1_22' title='bbox 129 752 243 842; x_wconf 82' lang='grc' dir='ltr'><strong><em>φοῖνιξ</em></strong></span> <span class='ocrx_word' id='word_1_23' title='bbox 275 771 367 819; x_wconf 88' lang='lat' dir='ltr'>casus</span> <span class='ocrx_word' id='word_1_24' title='bbox 400 752 518 836; x_wconf 85' lang='lat' dir='ltr'>obliqui</span> <span class='ocrx_word' id='word_1_25' title='bbox 550 755 756 837; x_wconf 82' lang='lat' dir='ltr'><strong>penultimam</strong></span> <span class='ocrx_word' id='word_1_26' title='bbox 788 754 914 834; x_wconf 83' lang='lat' dir='ltr'>longam</span> <span class='ocrx_word' id='word_1_27' title='bbox 933 749 1067 832; x_wconf 87' lang='lat' dir='ltr'>habent,</span> <span class='ocrx_word' id='word_1_28' title='bbox 1101 752 1200 818; x_wconf 88' lang='lat' dir='ltr'>idem</span> <span class='ocrx_word' id='word_1_29' title='bbox 1221 751 1261 817; x_wconf 91' lang='lat' dir='ltr'>de</span> 
     </span>
     <span class='ocr_line' id='line_1_5' title="bbox 128 853 1262 940; baseline -0.002 -17"><span class='ocrx_word' id='word_1_30' title='bbox 128 856 284 923; x_wconf 85' lang='lat' dir='ltr'>adiectivo</span> <span class='ocrx_word' id='word_1_31' title='bbox 305 857 411 921; x_wconf 87' lang='lat' dir='ltr'>valere</span> <span class='ocrx_word' id='word_1_32' title='bbox 432 857 564 938; x_wconf 70' lang='lat' dir='ltr'>putavit,</span> <span class='ocrx_word' id='word_1_33' title='bbox 587 857 760 940; x_wconf 88' lang='lat' dir='ltr'>eodemque</span> <span class='ocrx_word' id='word_1_34' title='bbox 781 856 874 922; x_wconf 88' lang='lat' dir='ltr'>modo</span> <span class='ocrx_word' id='word_1_35' title='bbox 898 853 1078 936; x_wconf 80' lang='lat' dir='ltr'>Stephanus</span> <span class='ocrx_word' id='word_1_36' title='bbox 1100 855 1137 920; x_wconf 92' lang='lat' dir='ltr'>in</span> <span class='ocrx_word' id='word_1_37' title='bbox 1162 853 1262 921; x_wconf 76' lang='lat' dir='ltr'>Thes</span> 
     </span>
     <span class='ocr_line' id='line_1_6' title="bbox 128 951 1261 1049; baseline -0.001 -23"><span class='ocrx_word' id='word_1_38' title='bbox 128 965 259 1027; x_wconf 82' lang='lat' dir='ltr'>excusat</span> <span class='ocrx_word' id='word_1_39' title='bbox 280 958 410 1025; x_wconf 86' lang='lat' dir='ltr'>Theocr.</span> <span class='ocrx_word' id='word_1_40' title='bbox 433 957 506 1024; x_wconf 86' lang='lat'>158</span> <span class='ocrx_word' id='word_1_41' title='bbox 529 951 613 1026; x_wconf 81' lang='grc' dir='ltr'><strong><em>ὦνον</em></strong></span> <span class='ocrx_word' id='word_1_42' title='bbox 634 960 689 1027; x_wconf 85' lang='grc' dir='ltr'>καὶ</span> <span class='ocrx_word' id='word_1_43' title='bbox 710 957 868 1049; x_wconf 82' lang='grc' dir='ltr'><strong><em>ιυρόενια</em></strong></span> <span class='ocrx_word' id='word_1_44' title='bbox 890 958 1005 1045; x_wconf 77' lang='grc' dir='ltr'><strong><em>μέγαν,</em></strong></span> <span class='ocrx_word' id='word_1_45' title='bbox 1028 957 1115 1040; x_wconf 85' lang='lat' dir='ltr'>quod</span> <span class='ocrx_word' id='word_1_46' title='bbox 1140 955 1261 1025; x_wconf 79' lang='lat' dir='ltr'>confir·</span> 
     </span>
     <span class='ocr_line' id='line_1_7' title="bbox 128 1058 1261 1151; baseline -0.002 -21"><span class='ocrx_word' id='word_1_47' title='bbox 128 1082 216 1130; x_wconf 80' lang='lat' dir='ltr'>more</span> <span class='ocrx_word' id='word_1_48' title='bbox 249 1063 374 1129; x_wconf 81' lang='lat' dir='ltr'>videtur</span> <span class='ocrx_word' id='word_1_49' title='bbox 396 1062 500 1127; x_wconf 83' lang='lat' dir='ltr'>Draco</span> <span class='ocrx_word' id='word_1_50' title='bbox 522 1061 564 1128; x_wconf 88' lang='grc'>89</span> <span class='ocrx_word' id='word_1_51' title='bbox 586 1061 748 1151; x_wconf 80' lang='grc' dir='ltr'><strong><em>τυρόεις</em></strong></span> <span class='ocrx_word' id='word_1_52' title='bbox 782 1067 818 1129; x_wconf 76' lang='grc' dir='ltr'>τὸ</span> <span class='ocrx_word' id='word_1_53' title='bbox 845 1063 883 1133; x_wconf 63' lang='lat' dir='ltr'>{o</span> <span class='ocrx_word' id='word_1_54' title='bbox 913 1058 1047 1128; x_wconf 72' lang='grc' dir='ltr'>ἐκτείνει</span> <span class='ocrx_word' id='word_1_55' title='bbox 1084 1063 1261 1144; x_wconf 77' lang='grc' dir='ltr'>πανταχοῦ</span> 
     </span>
     <span class='ocr_line' id='line_1_8' title="bbox 129 1162 1261 1254; baseline -0.004 -21"><span class='ocrx_word' id='word_1_56' title='bbox 129 1168 184 1233; x_wconf 81' lang='grc' dir='ltr'>καὶ</span> <span class='ocrx_word' id='word_1_57' title='bbox 220 1164 312 1254; x_wconf 77' lang='grc' dir='ltr'><strong><em>παρὰ</em></strong></span> <span class='ocrx_word' id='word_1_58' title='bbox 331 1169 380 1252; x_wconf 79' lang='grc' dir='ltr'>,τῷ</span> <span class='ocrx_word' id='word_1_59' title='bbox 407 1163 589 1252; x_wconf 85' lang='grc' dir='ltr'><strong><em>Θεοκρίιῳ,</em></strong></span> <span class='ocrx_word' id='word_1_60' title='bbox 621 1166 772 1248; x_wconf 82' lang='lat' dir='ltr'>illumque</span> <span class='ocrx_word' id='word_1_61' title='bbox 804 1167 910 1247; x_wconf 83' lang='lat' dir='ltr'>ipsum</span> <span class='ocrx_word' id='word_1_62' title='bbox 931 1181 1058 1230; x_wconf 84' lang='lat' dir='ltr'>versum</span> <span class='ocrx_word' id='word_1_63' title='bbox 1080 1162 1261 1245; x_wconf 71' lang='lat' dir='ltr'>adscribit3</span> 
     </span>
     <span class='ocr_line' id='line_1_9' title="bbox 128 1262 1260 1353; baseline -0.004 -18"><span class='ocrx_word' id='word_1_64' title='bbox 128 1269 288 1335; x_wconf 90' lang='lat' dir='ltr'>Porsonus</span> <span class='ocrx_word' id='word_1_65' title='bbox 310 1267 461 1333; x_wconf 88' lang='lat' dir='ltr'>Doricum</span> <span class='ocrx_word' id='word_1_66' title='bbox 493 1274 640 1353; x_wconf 75' lang='grc' dir='ltr'><strong><em>τυρῶντα</em></strong></span> <span class='ocrx_word' id='word_1_67' title='bbox 662 1270 777 1350; x_wconf 81' lang='lat' dir='ltr'>suesit3</span> <span class='ocrx_word' id='word_1_68' title='bbox 810 1269 956 1352; x_wconf 86' lang='lat' dir='ltr'>equidem</span> <span class='ocrx_word' id='word_1_69' title='bbox 990 1267 1038 1333; x_wconf 88' lang='lat' dir='ltr'>ad·</span> <span class='ocrx_word' id='word_1_70' title='bbox 1057 1264 1108 1348; x_wconf 81' lang='lat' dir='ltr'>hj.</span> <span class='ocrx_word' id='word_1_71' title='bbox 1132 1285 1168 1348; x_wconf 88' lang='lat' dir='ltr'>p.</span> <span class='ocrx_word' id='word_1_72' title='bbox 1197 1262 1260 1332; x_wconf 90' lang='grc'>184</span> 
     </span>
     <span class='ocr_line' id='line_1_10' title="bbox 130 1369 1258 1455; baseline -0.003 -18"><span class='ocrx_word' id='word_1_73' title='bbox 130 1371 267 1451; x_wconf 82' lang='lat' dir='ltr'>ostendi,</span> <span class='ocrx_word' id='word_1_74' title='bbox 300 1370 522 1445; x_wconf 82' lang='lat' dir='ltr'>vocabulorum</span> <span class='ocrx_word' id='word_1_75' title='bbox 555 1372 775 1438; x_wconf 90' lang='lat' dir='ltr'>nonnullorum</span> <span class='ocrx_word' id='word_1_76' title='bbox 809 1371 946 1455; x_wconf 76' lang='lat' dir='ltr'><strong>syllabas</strong></span> <span class='ocrx_word' id='word_1_77' title='bbox 967 1371 1079 1451; x_wconf 82' lang='lat' dir='ltr'>longas</span> <span class='ocrx_word' id='word_1_78' title='bbox 1100 1369 1137 1434; x_wconf 94' lang='lat' dir='ltr'>in</span> <span class='ocrx_word' id='word_1_79' title='bbox 1160 1388 1258 1451; x_wconf 80' lang='lat' dir='ltr'>para·</span> 
     </span>
     <span class='ocr_line' id='line_1_11' title="bbox 129 1467 1258 1562; baseline 0 -23"><span class='ocrx_word' id='word_1_80' title='bbox 129 1474 218 1558; x_wconf 81' lang='lat' dir='ltr'>gegis</span> <span class='ocrx_word' id='word_1_81' title='bbox 241 1474 355 1556; x_wconf 82' lang='lat' dir='ltr'>corripi</span> <span class='ocrx_word' id='word_1_82' title='bbox 369 1478 406 1539; x_wconf 86' lang='lat' dir='ltr'>ul</span> <span class='ocrx_word' id='word_1_83' title='bbox 423 1475 455 1538; x_wconf 94' lang='lat' dir='ltr'>in</span> <span class='ocrx_word' id='word_1_84' title='bbox 476 1473 536 1540; x_wconf 88' lang='lat' dir='ltr'>hoc</span> <span class='ocrx_word' id='word_1_85' title='bbox 557 1475 626 1556; x_wconf 88' lang='lat' dir='ltr'>ipso</span> <span class='ocrx_word' id='word_1_86' title='bbox 648 1493 764 1557; x_wconf 81' lang='lat' dir='ltr'>genere</span> <span class='ocrx_word' id='word_1_87' title='bbox 787 1470 945 1562; x_wconf 85' lang='grc' dir='ltr'><strong><em>πνιγόεις,</em></strong></span> <span class='ocrx_word' id='word_1_88' title='bbox 969 1467 1148 1557; x_wconf 76' lang='grc' dir='ltr'><strong><em>ἀλγινόεις,</em></strong></span> <span class='ocrx_word' id='word_1_89' title='bbox 1173 1490 1258 1556; x_wconf 80' lang='lat' dir='ltr'>quac</span> 
     </span>
     <span class='ocr_line' id='line_1_12' title="bbox 111 1572 1258 1661; baseline -0.002 -17"><span class='ocrx_word' id='word_1_90' title='bbox 111 1578 224 1661; x_wconf 79' lang='lat' dir='ltr'>¹ahter</span> <span class='ocrx_word' id='word_1_91' title='bbox 256 1578 361 1643; x_wconf 84' lang='lat' dir='ltr'>versui</span> <span class='ocrx_word' id='word_1_92' title='bbox 394 1577 519 1643; x_wconf 88' lang='lat' dir='ltr'>heroico</span> <span class='ocrx_word' id='word_1_93' title='bbox 552 1579 656 1659; x_wconf 88' lang='lat' dir='ltr'>aptari</span> <span class='ocrx_word' id='word_1_94' title='bbox 688 1598 750 1644; x_wconf 95' lang='lat' dir='ltr'>non</span> <span class='ocrx_word' id='word_1_95' title='bbox 783 1583 917 1661; x_wconf 85' lang='lat' dir='ltr'>possunt</span> <span class='ocrx_word' id='word_1_96' title='bbox 928 1577 970 1659; x_wconf 64' lang='grc'>8);</span> <span class='ocrx_word' id='word_1_97' title='bbox 1004 1594 1041 1642; x_wconf 86' lang='lat' dir='ltr'>ac</span> <span class='ocrx_word' id='word_1_98' title='bbox 1074 1575 1102 1640; x_wconf 91' lang='lat' dir='ltr'>si</span> <span class='ocrx_word' id='word_1_99' title='bbox 1135 1572 1258 1642; x_wconf 82' lang='lat' dir='ltr'>fluvius</span> 
     </span>
     <span class='ocr_line' id='line_1_13' title="bbox 132 1679 1256 1763; baseline -0.003 -16"><span class='ocrx_word' id='word_1_100' title='bbox 132 1681 286 1747; x_wconf 87' lang='lat' dir='ltr'>Troianus</span> <span class='ocrx_word' id='word_1_101' title='bbox 319 1699 339 1745; x_wconf 89' lang='lat' dir='ltr'>a</span> <span class='ocrx_word' id='word_1_102' title='bbox 371 1699 467 1745; x_wconf 91' lang='lat' dir='ltr'>cursu</span> <span class='ocrx_word' id='word_1_103' title='bbox 500 1681 626 1747; x_wconf 89' lang='lat' dir='ltr'>sinuoso</span> <span class='ocrx_word' id='word_1_104' title='bbox 649 1681 869 1747; x_wconf 90' lang='lat' dir='ltr'>denominatus</span> <span class='ocrx_word' id='word_1_105' title='bbox 891 1687 956 1761; x_wconf 86' lang='lat' dir='ltr'>est,</span> <span class='ocrx_word' id='word_1_106' title='bbox 989 1679 1023 1744; x_wconf 92' lang='lat' dir='ltr'>id</span> <span class='ocrx_word' id='word_1_107' title='bbox 1044 1697 1175 1761; x_wconf 89' lang='lat' dir='ltr'>quoque</span> <span class='ocrx_word' id='word_1_108' title='bbox 1198 1697 1256 1763; x_wconf 88' lang='lat' dir='ltr'>pro</span> 
     </span>
     <span class='ocr_line' id='line_1_14' title="bbox 131 1781 1256 1866; baseline -0.002 -17"><span class='ocrx_word' id='word_1_109' title='bbox 131 1783 274 1865; x_wconf 81' lang='lat' dir='ltr'>exemplo</span> <span class='ocrx_word' id='word_1_110' title='bbox 306 1783 444 1866; x_wconf 86' lang='lat' dir='ltr'>systolae</span> <span class='ocrx_word' id='word_1_111' title='bbox 477 1781 582 1849; x_wconf 82' lang='lat' dir='ltr'>afferri</span> <span class='ocrx_word' id='word_1_112' title='bbox 615 1789 728 1865; x_wconf 80' lang='lat' dir='ltr'>potest</span> <span class='ocrx_word' id='word_1_113' title='bbox 795 1783 875 1849; x_wconf 91' lang='lat' dir='ltr'>Cum</span> <span class='ocrx_word' id='word_1_114' title='bbox 907 1784 967 1849; x_wconf 93' lang='lat' dir='ltr'>hoc</span> <span class='ocrx_word' id='word_1_115' title='bbox 994 1781 1256 1864; x_wconf 78' lang='lat' dir='ltr'>ethonographus</span> 
     </span>
     <span class='ocr_line' id='line_1_15' title="bbox 132 1881 1287 1979; baseline -0.001 -27"><span class='ocrx_word' id='word_1_116' title='bbox 132 1886 293 1952; x_wconf 79' lang='lat' dir='ltr'>contendit</span> <span class='ocrx_word' id='word_1_117' title='bbox 314 1885 402 1951; x_wconf 87' lang='lat' dir='ltr'>urbis</span> <span class='ocrx_word' id='word_1_118' title='bbox 424 1905 538 1952; x_wconf 86' lang='lat' dir='ltr'>nomon</span> <span class='ocrx_word' id='word_1_119' title='bbox 567 1881 705 1966; x_wconf 82' lang='grc' dir='ltr'><strong><em>Ὀπόεις</em></strong></span> <span class='ocrx_word' id='word_1_120' title='bbox 738 1887 793 1954; x_wconf 82' lang='grc' dir='ltr'>καὶ</span> <span class='ocrx_word' id='word_1_121' title='bbox 813 1882 939 1964; x_wconf 80' lang='grc' dir='ltr'><strong><em>Ὀποῦς</em></strong></span> <span class='ocrx_word' id='word_1_122' title='bbox 960 1884 1045 1951; x_wconf 77' lang='grc' dir='ltr'><strong><em>κατὰ</em></strong></span> <span class='ocrx_word' id='word_1_123' title='bbox 1066 1889 1199 1972; x_wconf 82' lang='grc' dir='ltr'><strong><em>κρᾶσιν,</em></strong></span> <span class='ocrx_word' id='word_1_124' title='bbox 1222 1891 1257 1951; x_wconf 77' lang='lat' dir='ltr'>ct</span> <span class='ocrx_word' id='word_1_125' title='bbox 1282 1970 1287 1979; x_wconf 34' lang='grc' dir='ltr'>Ι</span> 
     </span>
     <span class='ocr_line' id='line_1_16' title="bbox 131 1982 1256 2077; baseline 0.001 -23"><span class='ocrx_word' id='word_1_126' title='bbox 131 1988 318 2054; x_wconf 77' lang='lat' dir='ltr'>Eustachius</span> <span class='ocrx_word' id='word_1_127' title='bbox 349 1982 462 2073; x_wconf 75' lang='grc' dir='ltr'><strong><em>ὥσπερ</em></strong></span> <span class='ocrx_word' id='word_1_128' title='bbox 486 1985 680 2068; x_wconf 80' lang='grc' dir='ltr'><strong><em>πλακόεις</em></strong></span> <span class='ocrx_word' id='word_1_129' title='bbox 703 1990 758 2056; x_wconf 82' lang='grc' dir='ltr'>καὶ</span> <span class='ocrx_word' id='word_1_130' title='bbox 781 1989 968 2077; x_wconf 80' lang='grc' dir='ltr'><strong><em>συναιρέσει</em></strong></span> <span class='ocrx_word' id='word_1_131' title='bbox 992 1990 1176 2068; x_wconf 77' lang='grc' dir='ltr'><strong><em>πλακοῦς</em></strong></span> <span class='ocrx_word' id='word_1_132' title='bbox 1200 1988 1256 2055; x_wconf 79' lang='grc' dir='ltr'>καὶ</span> 
     </span>
     <span class='ocr_line' id='line_1_17' title="bbox 131 2087 1254 2176; baseline 0.002 -20"><span class='ocrx_word' id='word_1_133' title='bbox 131 2087 302 2175; x_wconf 78' lang='grc' dir='ltr'><strong><em>Σιμόεις</em></strong></span> <span class='ocrx_word' id='word_1_134' title='bbox 323 2094 482 2174; x_wconf 77' lang='grc' dir='ltr'><strong><em>Σιμοῦς.</em></strong></span> <span class='ocrx_word' id='word_1_135' title='bbox 528 2090 598 2156; x_wconf 84' lang='grc' dir='ltr'><strong><em>Ηοι</em></strong></span> <span class='ocrx_word' id='word_1_136' title='bbox 618 2092 774 2158; x_wconf 77' lang='lat' dir='ltr'>Matthiae</span> <span class='ocrx_word' id='word_1_137' title='bbox 798 2091 869 2176; x_wconf 78' lang='lat'>§51</span> <span class='ocrx_word' id='word_1_138' title='bbox 895 2110 1062 2174; x_wconf 85' lang='lat' dir='ltr'>perperam</span> <span class='ocrx_word' id='word_1_139' title='bbox 1084 2092 1132 2157; x_wconf 85' lang='lat' dir='ltr'>ita</span> <span class='ocrx_word' id='word_1_140' title='bbox 1154 2093 1254 2158; x_wconf 86' lang='lat' dir='ltr'>inter·</span> 
     </span>
     <span class='ocr_line' id='line_1_18' title="bbox 131 2193 1254 2277; baseline 0.001 -18"><span class='ocrx_word' id='word_1_141' title='bbox 131 2198 290 2276; x_wconf 83' lang='lat' dir='ltr'>pretatur,</span> <span class='ocrx_word' id='word_1_142' title='bbox 323 2194 420 2259; x_wconf 87' lang='lat' dir='ltr'>trium</span> <span class='ocrx_word' id='word_1_143' title='bbox 442 2194 597 2260; x_wconf 84' lang='lat' dir='ltr'>vocalium</span> <span class='ocrx_word' id='word_1_144' title='bbox 624 2200 798 2260; x_wconf 83' lang='lat' dir='ltr'>extremam</span> <span class='ocrx_word' id='word_1_145' title='bbox 819 2193 1023 2273; x_wconf 65' lang='lat' dir='ltr'>subiectam,</span> <span class='ocrx_word' id='word_1_146' title='bbox 1056 2194 1202 2277; x_wconf 82' lang='lat' dir='ltr'>reliquas</span> <span class='ocrx_word' id='word_1_147' title='bbox 1222 2195 1254 2260; x_wconf 89' lang='lat' dir='ltr'>in</span> 
     </span>
     <span class='ocr_line' id='line_1_19' title="bbox 131 2297 1253 2378; baseline 0.003 -17"><span class='ocrx_word' id='word_1_148' title='bbox 131 2298 166 2368; x_wconf 59' lang='grc' dir='ltr'><strong><em>ἦ</em></strong></span> <span class='ocrx_word' id='word_1_149' title='bbox 187 2300 327 2362; x_wconf 85' lang='lat' dir='ltr'>mutatas</span> <span class='ocrx_word' id='word_1_150' title='bbox 349 2315 434 2376; x_wconf 83' lang='lat' dir='ltr'>esse3</span> <span class='ocrx_word' id='word_1_151' title='bbox 468 2298 525 2362; x_wconf 91' lang='lat' dir='ltr'>sed</span> <span class='ocrx_word' id='word_1_152' title='bbox 553 2298 619 2363; x_wconf 88' lang='lat' dir='ltr'>iota</span> <span class='ocrx_word' id='word_1_153' title='bbox 640 2316 703 2363; x_wconf 93' lang='lat' dir='ltr'>non</span> <span class='ocrx_word' id='word_1_154' title='bbox 725 2298 827 2363; x_wconf 88' lang='lat' dir='ltr'>omitti</span> <span class='ocrx_word' id='word_1_155' title='bbox 850 2298 951 2362; x_wconf 92' lang='lat' dir='ltr'>solere</span> <span class='ocrx_word' id='word_1_156' title='bbox 973 2301 1062 2378; x_wconf 84' lang='lat' dir='ltr'>patet</span> <span class='ocrx_word' id='word_1_157' title='bbox 1083 2316 1123 2363; x_wconf 85' lang='lat' dir='ltr'>ex</span> <span class='ocrx_word' id='word_1_158' title='bbox 1144 2297 1253 2364; x_wconf 82' lang='lat' dir='ltr'>verbis</span> 
     </span>
     <span class='ocr_line' id='line_1_20' title="bbox 131 2397 1255 2488; baseline 0.002 -24"><span class='ocrx_word' id='word_1_159' title='bbox 131 2400 164 2464; x_wconf 93' lang='lat' dir='ltr'>in</span> <span class='ocrx_word' id='word_1_160' title='bbox 187 2402 238 2482; x_wconf 62' lang='grc' dir='ltr'>ἦῆ,</span> <span class='ocrx_word' id='word_1_161' title='bbox 271 2419 346 2465; x_wconf 92' lang='lat' dir='ltr'>nam</span> <span class='ocrx_word' id='word_1_162' title='bbox 377 2397 528 2484; x_wconf 82' lang='grc' dir='ltr'><strong><em>γρυσόεις</em></strong></span> <span class='ocrx_word' id='word_1_163' title='bbox 560 2419 622 2464; x_wconf 80' lang='grc' dir='ltr'>σου</span> <span class='ocrx_word' id='word_1_164' title='bbox 654 2401 686 2464; x_wconf 93' lang='lat' dir='ltr'>in</span> <span class='ocrx_word' id='word_1_165' title='bbox 718 2405 856 2488; x_wconf 80' lang='grc' dir='ltr'><strong><em>χρυσοῦς</em></strong></span> <span class='ocrx_word' id='word_1_166' title='bbox 889 2400 1101 2480; x_wconf 85' lang='lat' dir='ltr'>contrahitur,</span> <span class='ocrx_word' id='word_1_167' title='bbox 1139 2400 1255 2466; x_wconf 89' lang='lat' dir='ltr'>sedin</span> 
     </span>
     <span class='ocr_line' id='line_1_21' title="bbox 131 2499 1255 2591; baseline -0.003 -20"><span class='ocrx_word' id='word_1_168' title='bbox 131 2511 273 2591; x_wconf 76' lang='grc' dir='ltr'><strong><em>χρυσοῖς,</em></strong></span> <span class='ocrx_word' id='word_1_169' title='bbox 295 2509 328 2568; x_wconf 88' lang='lat' dir='ltr'>et</span> <span class='ocrx_word' id='word_1_170' title='bbox 349 2522 388 2567; x_wconf 83' lang='lat' dir='ltr'>ex</span> <span class='ocrx_word' id='word_1_171' title='bbox 409 2502 533 2567; x_wconf 92' lang='lat' dir='ltr'>nomine</span> <span class='ocrx_word' id='word_1_172' title='bbox 562 2499 685 2582; x_wconf 75' lang='grc' dir='ltr'><strong><em>Κάειρα</em></strong></span> <span class='ocrx_word' id='word_1_173' title='bbox 712 2507 819 2589; x_wconf 82' lang='grc' dir='ltr'><strong><em>Κσῖρσ</em></strong></span> <span class='ocrx_word' id='word_1_174' title='bbox 843 2509 900 2569; x_wconf 88' lang='lat' dir='ltr'>etc.</span> <span class='ocrx_word' id='word_1_175' title='bbox 944 2502 1056 2584; x_wconf 86' lang='lat' dir='ltr'>ltaque</span> <span class='ocrx_word' id='word_1_176' title='bbox 1078 2503 1125 2568; x_wconf 90' lang='lat' dir='ltr'>sic</span> <span class='ocrx_word' id='word_1_177' title='bbox 1146 2504 1255 2585; x_wconf 90' lang='lat' dir='ltr'>potius</span> 
     </span>
     <span class='ocr_line' id='line_1_22' title="bbox 133 2605 1255 2689; baseline -0.003 -16"><span class='ocrx_word' id='word_1_178' title='bbox 133 2608 307 2683; x_wconf 81' lang='lat' dir='ltr'>dicendum,</span> <span class='ocrx_word' id='word_1_179' title='bbox 335 2609 384 2681; x_wconf 50' lang='grc' dir='ltr'><strong><em>ἦ</em></strong></span> <span class='ocrx_word' id='word_1_180' title='bbox 409 2605 615 2669; x_wconf 89' lang='lat' dir='ltr'>substitutum</span> <span class='ocrx_word' id='word_1_181' title='bbox 637 2623 708 2670; x_wconf 90' lang='lat' dir='ltr'>esse</span> <span class='ocrx_word' id='word_1_182' title='bbox 731 2625 787 2686; x_wconf 92' lang='lat' dir='ltr'>pro</span> <span class='ocrx_word' id='word_1_183' title='bbox 810 2606 934 2671; x_wconf 89' lang='lat' dir='ltr'>duriore</span> <span class='ocrx_word' id='word_1_184' title='bbox 956 2610 1033 2685; x_wconf 54' lang='lat' dir='ltr'>M,</span> <span class='ocrx_word' id='word_1_185' title='bbox 1067 2607 1158 2670; x_wconf 91' lang='lat' dir='ltr'>cuius</span> <span class='ocrx_word' id='word_1_186' title='bbox 1184 2625 1255 2689; x_wconf 79' lang='lat' dir='ltr'>spe·</span> 
     </span>
     <span class='ocr_line' id='line_1_23' title="bbox 132 2707 1255 2794; baseline -0.002 -18"><span class='ocrx_word' id='word_1_187' title='bbox 132 2712 212 2776; x_wconf 89' lang='lat' dir='ltr'>ciem</span> <span class='ocrx_word' id='word_1_188' title='bbox 245 2708 387 2773; x_wconf 88' lang='lat' dir='ltr'>referunt</span> <span class='ocrx_word' id='word_1_189' title='bbox 419 2726 512 2771; x_wconf 90' lang='lat' dir='ltr'>casus</span> <span class='ocrx_word' id='word_1_190' title='bbox 546 2708 662 2788; x_wconf 87' lang='lat' dir='ltr'>obliqui</span> <span class='ocrx_word' id='word_1_191' title='bbox 695 2710 800 2789; x_wconf 64' lang='grc' dir='ltr'><strong><em>οι-Γως,</em></strong></span> <span class='ocrx_word' id='word_1_192' title='bbox 834 2714 906 2781; x_wconf 57' lang='grc' dir='ltr'><strong><em>ἆρ’,ι</em></strong></span> <span class='ocrx_word' id='word_1_193' title='bbox 943 2707 993 2794; x_wconf 83' lang='grc' dir='ltr'>[ο1.</span> <span class='ocrx_word' id='word_1_194' title='bbox 1027 2727 1124 2790; x_wconf 90' lang='lat' dir='ltr'>supra</span> <span class='ocrx_word' id='word_1_195' title='bbox 1157 2729 1190 2792; x_wconf 88' lang='lat' dir='ltr'>p.</span> <span class='ocrx_word' id='word_1_196' title='bbox 1214 2707 1255 2774; x_wconf 83' lang='lat'>86</span> 
     </span>
     <span class='ocr_line' id='line_1_24' title="bbox 134 2809 688 2895; baseline -0.007 -17"><span class='ocrx_word' id='word_1_197' title='bbox 134 2818 167 2878; x_wconf 88' lang='lat' dir='ltr'>et</span> <span class='ocrx_word' id='word_1_198' title='bbox 191 2812 252 2876; x_wconf 91' lang='grc'>110</span> <span class='ocrx_word' id='word_1_199' title='bbox 275 2816 307 2875; x_wconf 90' lang='lat' dir='ltr'>ct</span> <span class='ocrx_word' id='word_1_200' title='bbox 329 2809 411 2875; x_wconf 85' lang='lat' dir='ltr'>inira</span> <span class='ocrx_word' id='word_1_201' title='bbox 433 2829 500 2892; x_wconf 89' lang='lat' dir='ltr'>cap.</span> <span class='ocrx_word' id='word_1_202' title='bbox 524 2810 572 2875; x_wconf 93' lang='lat' dir='ltr'>llI</span> <span class='ocrx_word' id='word_1_203' title='bbox 595 2811 621 2894; x_wconf 66' lang='grc' dir='ltr'>ἓ.</span> <span class='ocrx_word' id='word_1_204' title='bbox 645 2811 688 2895; x_wconf 86' lang='grc'>5].</span> 
     </span>
    </p>

    <p class='ocr_par' dir='ltr' id='par_1_3' title="bbox 134 2910 1262 4130">
     <span class='ocr_line' id='line_1_25' title="bbox 219 2910 1256 3000; baseline 0.001 -21"><span class='ocrx_word' id='word_1_205' title='bbox 219 2913 267 2979; x_wconf 92' lang='lat' dir='ltr'>De</span> <span class='ocrx_word' id='word_1_206' title='bbox 300 2913 480 2996; x_wconf 90' lang='lat' dir='ltr'>compositis</span> <span class='ocrx_word' id='word_1_207' title='bbox 513 2913 618 2978; x_wconf 89' lang='lat' dir='ltr'>brevis</span> <span class='ocrx_word' id='word_1_208' title='bbox 641 2919 691 2978; x_wconf 88' lang='lat' dir='ltr'>est</span> <span class='ocrx_word' id='word_1_209' title='bbox 711 2914 905 2996; x_wconf 85' lang='lat' dir='ltr'>praeceptio:</span> <span class='ocrx_word' id='word_1_210' title='bbox 935 2910 1176 3000; x_wconf 75' lang='grc' dir='ltr'><strong><em>χειρουργός</em></strong></span> <span class='ocrx_word' id='word_1_211' title='bbox 1201 2916 1256 2981; x_wconf 87' lang='grc' dir='ltr'>καὶ</span> 
     </span>
     <span class='ocr_line' id='line_1_26' title="bbox 134 3012 1257 3105; baseline -0.002 -21"><span class='ocrx_word' id='word_1_212' title='bbox 134 3016 249 3105; x_wconf 83' lang='grc' dir='ltr'><strong><em>κράσει</em></strong></span> <span class='ocrx_word' id='word_1_213' title='bbox 271 3012 515 3104; x_wconf 84' lang='grc' dir='ltr'><strong><em>χειρουργός</em></strong></span> <span class='ocrx_word' id='word_1_214' title='bbox 536 3016 672 3100; x_wconf 85' lang='lat' dir='ltr'>Epim.l</span> <span class='ocrx_word' id='word_1_215' title='bbox 696 3014 828 3096; x_wconf 80' lang='grc'><strong>44410,</strong></span> <span class='ocrx_word' id='word_1_216' title='bbox 853 3018 909 3082; x_wconf 85' lang='lat' dir='ltr'>sed</span> <span class='ocrx_word' id='word_1_217' title='bbox 932 3036 970 3081; x_wconf 86' lang='lat' dir='ltr'>oa</span> <span class='ocrx_word' id='word_1_218' title='bbox 992 3017 1143 3099; x_wconf 81' lang='lat' dir='ltr'>singulari</span> <span class='ocrx_word' id='word_1_219' title='bbox 1166 3018 1257 3099; x_wconf 85' lang='lat' dir='ltr'>operi</span> 
     </span>
     <span class='ocr_line' id='line_1_27' title="bbox 134 3119 1255 3202; baseline -0.001 -15"><span class='ocrx_word' id='word_1_220' title='bbox 134 3121 338 3200; x_wconf 82' lang='lat' dir='ltr'>reservanda,</span> <span class='ocrx_word' id='word_1_221' title='bbox 373 3139 434 3201; x_wconf 90' lang='lat' dir='ltr'>quo</span> <span class='ocrx_word' id='word_1_222' title='bbox 468 3121 648 3185; x_wconf 87' lang='lat' dir='ltr'>universam</span> <span class='ocrx_word' id='word_1_223' title='bbox 682 3119 838 3202; x_wconf 82' lang='lat' dir='ltr'>synthesis</span> <span class='ocrx_word' id='word_1_224' title='bbox 869 3120 1043 3185; x_wconf 84' lang='lat' dir='ltr'>doctrinam</span> <span class='ocrx_word' id='word_1_225' title='bbox 1075 3126 1255 3186; x_wconf 89' lang='lat' dir='ltr'>retractare</span> 
     </span>
     <span class='ocr_line' id='line_1_28' title="bbox 135 3220 1257 3307; baseline 0.002 -19"><span class='ocrx_word' id='word_1_226' title='bbox 135 3220 278 3288; x_wconf 90' lang='lat' dir='ltr'>conabor.</span> <span class='ocrx_word' id='word_1_227' title='bbox 343 3221 412 3288; x_wconf 88' lang='lat' dir='ltr'>Hoc</span> <span class='ocrx_word' id='word_1_228' title='bbox 444 3222 512 3286; x_wconf 90' lang='lat' dir='ltr'>loco</span> <span class='ocrx_word' id='word_1_229' title='bbox 540 3221 711 3286; x_wconf 88' lang='lat' dir='ltr'>subsistam</span> <span class='ocrx_word' id='word_1_230' title='bbox 744 3223 775 3287; x_wconf 95' lang='lat' dir='ltr'>in</span> <span class='ocrx_word' id='word_1_231' title='bbox 797 3222 1028 3304; x_wconf 88' lang='lat' dir='ltr'>praepositione</span> <span class='ocrx_word' id='word_1_232' title='bbox 1053 3220 1138 3307; x_wconf 87' lang='grc' dir='ltr'><strong><em>πρό,</em></strong></span> <span class='ocrx_word' id='word_1_233' title='bbox 1173 3243 1257 3306; x_wconf 88' lang='lat' dir='ltr'>quae</span> 
     </span>
     <span class='ocr_line' id='line_1_29' title="bbox 134 3324 1257 3408; baseline 0.001 -17"><span class='ocrx_word' id='word_1_234' title='bbox 134 3327 273 3392; x_wconf 87' lang='lat' dir='ltr'>vocalem</span> <span class='ocrx_word' id='word_1_235' title='bbox 308 3345 397 3391; x_wconf 90' lang='lat' dir='ltr'>suam</span> <span class='ocrx_word' id='word_1_236' title='bbox 420 3343 490 3389; x_wconf 90' lang='lat' dir='ltr'>cum</span> <span class='ocrx_word' id='word_1_237' title='bbox 513 3324 612 3406; x_wconf 90' lang='lat' dir='ltr'>cpsilo</span> <span class='ocrx_word' id='word_1_238' title='bbox 635 3326 851 3405; x_wconf 89' lang='lat' dir='ltr'>communicat,</span> <span class='ocrx_word' id='word_1_239' title='bbox 885 3327 950 3391; x_wconf 83' lang='lat' dir='ltr'>sive</span> <span class='ocrx_word' id='word_1_240' title='bbox 977 3327 1010 3391; x_wconf 90' lang='lat' dir='ltr'>id</span> <span class='ocrx_word' id='word_1_241' title='bbox 1031 3326 1185 3392; x_wconf 87' lang='lat' dir='ltr'>radicitus</span> <span class='ocrx_word' id='word_1_242' title='bbox 1209 3328 1257 3408; x_wconf 60' lang='lat' dir='ltr'>inf</span> 
     </span>
     <span class='ocr_line' id='line_1_30' title="bbox 135 3424 1257 3514; baseline 0.002 -20"><span class='ocrx_word' id='word_1_243' title='bbox 135 3427 231 3494; x_wconf 89' lang='lat' dir='ltr'>fixum</span> <span class='ocrx_word' id='word_1_244' title='bbox 259 3435 318 3509; x_wconf 70' lang='lat' dir='ltr'>est</span> <span class='ocrx_word' id='word_1_245' title='bbox 352 3430 417 3493; x_wconf 87' lang='lat' dir='ltr'>sive</span> <span class='ocrx_word' id='word_1_246' title='bbox 451 3446 489 3492; x_wconf 89' lang='lat' dir='ltr'>ex</span> <span class='ocrx_word' id='word_1_247' title='bbox 517 3432 685 3509; x_wconf 82' lang='lat' dir='ltr'>augmento</span> <span class='ocrx_word' id='word_1_248' title='bbox 706 3433 831 3492; x_wconf 88' lang='lat' dir='ltr'>natum:</span> <span class='ocrx_word' id='word_1_249' title='bbox 867 3424 1014 3513; x_wconf 86' lang='grc' dir='ltr'><strong><em>προῦχισ,</em></strong></span> <span class='ocrx_word' id='word_1_250' title='bbox 1050 3425 1257 3514; x_wconf 76' lang='grc' dir='ltr'><strong><em>προόννέπω,</em></strong></span> 
     </span>
     <span class='ocr_line' id='line_1_31' title="bbox 136 3525 1259 3619; baseline 0.001 -21"><span class='ocrx_word' id='word_1_251' title='bbox 136 3525 323 3619; x_wconf 73' lang='grc' dir='ltr'><strong><em>προῦφαινε</em></strong></span> <span class='ocrx_word' id='word_1_252' title='bbox 351 3538 409 3597; x_wconf 88' lang='lat' dir='ltr'>etc.</span> <span class='ocrx_word' id='word_1_253' title='bbox 433 3531 614 3595; x_wconf 81' lang='lat' dir='ltr'>intermixta</span> <span class='ocrx_word' id='word_1_254' title='bbox 647 3531 769 3612; x_wconf 81' lang='lat' dir='ltr'>integre</span> <span class='ocrx_word' id='word_1_255' title='bbox 803 3531 928 3613; x_wconf 89' lang='lat' dir='ltr'>scriptis</span> <span class='ocrx_word' id='word_1_256' title='bbox 960 3550 1022 3595; x_wconf 91' lang='lat' dir='ltr'>non</span> <span class='ocrx_word' id='word_1_257' title='bbox 1045 3532 1147 3596; x_wconf 93' lang='lat' dir='ltr'>solum</span> <span class='ocrx_word' id='word_1_258' title='bbox 1169 3534 1259 3615; x_wconf 92' lang='lat' dir='ltr'>apud</span> 
     </span>
     <span class='ocr_line' id='line_1_32' title="bbox 135 3631 1259 3724; baseline 0.002 -24"><span class='ocrx_word' id='word_1_259' title='bbox 135 3640 255 3717; x_wconf 84' lang='lat' dir='ltr'>poetas,</span> <span class='ocrx_word' id='word_1_260' title='bbox 280 3635 336 3698; x_wconf 90' lang='lat' dir='ltr'>sed</span> <span class='ocrx_word' id='word_1_261' title='bbox 357 3635 487 3715; x_wconf 89' lang='lat' dir='ltr'>ubique:</span> <span class='ocrx_word' id='word_1_262' title='bbox 512 3631 692 3724; x_wconf 74' lang='grc' dir='ltr'><strong><em>προῖἷδωκσ</em></strong></span> <span class='ocrx_word' id='word_1_263' title='bbox 705 3639 738 3698; x_wconf 89' lang='lat' dir='ltr'>et</span> <span class='ocrx_word' id='word_1_264' title='bbox 755 3635 931 3718; x_wconf 76' lang='grc' dir='ltr'><strong><em>προέδωκε</em></strong></span> <span class='ocrx_word' id='word_1_265' title='bbox 945 3640 1003 3699; x_wconf 90' lang='lat' dir='ltr'>etc.</span> <span class='ocrx_word' id='word_1_266' title='bbox 1049 3632 1259 3702; x_wconf 83' lang='lat' dir='ltr'>Substantiva</span> 
     </span>
     <span class='ocr_line' id='line_1_33' title="bbox 136 3728 1260 3823; baseline 0.001 -20"><span class='ocrx_word' id='word_1_267' title='bbox 136 3739 198 3807; x_wconf 87' lang='lat' dir='ltr'>duo</span> <span class='ocrx_word' id='word_1_268' title='bbox 231 3743 354 3802; x_wconf 73' lang='lat' dir='ltr'>tontum</span> <span class='ocrx_word' id='word_1_269' title='bbox 381 3741 469 3800; x_wconf 86' lang='lat' dir='ltr'>sunt:</span> <span class='ocrx_word' id='word_1_270' title='bbox 504 3728 700 3820; x_wconf 63' lang='lat' dir='ltr'>apelleiacae</span> <span class='ocrx_word' id='word_1_271' title='bbox 732 3742 765 3801; x_wconf 86' lang='lat' dir='ltr'>et</span> <span class='ocrx_word' id='word_1_272' title='bbox 786 3735 935 3801; x_wconf 87' lang='lat' dir='ltr'>Doricum</span> <span class='ocrx_word' id='word_1_273' title='bbox 959 3728 1149 3823; x_wconf 79' lang='grc' dir='ltr'><strong><em>πριόγγυος,</em></strong></span> <span class='ocrx_word' id='word_1_274' title='bbox 1183 3756 1260 3804; x_wconf 88' lang='lat' dir='ltr'>cum</span> 
     </span>
     <span class='ocr_line' id='line_1_34' title="bbox 136 3830 1259 3924; baseline 0 -16"><span class='ocrx_word' id='word_1_275' title='bbox 136 3860 212 3908; x_wconf 92' lang='lat' dir='ltr'>casu</span> <span class='ocrx_word' id='word_1_276' title='bbox 234 3839 440 3923; x_wconf 90' lang='lat' dir='ltr'>compositum</span> <span class='ocrx_word' id='word_1_277' title='bbox 462 3857 558 3903; x_wconf 92' lang='lat' dir='ltr'>unum</span> <span class='ocrx_word' id='word_1_278' title='bbox 582 3830 759 3924; x_wconf 66' lang='grc' dir='ltr'><strong><em>προῦργου.</em></strong></span> <span class='ocrx_word' id='word_1_279' title='bbox 773 3876 820 3917; x_wconf 64' lang='grc'>,-</span> <span class='ocrx_word' id='word_1_280' title='bbox 847 3838 894 3903; x_wconf 87' lang='lat' dir='ltr'>De</span> <span class='ocrx_word' id='word_1_281' title='bbox 916 3838 1075 3904; x_wconf 90' lang='lat' dir='ltr'>vocabulis</span> <span class='ocrx_word' id='word_1_282' title='bbox 1098 3855 1170 3903; x_wconf 94' lang='lat' dir='ltr'>cum</span> <span class='ocrx_word' id='word_1_283' title='bbox 1186 3835 1259 3908; x_wconf 87' lang='grc' dir='ltr'><strong><em>σἰπό</em></strong></span> 
     </span>
     <span class='ocr_line' id='line_1_35' title="bbox 137 3939 1262 4020; baseline -0.001 -10"><span class='ocrx_word' id='word_1_284' title='bbox 137 3951 170 4009; x_wconf 86' lang='lat' dir='ltr'>et</span> <span class='ocrx_word' id='word_1_285' title='bbox 190 3939 259 4010; x_wconf 80' lang='grc' dir='ltr'>ὑπό</span> <span class='ocrx_word' id='word_1_286' title='bbox 292 3942 464 4009; x_wconf 86' lang='lat' dir='ltr'>coniunctis</span> <span class='ocrx_word' id='word_1_287' title='bbox 498 3941 628 4005; x_wconf 91' lang='lat' dir='ltr'>dubium</span> <span class='ocrx_word' id='word_1_288' title='bbox 661 3946 725 4020; x_wconf 87' lang='lat' dir='ltr'>est,</span> <span class='ocrx_word' id='word_1_289' title='bbox 759 3947 865 4005; x_wconf 89' lang='lat' dir='ltr'>utrum</span> <span class='ocrx_word' id='word_1_290' title='bbox 889 3944 929 4012; x_wconf 60' lang='lat' dir='ltr'>s·</span> <span class='ocrx_word' id='word_1_291' title='bbox 952 3960 990 4006; x_wconf 83' lang='lat' dir='ltr'>ex</span> <span class='ocrx_word' id='word_1_292' title='bbox 1013 3941 1095 4006; x_wconf 88' lang='lat' dir='ltr'>crasi</span> <span class='ocrx_word' id='word_1_293' title='bbox 1117 3941 1262 4009; x_wconf 89' lang='lat' dir='ltr'>habeant</span> 
     </span>
     <span class='ocr_line' id='line_1_36' title="bbox 137 4037 1261 4130; baseline 0.001 -18"><span class='ocrx_word' id='word_1_294' title='bbox 137 4052 315 4128; x_wconf 90' lang='lat' dir='ltr'>acceptum:</span> <span class='ocrx_word' id='word_1_295' title='bbox 349 4041 515 4130; x_wconf 74' lang='grc' dir='ltr'><strong><em>ὑποεργὸς</em></strong></span> <span class='ocrx_word' id='word_1_296' title='bbox 546 4037 730 4129; x_wconf 78' lang='grc' dir='ltr'><strong><em>όπουργός,</em></strong></span> <span class='ocrx_word' id='word_1_297' title='bbox 765 4062 805 4107; x_wconf 90' lang='lat' dir='ltr'>an</span> <span class='ocrx_word' id='word_1_298' title='bbox 834 4063 872 4110; x_wconf 90' lang='lat' dir='ltr'>ea</span> <span class='ocrx_word' id='word_1_299' title='bbox 892 4043 973 4110; x_wconf 82' lang='lat' dir='ltr'>forte</span> <span class='ocrx_word' id='word_1_300' title='bbox 997 4050 1168 4127; x_wconf 85' lang='lat' dir='ltr'>superante</span> <span class='ocrx_word' id='word_1_301' title='bbox 1190 4065 1261 4113; x_wconf 86' lang='lat' dir='ltr'>me-</span> 
     </span>
    </p>
   </div>
   <div class='ocr_carea' id='block_1_3' title="bbox 138 4272 1265 4441">
    <p class='ocr_par' dir='ltr' id='par_1_4' title="bbox 138 4272 1265 4441">
     <span class='ocr_line' id='line_1_37' title="bbox 205 4272 1265 4356; baseline 0 -16"><span class='ocrx_word' id='word_1_302' title='bbox 205 4283 397 4356; x_wconf 74' lang='grc' dir='ltr'><strong><em>111Τιρμιόεις</em></strong></span> <span class='ocrx_word' id='word_1_303' title='bbox 424 4296 451 4340; x_wconf 84' lang='lat' dir='ltr'>et</span> <span class='ocrx_word' id='word_1_304' title='bbox 470 4282 593 4356; x_wconf 75' lang='grc' dir='ltr'><strong><em>φυκιόεις</em></strong></span> <span class='ocrx_word' id='word_1_305' title='bbox 620 4294 646 4339; x_wconf 84' lang='lat' dir='ltr'>et</span> <span class='ocrx_word' id='word_1_306' title='bbox 668 4282 792 4356; x_wconf 82' lang='grc' dir='ltr'><strong><em>κειγιόεις</em></strong></span> <span class='ocrx_word' id='word_1_307' title='bbox 808 4289 939 4342; x_wconf 82' lang='lat' dir='ltr'>Homerus</span> <span class='ocrx_word' id='word_1_308' title='bbox 966 4288 1101 4356; x_wconf 84' lang='lat' dir='ltr'>epenthesi</span> <span class='ocrx_word' id='word_1_309' title='bbox 1126 4272 1265 4343; x_wconf 66' lang='lat' dir='ltr'>literae&#39;i</span> 
     </span>
     <span class='ocr_line' id='line_1_38' title="bbox 138 4374 315 4441; baseline 0 -14"><span class='ocrx_word' id='word_1_310' title='bbox 138 4374 189 4427; x_wconf 88' lang='lat' dir='ltr'>hnc</span> <span class='ocrx_word' id='word_1_311' title='bbox 207 4376 315 4441; x_wconf 81' lang='lat' dir='ltr'>aptavit.</span> 
     </span>
    </p>
   </div>
   <div class='ocr_carea' id='block_1_4' title="bbox 0 0 1383 4778">
    <p class='ocr_par' dir='ltr' id='par_1_5' title="bbox 0 0 1383 4778">
     <span class='ocr_line' id='line_1_39' title="bbox 0 0 1383 4778; baseline 0 0"><span class='ocrx_word' id='word_1_312' title='bbox 0 0 1383 4778; x_wconf 95' lang='lat' dir='ltr'> </span> 
     </span>
    </p>
   </div>
  </div>
 </body>
</html>
