2736 4778
393 348 452 415 nn
473 350 674 418 nroooru.
720 352 753 419 c.
775 354 802 420 ι
823 356 841 440 p
864 357 894 421 ν.
984 352 991 365 “
1134 360 1197 425 ιιι

79 510 198 575 minum
220 512 253 576 in
276 512 419 578 omnibu·
441 482 584 580 numeris
607 500 825 598 inaequalitas.
869 517 953 583 Vere
985 520 1113 600 quidem
1146 521 1199 587 ille

79 631 108 694 p.
134 612 195 678 110
217 617 276 679 νῶι
298 614 353 680 καὶ
376 620 465 702 σφῶν
489 613 546 681 οὐκ
569 612 764 697 ἀκόλουθοι,
785 618 874 685 καθὸ
898 614 992 687 οὐδὲν
1015 622 1128 687 duilon
1151 621 1200 704 εἷς

81 711 232 803 ῖλὴγιι,
254 734 313 781 nec
333 722 440 783 tamen
462 718 523 784 dici
537 720 662 801 poterit
685 720 768 786 unde
784 726 893 786 natum
916 722 973 800 sit3
995 722 1035 787 ab
1057 724 1123 789 iota
1144 726 1199 791 ‹le-

80 818 296 897 monstrativo,
322 837 385 902 quo
408 819 619 902 Goettlingius
641 822 681 886 de
702 821 775 888 Aoa.
787 820 850 888 366
872 824 1011 889 anirnum
1032 824 1199 907 referebat,

79 938 141 984 non
164 920 265 985 solum
286 939 436 987 mensura
457 920 576 1002 differt,
599 924 670 1003 sed,
694 924 778 1006 quod
800 925 927 1007 gravia
949 931 1014 1006 est,
1045 927 1199 1009 significa·

80 1022 165 1087 tione
189 1020 230 1105 [r.
253 1040 350 1104 supra
370 1044 400 1107 p.
422 1022 488 1109 48].
1018 1099 1025 1111 ,

166 1124 377 1191 Buttmannus
400 1126 417 1210 ἓ
441 1125 482 1191 72
511 1127 624 1193 adn.5
657 1128 704 1193 ita
736 1126 916 1207 statuebat,
949 1128 1104 1211 disyllaba
1135 1133 1199 1213 pri·

80 1227 189 1292 mitiva
210 1227 243 1293 in
267 1231 325 1312 νῷ,
360 1230 436 1315 σφῷ
459 1233 639 1309 manacta,
672 1230 745 1295 hinc
777 1235 885 1295 autem
922 1226 987 1311 νώ,
1022 1228 1099 1317 σφώ
1130 1239 1201 1300 orta

80 1347 151 1395 esse
174 1348 250 1396 sono
272 1334 450 1408 attenuato,
484 1335 515 1395 ct
547 1349 605 1413 pro
627 1331 771 1414 exemplo
792 1333 959 1414 utriusque
992 1335 1200 1414 corruptionis

80 1428 173 1497 affert
206 1432 388 1497 adverbium
428 1430 539 1519 πρωί
576 1428 684 1518 apsi,
723 1433 807 1514 quod
839 1433 964 1498 Platoni
996 1434 1138 1516 impertit
1168 1436 1201 1501 in

80 1531 208 1599 Critone
229 1532 280 1599 la.
303 1534 348 1613 Α,
380 1534 475 1617 idque
497 1552 517 1599 a
539 1534 666 1600 Timaeo
699 1539 732 1600 et
753 1535 966 1616 grammaticis
989 1536 1201 1602 commendari

80 1634 126 1700 ait
148 1632 400 1721 discrepantibus
426 1648 528 1699 tamen
560 1635 594 1699 ιἰι
616 1647 760 1717 occentu,
794 1646 884 1699 actuo
918 1658 960 1698 aa
993 1635 1115 1722 inflexo,
1158 1637 1203 1703 At

80 1755 154 1802 vero
175 1739 386 1819 grammatici,
420 1757 518 1821 quum
540 1738 579 1803 de
606 1738 666 1803 hoc
696 1739 846 1805 adverbio
868 1756 907 1803 ax
928 1736 1071 1820 professo
1093 1739 1201 1822 dispu·
1297 1753 1300 1757 ’

80 1844 163 1921 tant,
186 1842 377 1907 contrarmm
399 1840 573 1921 affirmant,
602 1837 690 1929 πρωί
710 1860 731 1905 a
751 1841 984 1924 praepositione
1007 1836 1074 1925 πρό
1098 1846 1201 1908 ortum

79 1961 150 2008 esse
163 1939 232 2007 κατ’
251 1941 418 2009 iniuratm
430 1940 589 2027 (ἔκτασιν)
605 1946 664 2031 τῆς
684 1944 711 2015 ἶ
732 1942 787 2010 καὶ
798 1942 882 2026 μιιὰ
895 1946 951 2009 τοῦ
973 1943 991 2011 ἶ
1003 1942 1075 2008 ΕΜ.
1088 1941 1159 2009 692.
1171 1941 1201 2022 4,

82 2050 139 2111 τοῦ
162 2043 249 2129 πρωί
271 2042 458 2132 συναίρεσίς
480 2045 550 2113 ἐστι
574 2045 611 2111 τὸ
633 2041 719 2133 πρῴ,
743 2045 796 2112 διὸ
819 2040 972 2124 ὀξύνεται
984 2043 1081 2125 snit,
1103 2045 1202 2111 omni·

78 2147 202 2229 busque
224 2148 389 2214 dissertior
411 2147 506 2215 schol.
528 2148 583 2215 Ar.
605 2148 683 2213 Avv.
709 2145 768 2212 132
792 2146 867 2235 πρῴ
889 2145 927 2211 τὸ
962 2141 1094 2211 dcccxiv
1126 2141 1202 2226 ὀξύ·

78 2274 167 2316 vacat
190 2248 245 2317 καὶ
266 2246 305 2316 τιν’
325 2252 347 2321 ι’
369 2250 435 2333 ἔχει
459 2247 611 2333 &aaroni
634 2247 725 2336 πρωί
753 2245 927 2335 γινόμενον
959 2242 1004 2326 ὥς
1037 2244 1108 2315 ἀπὸ
1140 2254 1202 2332 βα-

80 2348 172 2439 ρειάς
194 2352 251 2419 καὶ
273 2348 384 2433 ὀξείας
407 2349 452 2433 ὡς
474 2353 511 2419 ιὸ
535 2348 659 2431 ἓσταώς
681 2349 794 2433 ἑστώς,
818 2350 933 2433 quibus
949 2351 1033 2433 quod
1044 2352 1204 2417 antecedit
1274 2350 1277 2356 ’

79 2453 117 2518 τὸ
141 2455 178 2522 δι’
200 2462 276 2543 πρῴ
299 2459 522 2541 capranicae,
555 2456 673 2522 rectius
706 2455 792 2537 apud
814 2452 933 2519 Suidan
966 2453 1120 2549 scriptum
1153 2458 1203 2518 est

80 2557 117 2623 ιὸ
142 2556 179 2625 δὲ
201 2562 302 2646 appio,
326 2577 360 2622 v.x
376 2556 513 2624 Meinek.
536 2556 760 2625 adCholiamb.
786 2554 855 2622 165.
899 2553 982 2621 Hinc
1004 2554 1201 2636 intelligitur,

81 2656 157 2747 πρώ
179 2666 212 2727 et
234 2665 308 2745 πρῶ
330 2660 467 2727 librariis
479 2660 648 2729 tribuenda
669 2678 740 2727 esse
761 2660 827 2725 iota
847 2648 1006 2723 ineffabile
1021 2656 1202 2723 adscribere

79 2760 322 2828 fastidientibus.
365 2762 490 2831 Ectasis
512 2766 567 2831 illa
599 2762 842 2847 praepositionis
875 2765 1009 2843 apparet
1040 2761 1138 2826 etiam
1169 2760 1203 2825 in

80 2864 262 2946 compositis
284 2865 487 2953 πρωπέρυσι·
504 2872 538 2933 et
560 2866 780 2951 πρωιέλιιος,
810 2862 958 2945 solusque
981 2866 1129 2927 accentus
1153 2880 1202 2927 or·

23 2978 25 2985 ’
81 2967 187 3033 dinem
208 2966 385 3050 egreditur;
418 2986 491 3032 nam
513 2986 611 3050 quum
632 2973 740 3033 cetera
761 2964 912 3031 adverbia
932 2962 1089 3044 bisyllaba
1118 2963 1151 3026 in
1177 2963 1201 3043 ῖ,

77 3061 133 3157 ἶφι
156 3064 256 3156 νόσφι
279 3073 337 3135 etc
359 3074 530 3150 graventur
543 3070 665 3153 omnia,
689 3064 909 3154 σεσημείωται
931 3065 969 3131 τὸ
998 3060 1090 3151 πρωί
1124 3057 1201 3141 ὀξυ-

84 3168 220 3255 vulpam
243 3169 431 3253 Theognosi„
459 3168 527 3236 159.
552 3168 602 3252 26,
625 3188 723 3252 quare
744 3168 816 3235 EM.
840 3167 912 3233 607.
934 3168 974 3233 21
1000 3160 1202 3250 ἆναλογώιι-

80 3297 136 3361 ρον
158 3271 196 3337 τὸ
221 3268 312 3359 παρὰ
337 3278 382 3362 τῷ
405 3279 527 3363 ποιητῇ
550 3276 653 3358 apoto,
686 3271 895 3355 quodminus
918 3268 1036 3351 liquido
1064 3263 1202 3331 affirmat

80 3374 265 3456 Apollonius
286 3372 349 3440 573
373 3372 430 3441 καί
452 3400 536 3454 τινες
557 3370 738 3462 ἀνέγνωσαν
760 3373 798 3439 τὸ
821 3369 912 3459 πρωί
934 3366 968 3438 ἔν
994 3365 1116 3458 βαρείᾳ
1142 3364 1199 3433 ια’-

81 3503 134 3545 σιι
156 3478 176 3542 i.
199 3495 226 3543 e.
250 3481 349 3561 πρῶι,
382 3478 478 3561 idque
499 3478 667 3544 Boklrerus
688 3476 816 3559 vulgato
839 3469 929 3559 πρωί
965 3469 1130 3535 substituit
1161 3468 1203 3554 [ι.

83 3599 114 3662 p.
136 3577 178 3644 47
202 3583 235 3644 ot
255 3578 343 3665 229}
359 3618 395 3628 -
414 3579 504 3658 Quod
526 3580 654 3664 quidam
675 3578 795 3660 opinati
818 3578 900 3653 sunt,
921 3571 1056 3638 eundem
1078 3576 1204 3653 poetam

84 3677 257 3765 ἆχνῦμενοί
278 3706 353 3768 περ
382 3678 516 3765 ἑταίρου
536 3682 573 3747 ΙΙ.
594 3681 654 3747 XV
676 3678 736 3746 651
761 3676 876 3742 dixisse
898 3692 956 3757 pro
990 3677 1070 3761 περί
1098 3674 1205 3740 ablata

82 3803 141 3867 per
163 3801 320 3867 syncopen
342 3784 528 3866 (apocopen)
550 3782 650 3849 vocali
672 3786 708 3847 ut
731 3778 799 3865 πὰρ
826 3774 926 3864 Ζηνί,
962 3778 1120 3843 montione
1152 3775 1205 3839 uix

84 3887 213 3969 dignum
233 3886 372 3964 videtum
394 3886 606 3952 memorabilis
628 3901 702 3949 vero
723 3879 965 3964 praepositionis
988 3877 1146 3959 corruptio
1168 3876 1201 3941 in

84 3988 248 4073 synthetis
271 4005 353 4070 quae
374 3987 473 4053 allata
494 3994 569 4055 sunt
588 3971 622 4053 i'n
642 3984 775 4051 ulemm.
797 3981 814 4047 I
835 3980 899 4047 290
909 3982 941 4063 ¹).

156 4230 183 4289 l)
200 4227 266 4284 Aridi
282 4232 412 4297 poterant,
430 4242 498 4294 quta
523 4226 643 4279 nonnulli
659 4223 791 4289 Aeschylo
820 4221 970 4287 unguenta
997 4213 1152 4288 ἄπιροννιοι,
1177 4232 1204 4272 v.
1329 4262 1332 4267 .

49 4302 52 4306 ⁴
86 4316 185 4371 Partll.
203 4314 264 4381 258,
280 4321 308 4369 at
324 4309 506 4386 περιβάλονιο
524 4312 619 4382 agana
637 4306 713 4365 1106.
743 4309 952 4380 Πιριισιιαρχος
975 4304 1053 4373 plana
1079 4304 1205 4371 scriptum
