2736 4778
174 359 222 430 aa
362 344 367 353 ’
569 360 847 429 orssasrnrro
879 360 934 431 vu
1048 394 1051 399 -

184 519 349 611 λιώφιλιις
369 523 402 587 in
423 522 540 589 Archil
562 522 615 589 Fr.
638 522 720 590 CXC
742 523 906 621 (LXXIII)
932 530 983 591 ter
1003 525 1176 607 repetitum
1196 529 1233 591 et
1256 543 1309 592 or-

184 625 256 691 dine
277 625 402 691 inverso
414 627 593 705 Μενέλεως
611 628 696 708 apud
718 628 863 711 magicos.
878 663 913 674 —
928 625 1162 693 LitemIacIunt
1173 628 1309 710 genitivi

183 728 401 794 declinationis
422 730 547 811 primae
566 729 671 795 Ionici
732 730 835 796 Hodie
864 732 991 797 deserta
1023 735 1074 795 est
1099 730 1309 797 metricorum

184 831 380 914 quorundam
403 831 516 913 opinio,
532 829 736 920 Πηληιάδεω
758 834 804 898 ita
824 832 1066 915 pronunciatum
1088 848 1168 912 esse,
1191 838 1231 897 ut
1253 852 1308 899 vo-

183 934 267 1000 cales
289 935 315 1019 ᾗ
337 940 371 999 et
393 937 419 1004 ἰ’
441 935 473 999 ln
494 952 591 999 unam
612 941 726 1002 coeant
747 935 914 1019 syllabam,
937 934 1060 1017 epsilon
1081 940 1188 1000 autem
1210 952 1308 1003 auum

182 1037 344 1118 proprium
367 1053 478 1101 sonum
499 1036 645 1117 retineat
678 1056 707 1104 v.
730 1037 860 1104 Trichas
881 1056 912 1119 p.
934 1035 985 1116 44,
1008 1054 1111 1118 neque
1132 1037 1165 1102 id
1188 1035 1307 1105 confir·

183 1139 263 1204 mari
296 1142 403 1220 potest
434 1144 541 1204 vetere
573 1138 708 1206 lectione
743 1139 802 1207 Od
824 1137 935 1206 XXIII
956 1137 1019 1205 322
1043 1132 1094 1225 ἠδ’
1119 1133 1165 1216 ὡς
1184 1133 1308 1207 maso

184 1236 287 1324 δόιιιιι
309 1235 449 1328 ἤλυθεν,
483 1259 557 1305 narn
578 1240 630 1307 hic
650 1260 734 1308 nunc
756 1261 793 1308 ex
815 1242 904 1308 Harl.
926 1248 1088 1324 receptum
1109 1247 1160 1307 est
1182 1236 1236 1330 ἠδ’
1263 1237 1309 1323 ὥς

184 1339 233 1423 εἷς
252 1339 378 1424 Ἀΐδεω,
400 1362 462 1426 quo
484 1344 601 1410 vocalis
615 1343 689 1410 huic
701 1345 1053 1429 terminationipropria
1064 1344 1105 1410 ad
1116 1350 1305 1412 consuetum

183 1448 275 1512 redit.
319 1447 509 1513 Incolumem
531 1447 670 1513 servarit
681 1445 891 1513 Callimachus
912 1448 945 1512 in
967 1453 1165 1530 pentametro
1188 1450 1247 1513 νῦν
1270 1447 1307 1516 dl

76 1570 81 1578 ’
183 1548 434 1636 Δινσιιουρίὸνιι
458 1547 549 1636 γενεή
566 1550 618 1615 Fr.
637 1547 760 1615 cxcn.
805 1548 869 1615 Sed
890 1551 1017 1644 saepius
1039 1547 1077 1615 iit
1097 1549 1308 1617 antecedente

183 1652 282 1718 vocali
293 1653 481 1734 praesertim
503 1653 582 1718 iota:
595 1648 1180 1740 Epapdlaar.SImonid.Anth.V1125‚
1202 1654 1305 1739 γαλα-

183 1753 273 1836 tium,
304 1753 342 1820 ci.
364 1754 498 1820 Elemm.
520 1753 537 1819 1*
558 1750 637 1834 256,
659 1759 732 1836 post
754 1754 874 1836 epsilon
896 1757 971 1821 vero
993 1753 1159 1821 abdcitur:
1182 1756 1306 1844 Βορέω

52 1886 54 1890 ’
183 1863 251 1937 eta,
274 1877 302 1922 v.
325 1856 458 1923 Bredor.
481 1855 562 1922 Dial.
580 1856 697 1922 Herod.
713 1854 777 1922 219
789 1857 830 1940 *).-
845 1894 879 1905 -
896 1855 1113 1924 Genitirorum
1134 1858 1306 1940 pluralium

183 1962 271 2027 varia
293 1979 350 2043 pro
373 1959 523 2042 cuiusque
545 1959 656 2025 habitu
678 1958 890 2026 conformatio.
935 1958 973 2029 Iu
994 1959 1201 2027 substantivis
1212 1979 1305 2044 ,pure

184 2063 371 2129 exeuntibus
404 2062 525 2146 epsilon
555 2081 627 2130 cum
659 2062 759 2128 vocali
791 2060 879 2128 finali
900 2061 1109 2134 contrahitur:
1143 2068 1305 2151 παρειῶν,

183 2169 329 2243 κλισιῶν,
363 2165 518 2248 quomodo
550 2184 633 2232 nunc
665 2162 792 2249 quidem
825 2163 974 2230 scribitur
1004 2184 1062 2247 pro
1083 2166 1251 2247 κλισιέων,
1272 2172 1306 2233 ot

182 2269 276 2352 vulgo
308 2269 341 2333 in
363 2267 403 2332 H.
425 2264 465 2332 H.
488 2268 520 2332 in
542 2267 611 2333 Cer.
633 2266 705 2333 313.
764 2267 943 2333 Anteeunte
976 2285 1113 2334 consona
1144 2266 1305 2337 Homerus

183 2371 305 2454 epsilon
315 2389 373 2453 per
395 2370 551 2454 synizesin
563 2369 669 2436 effert:
693 2364 852 2444 ὀθονέων,
876 2366 1052 2455 ἐφετμέων,
1062 2370 1195 2460 θυρέων
1211 2378 1248 2440 et
1261 2373 1306 2440 sie

184 2474 316 2540 πυλέων
328 2491 453 2555 quoque
474 2478 605 2555 excepto
615 2473 754 2539 IIVIII
780 2464 825 2552 ilc
847 2466 952 2539 εἰπὼν
963 2473 1099 2554 πυλέων,
1121 2475 1176 2541 ubi
1198 2476 1304 2560 trisyl-

182 2576 290 2641 labum
312 2582 370 2655 est,
394 2575 477 2656 quod
488 2575 690 2642 Thierschius
701 2575 843 2657 exemplo
855 2574 1000 2657 ambiguo
1013 2574 1050 2655 ἐξ
1060 2573 1306 2667 ἀρέωνμηιρός

184 2678 526 2743 adversusBentleium
548 2677 696 2745 defendit.
741 2679 853 2745 Crasin
875 2678 972 2743 subdt
983 2678 1083 2768 ῥιζῶν
1094 2679 1304 2762 numera,

185 2798 243 2845 nec
265 2779 600 2861 mutavitDindorfiuS,
624 2782 789 2846 Bekkerus
813 2799 887 2846 vero
910 2799 980 2845 cum
1004 2780 1170 2864 Spitznero
1191 2784 1305 2874 ῥιζένιν

184 2888 293 2948 contra
326 2882 457 2948 codices.
512 2884 612 2949 Nemo
646 2884 826 2948 sollicitavit
860 2886 980 2966 δμωιῦι
1003 2883 1060 2949 Od.
1084 2884 1161 2949 XIX
1187 2884 1249 2950 120
1271 2891 1305 2950 et

99 3058 105 3067 ,
183 2988 325 3065 Σιιιιιιῦν,
360 2985 444 3065 quod
469 2991 584 3051 natura
607 2986 795 3050 adieetivum
822 2990 880 3051 est.
946 2985 1069 3052 Pariter
1102 2992 1305 3055 controversa

184 3094 259 3152 smrt
280 3087 443 3153 adiectiva.
489 3087 632 3170 Orytona
654 3088 781 3168 quidem
803 3088 835 3152 in
857 3086 1006 3154 feminino
1019 3108 1134 3172 genere
1145 3091 1305 3173 accipiunt

184 3191 304 3271 epsilon
337 3189 472 3270 spuizesi
505 3190 721 3255 obscuratum:
746 3184 872 3257 αιἰιέων
894 3191 930 3257 11.
956 3192 1020 3257 XII
1041 3191 1115 3274 424,
1149 3194 1304 3262 πολλέων

183 3292 214 3359 Η
230 3291 287 3356 131
302 3296 370 3369 etc,
383 3292 555 3372 eodemque
568 3291 769 3357 Thierschius
782 3281 941 3359 revocavit
952 3293 1113 3380 ἀργεννῶν
1124 3295 1234 3361 XVIII
1240 3295 1304 3362 529

183 3394 418 3459 obsecundante
440 3394 602 3475 Bekker03
634 3394 788 3460 intactum
822 3397 924 3461 adhuc
957 3394 1053 3481 ἱερῶν
1081 3393 1151 3464 ἀπὸ
1174 3399 1305 3487 πηγέων

183 3496 223 3561 Η.
246 3495 286 3560 Η.
309 3496 341 3559 in
363 3496 465 3577 Apoll.
488 3497 560 3577 263,
584 3499 726 3563 σκολιῶν
750 3498 786 3565 δὲ
809 3501 909 3566 δικῶν·
932 3501 1005 3583 (sic)
1028 3500 1103 3565 Hes.
1126 3498 1205 3582 Opp.
1229 3499 1304 3581 264,

183 3598 240 3663 sed
263 3598 347 3679 apud
370 3600 542 3665 Homerum
564 3596 668 3682 ipsum
689 3601 725 3666 Il.
749 3600 852 3667 V818
874 3620 975 3683 nuper
997 3602 1172 3667 Aristarchi
1194 3609 1304 3670 aucto-

183 3701 277 3766 ritate
313 3696 383 3765 ἀλλ’
408 3699 456 3768 ἔτι
486 3705 568 3769 σέων
596 3715 759 3792 μέμνημαι
792 3705 958 3793 ἐφετμέων
991 3705 1152 3771 subditum
1174 3712 1225 3772 est
1246 3726 1305 3789 pro

183 3808 264 3886 σῶν,
300 3804 401 3870 simile
434 3806 605 3871 masculino
638 3808 830 3888 pronominis
852 3808 1069 3891 interrogatiri
1091 3801 1120 3872 d
1139 3833 1199 3893 μοι
1227 3806 1304 3892 ἐγώ,

183 3908 265 3976 τέων
289 3902 368 3976 αὖτε
389 3913 519 3996 βροτῶν
542 3908 575 3988 ἐς
597 3915 691 3996 γαῖαν
713 3907 828 3992 {adanu
852 3910 909 3976 Od.
932 3911 978 3976 Vl
1002 3908 1175 3992 11111111
1197 3910 1262 3977 200
1285 3932 1306 3978 u

183 4076 262 4084 -—-

253 4170 281 4234 l)
309 4170 336 4221 Ε
350 4187 455 4221 rra-mero
473 4171 602 4234 „fortasse
620 4170 816 4226 reddendorum
843 4170 892 4224 luoe
904 4171 1030 4241 pertinet:
1057 4168 1172 4235 „edua
1191 4182 1305 4226 accentu

182 4261 312 4309 retroacto
330 4258 480 4311 Buttmann.
502 4260 526 4320 5.
544 4256 578 4310 52
597 4277 622 4325 p.
640 4254 692 4312 aad
711 4251 798 4324 (Ἴδεω
816 4261 903 4325 Hom„
932 4258 1031 4313 Μίδεω
1049 4258 1168 4324 Herod),
1197 4260 1245 4311 sed
1262 4276 1305 4311 re·

182 4349 284 4408 pugnat
300 4343 422 4412 nopro‘t
1206 4364 1214 4375 ·
