2736 4778
177 295 252 382 176
539 287 858 358 DISSERTATIO
893 287 921 352 I.

175 478 283 546 Ionius
303 464 405 542 Pron.
428 498 461 562 p.
485 475 526 542 73
549 498 598 560 sq.
620 473 724 540 auctis
745 473 953 540 ιδααυιαιειι
982 467 1019 538 αἱ
1044 468 1296 540 dedicator-sol

85 567 87 570 ‚
177 577 363 671 ἀφαιροῦσι
384 577 447 671 καὶΙ
462 577 711 660 πλεονάζουσιν,
734 570 833 662 ἑορτή
855 569 952 662 ἀρτή,
974 573 1148 675 λιῦ-δέλω,
1169 570 1297 659 τρόμος

176 684 350 768 τέτρομος,
372 680 413 745 de
428 701 494 764 quo
510 678 591 744 EM.
602 675 676 752 560,
687 674 739 740 32.
758 667 1012 760 προςέρχεταιη
1032 697 1070 740 τι
1088 672 1238 761 συλλαβὴ
1262 671 1297 741 ἐν

176 785 224 870 τῷ
242 781 477 867 τέτρομος“).
511 773 742 843 Trementibus
763 773 884 839 similes
906 783 982 839 sunt
1001 796 1053 840 res
1077 775 1242 861 pendulae
1264 785 1297 840 et

176 893 327 949 nutantes
341 893 379 947 ut
392 882 503 947 lances
517 878 618 944 libras
633 876 701 941 sive
716 872 872 954 τάλαντα,
886 874 975 940 unde
989 872 1190 955 ταλαντεύω,
1203 876 1297 962 cujus

177 1081 323 1166 ἔτρεμεν,
344 1080 584 1168 Ἕτανταλλσθη
607 1078 747 1166 ἐσείσθη
770 1081 853 1146 Hes.
875 1090 909 1146 et
929 1076 1146 1168 quodjnagis
1167 1078 1295 1156 mirum,

178 1203 325 1248 consona
353 1204 486 1267 quoquo
512 1191 726 1247 commutatur
752 1181 787 1245 in
808 1178 1012 1260 τανθαλάζει
1038 1187 1071 1243 et
1090 1176 1296 1266 τανθαρδζει

179 1280 305 1349 Techn.
326 1282 400 1349 232.
446 1282 548 1365 Quod
569 1304 646 1348 vero
667 1284 833 1348 Homerus
855 1281 937 1346 dixit
957 1278 1042 1359 Ζεὺς
1071 1275 1215 1348 ἐτίταινε
1236 1278 1295 1347 τά·

177 1383 281 1450 λαντα
304 1406 371 1449 non
393 1384 471 1450 satis
493 1393 543 1450 est
565 1384 609 1449 ad
627 1383 834 1471 probandam
851 1393 996 1447 veterum
1014 1379 1205 1467 opinionem
1213 1381 1294 1448 ΕΜ.

180 1484 253 1563 744,
273 1485 304 1550 4.
325 1483 488 1552 τάλαντον
510 1507 570 1572 per
590 1485 785 1551 metathesin
807 1507 848 1550 ex
869 1479 1030 1549 τάυταλον
1053 1480 1209 1559 extitisse,
1231 1481 1295 1546 hoo

178 1596 288 1652 autem
310 1609 330 1650 a
351 1588 453 1653 ταίνω
471 1587 648 1651 derivatum
664 1608 746 1665 esse,
769 1607 829 1673 pro
846 1606 913 1671 quo
929 1581 1063 1650 τιταίνω
1081 1581 1155 1648 dici.
1190 1583 1294 1648 Nam-

179 1707 244 1771 que
266 1707 385 1751 nomen
408 1686 489 1750 illud
510 1687 609 1752 affine
631 1696 681 1751 est
700 1685 808 1752 verbis
829 1687 964 1775 τλῆναι,
985 1679 1148 1762 ταλάσαι,
1171 1685 1294 1760 tollere,

179 1787 399 1875 suspendere,
429 1786 525 1851 aliam
555 1809 632 1852 vero
661 1788 796 1874 stirpem
824 1785 946 1851 habent
965 1785 1079 1862 τείνω,
1100 1781 1225 1873 τανάω,
1247 1811 1296 1852 τι·

179 1885 282 1954 ταίνω
304 1898 337 1952 ct
358 1909 441 1973 quae
463 1887 539 1952 hinc
560 1888 708 1974 pendent
722 1889 857 1968 τέτανος
873 1897 905 1952 et
921 1881 1067 1962 τετανάς.
1095 1885 1128 1948 Α
1143 1882 1294 1951 librando
1355 1920 1358 1927 ·

179 1986 269 2053 haud
298 1988 396 2074 longe
424 1986 519 2054 abest
544 1987 671 2053 vibrare
698 1985 839 2056 πάλλειν
868 2000 900 2053 et
928 1979 1148 2065 octacilius,
1175 1984 1294 2072 quibus

178 2089 214 2155 in
234 2090 315 2158 ΕΜ.
338 2089 411 2169 650,
433 2091 464 2156 3.
487 2089 677 2176 adjungitur·
699 2110 818 2154 nomen
836 2077 947 2174 πάλη,
962 2077 1003 2173 ἣν
1024 2080 1056 2151 oi
1079 2080 1208 2153 ἀντικοὶ
1229 2113 1296 2155 πα-

146 2231 148 2236 *
179 2190 310 2277 σπάλην
331 2192 504 2258 καλοῦσιν·
526 2188 597 2258 ἔστι
619 2191 656 2258 δὲ
680 2188 718 2256 τὸ
741 2188 1048 2274 λεπτομερέστατον
1068 2188 1128 2254 τοῦ
1152 2180 1295 2276 ἀλεύρου

180 2285 251 2356 ἀπὸ
278 2294 338 2357 τοῦ
365 2283 630 2356 ἀποπάλλεσθαι
659 2290 696 2357 ἐκ
722 2295 782 2357 τοῦ
810 2285 970 2373 ἀλεύρου·
1001 2286 1061 2352 sed
1089 2286 1220 2373 p.661,
1244 2290 1293 2354 16.

179 2389 221 2454 ad
243 2388 366 2458 πάσσω
387 2388 532 2454 refertur.
577 2387 662 2454 Cum
691 2387 895 2475 τετρεμαίνω
914 2390 1132 2455 Buttmannus
1160 2410 1292 2478 compa-

177 2500 229 2554 rat
250 2487 427 2573 βεβρώθω,
450 2513 515 2574 quo
535 2489 641 2556 lentos
662 2512 789 2556 morsus
804 2490 1029 2556 manducantis
1045 2490 1184 2565 indicari
1201 2502 1295 2579 putat
1319 2518 1322 2524 ·

178 2591 398 2675 conjecturam
430 2600 588 2677 sequutus
621 2603 672 2657 sat
704 2590 922 2679 probabilem3
954 2615 1030 2657 nam
1061 2614 1081 2656 a
1111 2614 1294 2681 synonymo
1331 2598 1334 2603 ’

177 2690 302 2776 γραίνω
315 2690 338 2754 i.
351 2713 383 2775 q.
398 2688 505 2758 ἐσθίω
520 2692 653 2758 ductum
669 2702 719 2758 est
735 2716 854 2760 nomen
866 2690 1046 2778 γάγγραινα
1062 2693 1084 2757 i.
1097 2715 1129 2778 q.
1144 2690 1295 2783 φάγαινα

179 2790 247 2855 sive
263 2789 449 2877 φαγέδαινα
472 2792 656 2858 carcinoma
677 2816 822 2882 serpens,
845 2804 878 2858 et
899 2815 919 2856 a
937 2789 1056 2862 δάπτω
1079 2791 1272 2876 δαρδάπτω.

263 2894 290 2976 ξ.
312 2890 342 2957 9.
391 2892 486 2958 Haec
518 2905 626 2959 autem
656 2895 706 2960 vis
738 2894 941 2983 repetitionis
973 2893 1208 2979 frequentativa
1241 2896 1293 2959 vel

65 2998 69 3003 ’
179 3015 377 3079 quocunque
402 2995 534 3061 nomine
563 2995 762 3083 appellanda
788 3006 913 3061 veteres
943 2994 1019 3058 artis
1048 3004 1197 3061 auctores
1225 3017 1293 3060 non

178 3095 354 3182 praeteriit.
404 3096 460 3163 sic
493 3097 579 3162 enim
609 3097 678 3175 ille,
713 3119 811 3184 quem
844 3095 879 3160 in
910 3095 984 3183 ipso
1014 3096 1111 3182 hujus
1139 3106 1294 3162 mactatus

177 3196 337 3263 vestibulo
363 3197 542 3277 nominavi,
570 3198 674 3265 allatis
702 3197 903 3285 anadiplosis
930 3197 1093 3284 poeticae,
1123 3209 1161 3262 ut
1187 3209 1293 3275 vocat,

178 3299 335 3384 exemplis
354 3298 508 3364 continuo
533 3297 657 3374 subdit;
685 3298 861 3386 μιμητικοὶ
889 3298 953 3385 γάρ
980 3290 1073 3377 ἀυτες
1099 3295 1132 3365 oi
1153 3298 1295 3386 ποιηταὶ

176 3399 218 3465 τὰ
247 3403 388 3466 τοιαῦτα
416 3393 671 3485 ἐπιτηδεύουσιν
696 3398 750 3464 ἵνα
775 3398 816 3465 τά
847 3397 1032 3485 πράγματα
1067 3394 1294 3466 ιῖκονίσωσιν·

177 3491 216 3562 od
244 3497 306 3582 γὰρ
335 3493 451 3576 ἁπλῶς
478 3498 613 3584 λέγουσι
640 3498 677 3565 τὸ
712 3496 854 3581 ἐλέλιξεν
889 3494 964 3567 ἀλλ’
999 3498 1082 3567 ὅταν
1112 3497 1296 3586 ταχυτάτην

177 3593 306 3660 θέλωσι
340 3597 460 3680 δηλοῦν
492 3597 550 3686 τὴν
582 3598 724 3688 κίνησιν,
756 3598 814 3666 καὶ
846 3598 885 3666 τὸ
919 3597 1295 3685 προπροκυλινδόμενος

176 3698 511 3782 κατεσπουδασμένην
539 3701 651 3786 δέησιν
680 3699 738 3766 καὶ
765 3698 909 3786 πολλήν,
942 3700 1032 3783 quod
1055 3711 1088 3763 et
1107 3699 1293 3784 Dionysius

178 3791 316 3856 affirmat
340 3792 382 3857 de
406 3793 523 3882 Comp.
544 3799 624 3867 XV.
649 3800 720 3865 110.
743 3799 827 3884 (91.)
855 3822 917 3865 nec
944 3801 1109 3887 discrepat
1129 3801 1293 3887 interpres

244 3962 291 4031 ⁴3)
305 3960 374 4017 Cum
386 3964 441 4017 hoc
453 3962 529 4018 Gud.
542 3966 597 4029 17⁰,
611 3967 650 4018 ld.
663 3967 775 4020 confert
786 3965 956 4020 homericum
973 3969 1079 4039 ιλρερος
1094 3965 1169 4039 παρά
1182 3964 1211 4021 τὸ
1225 3971 1292 4038 erpo

177 4040 207 4097 τὸ
224 4047 295 4114 λέγω
313 4044 372 4101 κατ’
395 4045 656 4120 ἀναδιπλασιασμδν
676 4054 723 4104 καλ
746 4048 923 4122 ἀντίφρασιν.
954 4051 1044 4107 Paulo
1064 4052 1241 4125 probabilius
1259 4051 1289 4106 J.

178 4126 304 4267 Saadliger
319 4134 374 4188 hoc
393 4142 422 4188 et
445 4133 560 4188 latinum
583 4135 700 4191 eritado
719 4153 821 4191 nexum
840 4135 1041 4209 interpretatur
1061 4136 1137 4213 παρὰ
1157 4136 1186 4193 τὸ
1205 4141 1294 4210 εἴρειν

176 4229 206 4265 το
243 4222 346 4284 εσμεῖν.
