2736 4778
190 331 239 404 to
554 323 871 395 DISSERTATIO
908 325 936 392 1.

188 507 259 580 ἀττό
289 511 488 596 προθέσεως
513 507 586 579 ἀντὶ
613 518 674 601 τῆς
701 512 888 602 στερήσεως
912 513 1072 600 ζκιιμένρς
1107 506 1153 589 ὡς
1175 509 1216 578 ’ἐν
1254 516 1302 600 coi

188 606 443 701 ἀποκηδήσαντε
474 606 546 679 ἀντὶ
572 617 631 682 τοῦ
657 607 864 702 ἀκηόήααντι
898 611 954 681 καὶ
989 605 1158 696 ἀπότιμον
1183 607 1302 680 ἔθεντο

187 707 261 780 ἀντὶ
281 715 342 780 τοῦ
365 706 483 796 ἀτιμον
502 713 583 779 ΕΜ.
608 714 680 793 181,
702 714 754 781 28.
775 753 817 764 -
838 715 896 781 Ad
913 715 1045 782 alteram
1061 712 1302 800 speciemquse

187 815 367 902 pertinent,
402 814 547 881 vocalem
586 815 860 904 peremphcticom
895 817 1025 884 hebent
1079 812 1183 899 Cujus
1211 814 1303 901 apud

185 927 309 984 veteres
331 917 562 1014 aliquempiam
583 917 684 984 luisse
703 918 924 1006 suspicionem
944 928 1081 1009 apparet
1096 940 1138 984 ex
1153 939 1193 983 eo
1210 918 1302 1004 qnod

185 1019 296 1086 adn.
323 1005 388 1086 XL
419 1016 543 1086 184.
520 1045 573 1103 εχτ
606 1021 644 1089 δὲ
672 1020 849 1142 ρτιροττὴν
864 1020 951 1106 μετὰ
979 1021 1091 1108 χερσίν
1112 1019 1302 1088 adnotatum

159 1114 338 1210 llegimns=
365 1117 584 1245 Ἀρίσταρχος
611 1120 696 1207 μετὰ
729 1126 789 1191 τοῦ
821 1148 844 1191 α
877 1115 1081 1241 ἀατιροοήν,
1125 1132 1158 1188 et
1191 1122 1300 1190 denuo

68 1315 71 1318 .
185 1220 376 1314 ἀστεροπὴν
403 1217 552 1309 λέγει’
515 1247 555 1290 ον
575 1220 635 1309 τὴν
658 1217 969 1310 ἀποτιλοομὲνην’
955 1220 1129 1311 ἀστραπὴν
1154 1216 1297 1291 ἀλλὰ
1261 1247 1299 1291 το

184 1319 337 1411 ὄργανον.
381 1326 434 1390 Ac
453 1345 566 1390 verum
585 1334 634 1390 est
653 1325 835 1390 Homerum
857 1323 1016 1390 duobus
1007 1348 1041 1389 ιιι
1058 1318 1181 1391 locis'
1162 1349 1301 1411 αοτιρο·

184 1424 252 1516 τιήν
272 1449 389 1494 vocare
411 1427 511 1494 telum
531 1426 698 1493 trisulcum
713 1427 818 1505 Jovis,
841 1429 901 1495 den
915 1427 1117 1503 Douncrltril,
1139 1425 1300 1512 fulgorem

184 1550 260 1594 vero
282 1528 413 1617 saepius
435 1525 618 1617 στεροπήν,
650 1549 712 1593 nec
735 1550 879 1614 unquam
900 1538 1013 1594 contre
1035 1527 1104 1593 lieri
1126 1527 1206 1613 quin
1226 1525 1300 1592 libri

185 1627 387 1696 dissentiant
423 1628 558 1695 Interim
571 1628 781 1696 Muetzellius
804 1629 846 1695 de
867 1629 995 1716 Theog.
1015 1630 1089 1696 223.
1109 1629 1301 1717 ampliorem
1347 1635 1353 1639 '

183 1751 298 1797 vocem
316 1731 373 1797 illo
395 1731 470 1797 loco
492 1731 633 1820 positam
654 1742 766 1797 censet
790 1753 858 1798 non
880 1732 1097 1799 distinctionis
1119 1753 1217 1799 cause
1240 1730 1300 1796 sed

111 1874 113 1878 .
183 1843 221 1897 ut
242 1833 381 1918 majores
402 1855 518 1899 nervos
540 1830 675 1898 heberet
697 1854 810 1898 versus
839 1833 992 1899 clausula.
1041 1835 1076 1899 A
1096 1832 1197 1919 ττοίνη
1220 1853 1298 1920 pro·

184 1935 283 2001 cessit
309 1933 352 2002 τά
379 1928 519 2014 ἀποινα,
547 1935 641 2020 cujus
669 1934 718 1999 vis
746 1935 1019 2024 circumscriptior
1044 1945 1103 2002 est
1152 1936 1188 2000 A
1214 1936 1299 2020 λέγω

183 2036 365 2123 profectum
394 2047 445 2102 est
473 2029 580 2122 ἀλέγω
603 2035 850 2123 significationis
876 2037 1062 2104 discrimine
1081 2057 1190 2120 neque
1208 2036 1298 2102 nullo

183 2159 291 2223 neque
312 2149 402 2204 tanto
425 2149 462 2204 ut
483 2140 672 2205 commutari
693 2161 758 2204 non
785 2140 924 2227 possint
956 2137 997 2204 In
1011 2137 1161 2204 Marcelli
1180 2136 1297 2225 Epigr.

182 2239 275 2325 App.
311 2261 343 2303 ιι.
375 2238 427 2303 50.
460 2262 490 2304 v.
520 2241 551 2306 6.
587 2238 621 2306 ἐν
652 2235 837 2320 ἀθανάτοις
869 2237 1042 2328 ἀλέγονται
1078 2240 1210 2306 luerunt
1241 2239 1299 2325 qui

183 2332 385 2408 ἀθανάτοισι
409 2341 558 2425 λέγονται
581 2340 795 2427 corrigerent3
817 2341 877 2408 sed
894 2343 1060 2429 vulgatum
1077 2353 1165 2408 recte
1181 2340 1296 2407 delen-

183 2437 232 2505 dit
251 2439 428 2509 Jacobsius
454 2440 589 2506 Pindari
616 2442 767 2530 exemplo
795 2441 829 2510 ἕν
850 2443 958 2522 solede
981 2440 1120 2529 Κάδμος
1143 2440 1201 2509 καὶ
1221 2445 1298 2528 Hp·

182 2539 260 2622 λεύς
289 2536 462 2627 ἀλέγονται
490 2542 553 2610 hoc
580 2553 632 2609 est
657 2542 864 2611 nominantur
890 2543 942 2610 vel
970 2553 1194 2620 numeruntur,
1228 2565 1295 2629 quo

153 2674 157 2683 ·
182 2641 347 2711 intellectu
367 2644 532 2711 Homerus
553 2643 652 2712 verbo
676 2646 781 2733 λέγειν
801 2645 910 2738 utitur,
934 2646 1118 2731 Aeschylus
1139 2643 1294 2712 adverbio

182 2740 413 2834 ἦμερολιγόόν,
431 2740 559 2831 ἀλέγειν
579 2757 687 2814 eutem
708 2757 741 2814 et
759 2748 903 2815 derivata
923 2747 966 2813 nd
984 2769 1056 2814 enm
1074 2746 1207 2814 deflexit
1227 2746 1296 2832 sig·

181 2846 400 2915 nificctionem
426 2869 524 2933 quem
548 2871 752 2937 peronymon
777 2848 973 2937 λογίζεσθαι
997 2848 1096 2915 habet
1126 2869 1188 2913 nec
1213 2846 1299 2912 ultre

102 2953 104 2957 ‘
181 2970 336 3040 praesens
356 2947 602 3037 declinavitss).
646 2952 783 3020 Veteres
802 2961 911 3019 tamen
934 2950 974 3017 de
995 2950 1059 3018 hoc
1080 2949 1180 3016 verbo
1202 2948 1296 3015 aliter

181 3062 342 3120 statuunt:
365 3042 472 3133 ἀλέγω
479 3053 614 3180 u,ceroci
610 3052 647 3122 τὸ
671 3055 756 3142 λέγω
774 3053 861 3140 μετὰ
883 3050 1156 3122 coventrense&
1177 3076 1199 3118 α
1167 3037 1294 3116 ΕΜ

180 3155 232 3235 58,
261 3155 314 3223 43.
338 3152 374 3222 το
405 3178 427 3221 ο
458 3158 514 3224 νῦν
539 3152 614 3225 κατ’
645 3152 829 3242 ἐπαυξησίν
859 3148 1009 3224 ἐστιν’
970 3178 1009 3222 οο
1032 3151 1118 3220 κατὰ
1141 3151 1298 3277 στέρρσιν

181 3257 278 3345 παρὰ
305 3255 342 3324 τὸ
372 3255 457 3341 λέγω
487 3256 525 3323 τὸ
555 3255 720 3344 φροντίζω
725 3257 857 3378 upim.
886 3255 914 3319 1.
946 3254 997 3319 85.
1025 3245 1243 3335 ἀλέγουσιν’
1223 3249 1299 3320 αντι

180 3362 240 3425 τοῦ
261 3356 469 3441 συλλέγουσι
493 3357 591 3444 δηλοι
612 3355 676 3443 γὰρ
698 3355 736 3422 τὸ
760 3380 783 3422 α
811 3354 849 3421 τὸ
872 3350 960 3435 ὁμου
944 3353 1056 3421 '‘Sch.
1071 3353 1138 3422 Od.
1150 3353 1210 3422 VI.
1222 3352 1297 3420 268.

180 3478 242 3524 nec
264 3456 393 3524 confido
419 3456 488 3525 lore
508 3466 545 3524 ut
568 3456 608 3523 de
629 3453 853 3545 superioribus
875 3475 987 3520 omnes
1008 3478 1135 3522 mecum
1155 3476 1297 3522 consen·

181 3557 271 3624 tiant
326 3558 394 3627 Sed
426 3580 499 3626 esse
530 3568 637 3627 temen
669 3554 841 3626 nonnullas
877 3577 992 3634 voces,
1031 3579 1180 3645 querum.
1199 3555 1297 3646 nlphs

186 3704 518 3719 *mm

231 3780 277 3847 41)
290 3777 463 3838 Contrarium
482 3778 647 3855 negligendi
667 3775 899 3853 significationem
918 3777 1004 3836 hebet
1022 3776 1112 3835 simile
1132 3778 1250 3834 verbnm
1266 3776 1295 3834 in

180 3863 289 3922 Musaei
306 3865 353 3922 Fr.
371 3865 507 3923 xxvm.
527 3870 569 3922 85.
589 3864 678 3930 sterce
696 3872 759 3940 τρία
781 3866 837 3938 μὲν
848 3872 943 3934 τίκτει,
964 3862 1016 3922 δύο
1035 3864 1066 3921 δ’
1084 3866 1201 3933 extruo,
1221 3864 1253 3920 ἓν
1264 3861 1292 3920 δ’

180 3949 298 4023 ἀλεγίζει
310 3948 470 4024 αι’Δλγὺνιι
482 3949 632 4025 (ilerum)
645 3952 788 4027 ἀφανίζει,
805 3954 856 4008 sed
869 3971 922 4026 pro
935 3951 985 4008 illo
998 3951 1027 4007 in
1040 3951 1114 4007 Plut.
1126 3951 1198 4005 Mur.
1211 3967 1236 4005 ο.
1250 3948 1294 4005 88.

179 4034 315 4137 scriptum
333 4046 377 4094 est
392 4034 496 4110 ιῖλοράζ
481 4043 526 4110 cm
544 4039 589 4097 cui
605 4058 694 4114 prope
713 4040 854 4098 secedunt
862 4033 1014 4105 ’Λινδίαν
1030 4037 1176 4111 ἀφανίζειν
1186 4035 1253 4092 EM
1267 4043 1297 4091 et

178 4119 255 4177 Ἀλια
248 4119 311 4187 ’ζειν
320 4123 651 4201 &contemneretque
665 4127 706 4184 sic
718 4127 789 4184 illud
807 4127 885 4198 quod
897 4127 933 4180 de
945 4124 1039 4196 equile
1050 4121 1152 4179 dicitur
1165 4120 1297 4177 convenit

182 4223 244 4262 cum
255 4207 402 4283 Horspcll.
415 4210 452 4268 11.
468 4212 509 4269 88.
522 4232 551 4286 p.
567 4215 624 4271 ¹⁴0.
638 4216 714 4289 λίραξ
726 4221 823 4274 τίκτων
834 4215 897 4288 τρία
904 4208 980 4270 ιλιι
955 4229 985 4268 τι
994 4206 1069 4268 ἓν
1032 4229 1122 4282 μονον
1131 4210 1294 4281 λιιιλέγιιαι

182 4290 254 4350 τὰδ’
272 4287 343 4349 ἀλλα
355 4293 480 4370 δύονλᾷ,
1284 4334 1292 4345 .
