2736 4778
128 354 193 424 rso
506 353 785 449 nrssnammo
809 353 879 423 vn.

131 516 255 608 κηρόθι
276 520 414 604 μᾶλλον.
450 520 487 587 Id
510 520 678 603 dupliciter
700 521 799 603 accipi
821 526 937 604 potest,
959 523 1010 588 rel
1032 522 1080 587 sio
1100 521 1265 589 utXeno-

128 622 213 705 phou
236 623 314 688 dixit
347 622 403 689 τὸν
432 616 536 710 daupu
563 623 676 708 μεῖζον
708 626 767 711 τῆς
796 621 922 691 ἑαυτῶν
949 629 1060 714 ψυχῆς
1082 624 1262 716 ἐτίμησαν,

129 744 191 808 quo
213 731 316 792 sumto
334 723 462 815 ,κηρόθι
484 727 561 793 nihil
584 728 670 794 eliud
691 733 742 794 est
763 746 858 811 quam
875 727 1262 813 genitivusparsgogicns

130 833 167 894 ιιι
187 825 372 915 οὐρανόθι,
405 829 456 894 vel
488 830 572 895 idem
604 831 690 897 valet
723 830 881 897 adverbiis
913 831 1035 897 Latinis
1069 829 1260 914 cordicum,

128 929 308 996 modullc‘tua
331 937 365 999 et
386 931 509 999 Graeco
534 931 687 1015 ψυχὸθεν
709 934 776 1000 sive
798 934 975 1016 elegantius
998 933 1033 1001 ἐκ
1056 938 1187 1022 ψυχῆς.
1224 933 1261 1002 dn

130 1038 258 1118 θυμοῦ,
282 1033 317 1101 ἐκ
331 1031 461 1124 φρενός.
495 1035 649 1103 Hoevero
671 1039 699 1102 si
710 1037 906 1120 adoptamus,
928 1039 1057 1121 μᾶλλον
1079 1043 1139 1105 aut
1156 1037 1260 1104 abun·

128 1138 193 1218 dat,
214 1143 252 1203 ut
272 1137 473 1206 Hermannus
495 1141 610 1205 statuit
630 1140 713 1207 hunc
734 1141 837 1206 locum
859 1142 1018 1224 attingens
1041 1141 1083 1207 ud
1104 1140 1202 1208 llll.
1225 1141 1258 1207 in

129 1239 198 1308 Ger.
221 1238 300 1321 362,
334 1247 391 1308 aut
422 1242 464 1308 ad
486 1242 746 1325 significationem
774 1245 899 1326 positivi
932 1235 1025 1328 μ’άλα
1052 1243 1186 1324 recidit,
1221 1249 1258 1311 ut

129 1362 226 1426 saepe
249 1347 385 1426 θᾶττον,
409 1345 548 1434 tuost).

49 1536 52 1540 Δ
212 1447 356 1513 Eandem
377 1466 449 1514 cum
470 1448 519 1515 his
542 1447 804 1531 significationem
826 1450 886 1515 loci
900 1449 941 1519 ,ιιι
964 1471 1039 1535 quo,
1063 1450 1121 1517 sed
1144 1450 1252 1519 diver·

127 1570 196 1618 sam
230 1551 382 1634 originem
414 1551 788 1618 habetterminationum
813 1552 961 1618 localium
981 1553 1079 1618 tertia
1100 1557 1131 1624 σῖ
1152 1554 1257 1622 nomi·

127 1655 220 1721 nibus
241 1654 363 1737 primae
385 1654 574 1722 adhaerens:
595 1652 761 1739 Ὀλυμπία
781 1651 995 1736 Ὀλυμπίασι.
1032 1653 1082 1722 De
1102 1656 1166 1724 hoc
1177 1675 1257 1739 quo·

126 1777 189 1843 qne
210 1776 325 1842 genere
347 1757 516 1840 aliquando
538 1758 717 1825 dubitatum
749 1765 813 1839 est,
847 1759 972 1824 cumam
993 1758 1148 1826 orationis
1169 1762 1257 1842 porti

127 1861 368 1945 adscribendum
390 1865 425 1926 et
445 1878 508 1943 quo
528 1861 621 1927 modo
637 1861 836 1929 scribendum
860 1863 909 1927 sit.
953 1861 1089 1947 Utrique
1109 1864 1255 1945 quaesti·

127 1966 179 2033 oni
200 1964 371 2048 respondet
392 1965 616 2046 grammaticus
638 1967 670 2031 in
693 1965 764 2031 EM.
788 1965 838 2031 25.
864 1963 903 2030 13
926 1963 1043 2053 ἐπειδὴ
1066 1964 1106 2032 cd
1132 1960 1183 2045 εἷς
1197 1968 1256 2039 Ter

126 2065 336 2160 ἕπιῤῥήμαια
359 2067 475 2135 καὶτὰ
499 2065 546 2148 εἷς
571 2071 606 2140 Is]
631 2067 690 2156 τὴν
712 2064 814 2154 αὐτὴν
837 2064 1097 2154 παραλήγουσαν
1123 2066 1254 2156 quoldu-

127 2196 176 2240 ιιι
198 2171 254 2238 καὶ
277 2171 332 2237 τὸν
365 2166 466 2238 αὐτὸν
498 2169 594 2239 τόνον
626 2164 699 2240 οἷον
732 2169 869 2239 οἴκοθεν
902 2167 1034 2253 οἴκοθι,
1068 2170 1255 2257 Λεσβόθεν

126 2272 297 2359 Ascalon,
316 2271 778 2359 'Olvpm'odao'Olrpmloda
802 2272 870 2341 ἔδει
886 2270 1254 2363 καὶἎθήιηθενἊθή-

127 2402 212 2468 opor,
238 2373 370 2466 Θήβησι
392 2376 467 2460 etc‚'
501 2379 558 2445 sed
580 2380 670 2446 addit
690 2380 740 2445 his
762 2395 886 2462 quoque
908 2376 975 2442 iota
994 2377 1155 2443 adiectum
1182 2396 1255 2446 esse

127 2481 184 2550 διὰ
206 2480 244 2547 τὸ
267 2486 448 2565 συμπεσεῖν
469 2487 543 2562 ταῖς
564 2479 710 2562 ἷωινιιιαῐς
732 2486 888 2559 decosule.
933 2479 995 2545 Hic
1026 2479 1124 2561 igitur
1158 2480 1254 2564 sylla·

126 2587 200 2651 ham
224 2588 257 2657 10]
284 2586 394 2651 eodem
417 2587 484 2651 loco
506 2586 604 2652 habet
625 2607 686 2670 quo
710 2589 744 2658 d}
770 2590 802 2651 et
826 2590 892 2657 'eid
936 2583 985 2649 De
1007 2582 1157 2649 merismu
1180 2601 1253 2650 cou-

128 2691 225 2755 sentit
248 2688 435 2754 Schaelerus
458 2689 498 2752 ad
520 2688 612 2770 Greg.
640 2688 710 2769 168,
733 2690 799 2754 iota
821 2693 927 2754 aulem
949 2686 1164 2751 necessarium
1195 2687 1253 2753 du·

127 2793 170 2858 cit
191 2810 254 2857 nou
276 2791 377 2857 solum
398 2791 457 2870 his,
482 2791 538 2855 sed
561 2791 657 2856 etiam
680 2791 742 2856 illis
764 2792 797 2855 in
818 2793 887 2874 ἧιῖῦ
909 2789 1105 2869 exeuntibus,
1132 2808 1198 2871 quo
1219 2791 1252 2856 in

127 2915 162 2961 re
185 2896 336 2977 deceptus
363 2900 413 2960 est
446 2894 563 2960 schoho
585 2894 818 2960 Villoisoniauo.
862 2894 1031 2958 Elmsleius
1064 2911 1139 2958 vero
1174 2893 1252 2959 nihil

126 3001 211 3066 aliud
234 3019 329 3083 quam
351 2999 474 3064 dativos
497 3017 567 3064 esse
589 3003 682 3081 putat
703 3017 741 3064 ex
763 2997 870 3062 Ionica
892 2996 1026 3062 dialecto
1048 2996 1081 3059 in
1110 3013 1250 3061 commu-

126 3123 198 3170 nem
221 3102 396 3169 tronsfusos
419 3120 590 3182 omnesque
602 3102 712 3167 eodem
735 3102 827 3166 modo
839 3100 1020 3166 scribendos
1036 3098 1077 3164 ad
1088 3097 1175 3164 Med.
1187 3096 1251 3163 466

127 3209 212 3273 adm:
236 3206 351 3269 rectius
366 3204 513 3289 sortasse
527 3202 677 3291 ζειῗγλησι
694 3205 761 3267 scire
783 3206 807 3272 ἶ
828 3203 1004 3288 subeor-opto
1026 3195 1251 3288 ut'Adrjvpoc.

129 3309 194 3388 Quo
217 3306 566 3393 exemploocrchendum
590 3308 683 3371 etiam
704 3305 921 3392 Ἀλωπεκῆσι,
947 3305 1133 3390 Κεφαλῆσι,
1161 3306 1252 3389 Περ-

127 3420 244 3501 γασῆσι
269 3411 438 3474 assimilia
460 3411 574 3472 omnia.
610 3409 740 3474 Dativos
762 3409 888 3474 Jonicos
912 3409 956 3474 sic
974 3406 1156 3473 scribendos
1169 3424 1251 3487 esse,

126 3518 239 3583 mirum
262 3521 312 3581 est
333 3514 488 3599 quomodo
509 3513 555 3578 illi
577 3513 610 3580 in
632 3517 771 3578 mentem
793 3513 900 3579 venire
922 3511 1069 3595 potuerit.
1111 3508 1175 3575 Sed
1199 3529 1252 3576 eo-

126 3639 210 3700 rum,
245 3637 327 3702 quoe
349 3618 489 3700 proxime
512 3616 653 3696 subiicit,
687 3615 768 3681 ratio
790 3635 853 3681 non
875 3618 975 3697 oeque
999 3613 1171 3696 explorata
1217 3612 1252 3680 si

125 3723 202 3789 nihil
225 3723 312 3787 aliud
333 3740 429 3803 quam
451 3720 664 3786 schematismi
676 3720 852 3785 dativorum
876 3723 958 3796 sunt,
981 3717 1046 3783 iota
1055 3717 1168 3783 deesse
1188 3736 1252 3783 non

125 3831 238 3908 potest.
283 3825 326 3889 Ει
347 3824 407 3889 hac
429 3823 634 3907 persuasione
664 3822 751 3888 ducti
777 3821 917 3886 nonnulli
948 3839 1010 3885 non
1039 3821 1140 3885 solum
1169 3820 1254 3886 hanc

126 3934 359 4013 supposuerunt
390 3927 529 3992 vocalem
563 3930 600 3990 ut
628 3920 745 4011 Ἀιῇσι
773 3923 931 3990 Plutarch.
964 3943 991 3988 v.
1015 3924 1129 3988 Antan.
1152 3923 1253 4004 LXX,

196 4185 224 4247 *ι
243 4188 327 4240 Ado:
345 4187 587 4253 „Quemadmodum
608 4192 695 4238 autem
713 4186 740 4236 in
758 4187 828 4238 omni
846 4200 943 4253 genere
969 4184 1096 4236 sermonis
1123 4150 1254 4237 intercur·

126 4282 185 4324 eunt
212 4275 338 4339 quaedam
367 4274 533 4337 refractario,
566 4276 604 4324 ita
631 4267 702 4323 ortos
732 4270 860 4339 Apollonii
887 4272 1038 4338 figmentum
1074 4287 1127 4323 non
1162 4271 1253 4324 locum

128 4360 232 4427 signis*
