<?xml version="1.0" encoding="UTF-8"?>
<!DOCTYPE html PUBLIC "-//W3C//DTD XHTML 1.0 Transitional//EN"
    "http://www.w3.org/TR/xhtml1/DTD/xhtml1-transitional.dtd">
<html xmlns="http://www.w3.org/1999/xhtml" xml:lang="en" lang="en">
 <head>
  <title>
</title>
<meta http-equiv="Content-Type" content="text/html;charset=utf-8" />
  <meta name='ocr-system' content='tesseract 3.04.00' />
  <meta name='ocr-capabilities' content='ocr_page ocr_carea ocr_par ocr_line ocrx_word'/>
</head>
<body>
  <div class='ocr_page' id='page_1' title='image "./pathologiaegrae00lobegoog_0733.png"; bbox 0 0 2736 4778; ppageno 0'>
   <div class='ocr_carea' id='block_1_1' title="bbox 209 358 1243 448">
    <p class='ocr_par' dir='ltr' id='par_1_1' title="bbox 209 358 1243 448">
     <span class='ocr_line' id='line_1_1' title="bbox 209 358 1243 448; baseline -0.002 -19"><span class='ocrx_word' id='word_1_1' title='bbox 209 363 266 429; x_wconf 81' lang='lat' dir='ltr'>DE</span> <span class='ocrx_word' id='word_1_2' title='bbox 290 360 539 442; x_wconf 80' lang='lat' dir='ltr'><strong>SYNAERESI,</strong></span> <span class='ocrx_word' id='word_1_3' title='bbox 561 360 761 428; x_wconf 78' lang='lat' dir='ltr'><strong>DIAERESI</strong></span> <span class='ocrx_word' id='word_1_4' title='bbox 783 367 842 428; x_wconf 86' lang='lat' dir='ltr'>etc.</span> <span class='ocrx_word' id='word_1_5' title='bbox 874 362 961 429; x_wconf 73' lang='lat' dir='ltr'>1³.st</span> <span class='ocrx_word' id='word_1_6' title='bbox 984 363 1054 428; x_wconf 75' lang='lat' dir='ltr'>ul.</span> <span class='ocrx_word' id='word_1_7' title='bbox 1077 362 1146 448; x_wconf 76' lang='lat'><strong>§.,3.</strong></span> <span class='ocrx_word' id='word_1_8' title='bbox 1202 358 1243 427; x_wconf 81' lang='grc'>59</span> 
     </span>
    </p>
   </div>
   <div class='ocr_carea' id='block_1_2' title="bbox 123 523 1297 1128">
    <p class='ocr_par' dir='ltr' id='par_1_2' title="bbox 123 523 1297 1128">
     <span class='ocr_line' id='line_1_2' title="bbox 123 523 1249 612; baseline -0.004 -17"><span class='ocrx_word' id='word_1_9' title='bbox 123 523 260 610; x_wconf 86' lang='lat' dir='ltr'>pesitum</span> <span class='ocrx_word' id='word_1_10' title='bbox 283 532 346 607; x_wconf 85' lang='lat' dir='ltr'>est,</span> <span class='ocrx_word' id='word_1_11' title='bbox 380 547 408 592; x_wconf 91' lang='lat' dir='ltr'>v.</span> <span class='ocrx_word' id='word_1_12' title='bbox 429 526 539 591; x_wconf 91' lang='lat' dir='ltr'>Rhem.</span> <span class='ocrx_word' id='word_1_13' title='bbox 562 526 603 591; x_wconf 82' lang='lat'>27</span> <span class='ocrx_word' id='word_1_14' title='bbox 627 545 688 611; x_wconf 70' lang='grc' dir='ltr'>ιφ,</span> <span class='ocrx_word' id='word_1_15' title='bbox 721 532 755 593; x_wconf 88' lang='lat' dir='ltr'>at</span> <span class='ocrx_word' id='word_1_16' title='bbox 787 527 897 593; x_wconf 88' lang='lat' dir='ltr'>duales</span> <span class='ocrx_word' id='word_1_17' title='bbox 925 527 1067 593; x_wconf 83' lang='lat' dir='ltr'>eiusdem</span> <span class='ocrx_word' id='word_1_18' title='bbox 1088 526 1249 612; x_wconf 82' lang='lat' dir='ltr'>temporis</span> 
     </span>
     <span class='ocr_line' id='line_1_3' title="bbox 125 625 1244 717; baseline 0 -21"><span class='ocrx_word' id='word_1_19' title='bbox 125 625 318 717; x_wconf 74' lang='grc' dir='ltr'><em>ἀπειλήτην,</em></span> <span class='ocrx_word' id='word_1_20' title='bbox 339 630 424 711; x_wconf 88' lang='lat' dir='ltr'>quod</span> <span class='ocrx_word' id='word_1_21' title='bbox 434 627 634 695; x_wconf 88' lang='lat' dir='ltr'>Herodianus</span> <span class='ocrx_word' id='word_1_22' title='bbox 646 637 766 712; x_wconf 84' lang='lat' dir='ltr'>tropas</span> <span class='ocrx_word' id='word_1_23' title='bbox 788 628 947 708; x_wconf 75' lang='lat' dir='ltr'>adscribit</span> <span class='ocrx_word' id='word_1_24' title='bbox 971 634 1004 693; x_wconf 90' lang='lat' dir='ltr'>et</span> <span class='ocrx_word' id='word_1_25' title='bbox 1025 633 1140 708; x_wconf 80' lang='lat' dir='ltr'>cetera,</span> <span class='ocrx_word' id='word_1_26' title='bbox 1162 648 1244 711; x_wconf 87' lang='lat' dir='ltr'>quae</span> 
     </span>
     <span class='ocr_line' id='line_1_4' title="bbox 124 728 1244 819; baseline -0.003 -17"><span class='ocrx_word' id='word_1_27' title='bbox 124 737 165 802; x_wconf 89' lang='lat' dir='ltr'>ad</span> <span class='ocrx_word' id='word_1_28' title='bbox 187 737 307 801; x_wconf 87' lang='lat' dir='ltr'>Buttm.</span> <span class='ocrx_word' id='word_1_29' title='bbox 334 731 450 799; x_wconf 80' lang='lat'>11255</span> <span class='ocrx_word' id='word_1_30' title='bbox 485 732 719 813; x_wconf 83' lang='lat' dir='ltr'>adnotavimus3</span> <span class='ocrx_word' id='word_1_31' title='bbox 753 728 939 819; x_wconf 78' lang='grc' dir='ltr'><strong><em>δσρνιήιην,</em></strong></span> <span class='ocrx_word' id='word_1_32' title='bbox 972 732 1056 813; x_wconf 85' lang='lat' dir='ltr'>quud</span> <span class='ocrx_word' id='word_1_33' title='bbox 1077 733 1244 800; x_wconf 87' lang='lat' dir='ltr'>Beklrerus</span> 
     </span>
     <span class='ocr_line' id='line_1_5' title="bbox 123 834 1243 919; baseline -0.004 -14"><span class='ocrx_word' id='word_1_34' title='bbox 123 837 306 916; x_wconf 80' lang='lat' dir='ltr'>introduxit,</span> <span class='ocrx_word' id='word_1_35' title='bbox 329 854 349 900; x_wconf 87' lang='lat' dir='ltr'>a</span> <span class='ocrx_word' id='word_1_36' title='bbox 371 834 532 901; x_wconf 88' lang='lat' dir='ltr'>Diudcrlio</span> <span class='ocrx_word' id='word_1_37' title='bbox 554 837 730 919; x_wconf 83' lang='lat' dir='ltr'>relegatum</span> <span class='ocrx_word' id='word_1_38' title='bbox 752 841 815 914; x_wconf 84' lang='lat' dir='ltr'>est,</span> <span class='ocrx_word' id='word_1_39' title='bbox 839 836 895 901; x_wconf 85' lang='lat' dir='ltr'>sed</span> <span class='ocrx_word' id='word_1_40' title='bbox 921 840 1047 901; x_wconf 87' lang='lat' dir='ltr'>constat</span> <span class='ocrx_word' id='word_1_41' title='bbox 1066 840 1120 901; x_wconf 88' lang='lat' dir='ltr'>eta</span> <span class='ocrx_word' id='word_1_42' title='bbox 1140 834 1243 901; x_wconf 87' lang='lat' dir='ltr'>infini-</span> 
     </span>
     <span class='ocr_line' id='line_1_6' title="bbox 123 934 1297 1023; baseline -0.008 -15"><span class='ocrx_word' id='word_1_43' title='bbox 123 943 260 1008; x_wconf 83' lang='lat' dir='ltr'>tivorum</span> <span class='ocrx_word' id='word_1_44' title='bbox 283 934 491 1023; x_wconf 69' lang='grc' dir='ltr'><em>πενθήμεναι</em></span> <span class='ocrx_word' id='word_1_45' title='bbox 513 944 572 1005; x_wconf 75' lang='lat' dir='ltr'>etc.</span> <span class='ocrx_word' id='word_1_46' title='bbox 694 971 697 976; x_wconf 92' lang='lat'><em>·</em></span> <span class='ocrx_word' id='word_1_47' title='bbox 1294 968 1297 973; x_wconf 50' lang='lat'><em>⁴</em></span> 
     </span>
     <span class='ocr_line' id='line_1_7' title="bbox 211 1039 1245 1128; baseline -0.002 -20"><span class='ocrx_word' id='word_1_48' title='bbox 211 1045 238 1128; x_wconf 61' lang='grc' dir='ltr'>ξ.</span> <span class='ocrx_word' id='word_1_49' title='bbox 267 1042 296 1108; x_wconf 90' lang='grc'>3.</span> <span class='ocrx_word' id='word_1_50' title='bbox 341 1039 503 1107; x_wconf 84' lang='lat' dir='ltr'>Conflictiu</span> <span class='ocrx_word' id='word_1_51' title='bbox 537 1041 670 1107; x_wconf 86' lang='lat' dir='ltr'>duorum</span> <span class='ocrx_word' id='word_1_52' title='bbox 701 1045 725 1112; x_wconf 76' lang='grc' dir='ltr'>ῖι</span> <span class='ocrx_word' id='word_1_53' title='bbox 758 1042 880 1107; x_wconf 88' lang='lat' dir='ltr'>Latinis</span> <span class='ocrx_word' id='word_1_54' title='bbox 910 1040 1117 1124; x_wconf 77' lang='lat' dir='ltr'>perfrequens</span> <span class='ocrx_word' id='word_1_55' title='bbox 1150 1061 1245 1123; x_wconf 91' lang='lat' dir='ltr'>quam</span> 
     </span>
    </p>
   </div>
   <div class='ocr_carea' id='block_1_3' title="bbox 124 1143 1353 1246">
    <p class='ocr_par' dir='ltr' id='par_1_3' title="bbox 124 1143 1353 1246">
     <span class='ocr_line' id='line_1_8' title="bbox 124 1143 1353 1246; baseline -0.004 -33"><span class='ocrx_word' id='word_1_56' title='bbox 124 1148 249 1229; x_wconf 82' lang='lat' dir='ltr'>ingrata</span> <span class='ocrx_word' id='word_1_57' title='bbox 279 1145 377 1211; x_wconf 88' lang='lat' dir='ltr'>fuerit</span> <span class='ocrx_word' id='word_1_58' title='bbox 397 1143 592 1246; x_wconf 71' lang='lat' dir='ltr'>Graecorum</span> <span class='ocrx_word' id='word_1_59' title='bbox 624 1143 769 1225; x_wconf 63' lang='lat' dir='ltr'>auribus²</span> <span class='ocrx_word' id='word_1_60' title='bbox 803 1144 950 1211; x_wconf 80' lang='lat' dir='ltr'>facillime</span> <span class='ocrx_word' id='word_1_61' title='bbox 969 1145 1182 1228; x_wconf 81' lang='lat' dir='ltr'>cognoscitur</span> <span class='ocrx_word' id='word_1_62' title='bbox 1204 1162 1243 1209; x_wconf 86' lang='lat' dir='ltr'>ex</span> <span class='ocrx_word' id='word_1_63' title='bbox 1349 1168 1353 1176; x_wconf 83' lang='lat'><em>·</em></span> 
     </span>
    </p>
   </div>
   <div class='ocr_carea' id='block_1_4' title="bbox 121 1247 1327 4006">
    <p class='ocr_par' dir='ltr' id='par_1_4' title="bbox 121 1247 1310 2773">
     <span class='ocr_line' id='line_1_9' title="bbox 125 1247 1244 1328; baseline -0.002 -13"><span class='ocrx_word' id='word_1_64' title='bbox 125 1249 239 1316; x_wconf 82' lang='lat' dir='ltr'><strong>dativis</strong></span> <span class='ocrx_word' id='word_1_65' title='bbox 261 1248 431 1327; x_wconf 82' lang='lat' dir='ltr'>nominum,</span> <span class='ocrx_word' id='word_1_66' title='bbox 454 1265 536 1328; x_wconf 88' lang='lat' dir='ltr'>quae</span> <span class='ocrx_word' id='word_1_67' title='bbox 558 1247 730 1328; x_wconf 82' lang='lat' dir='ltr'>genitivum</span> <span class='ocrx_word' id='word_1_68' title='bbox 752 1249 785 1313; x_wconf 92' lang='lat' dir='ltr'>in</span> <span class='ocrx_word' id='word_1_69' title='bbox 806 1248 995 1326; x_wconf 46' lang='lat' dir='ltr'>afhabeut.</span> <span class='ocrx_word' id='word_1_70' title='bbox 1039 1249 1077 1314; x_wconf 93' lang='lat' dir='ltr'>In</span> <span class='ocrx_word' id='word_1_71' title='bbox 1099 1248 1244 1313; x_wconf 87' lang='lat' dir='ltr'>hiseuim</span> 
     </span>
     <span class='ocr_line' id='line_1_10' title="bbox 125 1350 1244 1434; baseline -0.001 -18"><span class='ocrx_word' id='word_1_72' title='bbox 125 1353 206 1417; x_wconf 87' lang='lat' dir='ltr'>duae</span> <span class='ocrx_word' id='word_1_73' title='bbox 234 1356 394 1416; x_wconf 85' lang='lat' dir='ltr'>extremae</span> <span class='ocrx_word' id='word_1_74' title='bbox 416 1351 540 1416; x_wconf 86' lang='lat' dir='ltr'>vocales</span> <span class='ocrx_word' id='word_1_75' title='bbox 573 1355 631 1415; x_wconf 92' lang='lat' dir='ltr'>aut</span> <span class='ocrx_word' id='word_1_76' title='bbox 662 1351 695 1415; x_wconf 92' lang='lat' dir='ltr'>iu</span> <span class='ocrx_word' id='word_1_77' title='bbox 727 1370 824 1417; x_wconf 89' lang='lat' dir='ltr'>uuam</span> <span class='ocrx_word' id='word_1_78' title='bbox 857 1353 983 1434; x_wconf 83' lang='lat' dir='ltr'>leugam</span> <span class='ocrx_word' id='word_1_79' title='bbox 1016 1350 1244 1417; x_wconf 84' lang='lat' dir='ltr'>contrahuntur</span> 
     </span>
     <span class='ocr_line' id='line_1_11' title="bbox 125 1450 1244 1538; baseline -0.004 -18"><span class='ocrx_word' id='word_1_80' title='bbox 125 1451 258 1538; x_wconf 81' lang='grc' dir='ltr'><strong><em>(πόλιος</em></strong></span> <span class='ocrx_word' id='word_1_81' title='bbox 280 1451 385 1537; x_wconf 81' lang='grc' dir='ltr'><strong><em>πόλι),</em></strong></span> <span class='ocrx_word' id='word_1_82' title='bbox 419 1460 475 1519; x_wconf 89' lang='lat' dir='ltr'>aut</span> <span class='ocrx_word' id='word_1_83' title='bbox 507 1454 541 1518; x_wconf 93' lang='lat' dir='ltr'>in</span> <span class='ocrx_word' id='word_1_84' title='bbox 573 1455 749 1536; x_wconf 84' lang='lat' dir='ltr'>penultima</span> <span class='ocrx_word' id='word_1_85' title='bbox 773 1473 832 1536; x_wconf 89' lang='lat' dir='ltr'>pre</span> <span class='ocrx_word' id='word_1_86' title='bbox 859 1456 925 1519; x_wconf 89' lang='lat' dir='ltr'>icta</span> <span class='ocrx_word' id='word_1_87' title='bbox 945 1453 1102 1535; x_wconf 86' lang='lat' dir='ltr'>recipiunt</span> <span class='ocrx_word' id='word_1_88' title='bbox 1123 1450 1244 1533; x_wconf 87' lang='lat' dir='ltr'>epsilcu</span> 
     </span>
     <span class='ocr_line' id='line_1_12' title="bbox 124 1550 1246 1640; baseline -0.005 -17"><span class='ocrx_word' id='word_1_89' title='bbox 124 1554 265 1640; x_wconf 62' lang='grc' dir='ltr'>(πτόλεϊ),</span> <span class='ocrx_word' id='word_1_90' title='bbox 288 1556 328 1621; x_wconf 82' lang='lat' dir='ltr'>de</span> <span class='ocrx_word' id='word_1_91' title='bbox 350 1574 412 1638; x_wconf 84' lang='lat' dir='ltr'>quo</span> <span class='ocrx_word' id='word_1_92' title='bbox 433 1555 663 1640; x_wconf 81' lang='lat' dir='ltr'>Herodianus¹)</span> <span class='ocrx_word' id='word_1_93' title='bbox 686 1557 727 1622; x_wconf 79' lang='lat' dir='ltr'>ad</span> <span class='ocrx_word' id='word_1_94' title='bbox 744 1557 779 1622; x_wconf 91' lang='lat' dir='ltr'>ll.</span> <span class='ocrx_word' id='word_1_95' title='bbox 792 1557 841 1622; x_wconf 88' lang='lat' dir='ltr'>III</span> <span class='ocrx_word' id='word_1_96' title='bbox 863 1554 925 1622; x_wconf 76' lang='lat'>219</span> <span class='ocrx_word' id='word_1_97' title='bbox 949 1550 1096 1632; x_wconf 70' lang='grc' dir='ltr'>οῖ”Ιωνες</span> <span class='ocrx_word' id='word_1_98' title='bbox 1117 1550 1246 1620; x_wconf 67' lang='grc' dir='ltr'><strong><em>τούτων</em></strong></span> 
     </span>
     <span class='ocr_line' id='line_1_13' title="bbox 124 1655 1244 1748; baseline 0.001 -24"><span class='ocrx_word' id='word_1_99' title='bbox 124 1663 189 1725; x_wconf 80' lang='grc' dir='ltr'>τῶν</span> <span class='ocrx_word' id='word_1_100' title='bbox 201 1663 336 1744; x_wconf 66' lang='grc' dir='ltr'><strong><em>γενικῶν</em></strong></span> <span class='ocrx_word' id='word_1_101' title='bbox 347 1660 406 1737; x_wconf 81' lang='grc' dir='ltr'>τὰς</span> <span class='ocrx_word' id='word_1_102' title='bbox 422 1657 679 1748; x_wconf 76' lang='grc' dir='ltr'><strong><em>παραληγσόσας</em></strong></span> <span class='ocrx_word' id='word_1_103' title='bbox 691 1662 915 1747; x_wconf 74' lang='grc' dir='ltr'>προφέρονται</span> <span class='ocrx_word' id='word_1_104' title='bbox 935 1658 992 1726; x_wconf 77' lang='grc' dir='ltr'>διὰ</span> <span class='ocrx_word' id='word_1_105' title='bbox 1003 1661 1063 1724; x_wconf 78' lang='grc' dir='ltr'>τοῦ</span> <span class='ocrx_word' id='word_1_106' title='bbox 1086 1661 1114 1741; x_wconf 76' lang='grc' dir='ltr'>ι’,</span> <span class='ocrx_word' id='word_1_107' title='bbox 1137 1657 1194 1738; x_wconf 79' lang='grc' dir='ltr'>τὴν</span> <span class='ocrx_word' id='word_1_108' title='bbox 1206 1655 1244 1725; x_wconf 70' lang='grc' dir='ltr'>δὲ</span> 
     </span>
     <span class='ocr_line' id='line_1_14' title="bbox 124 1757 1310 1848; baseline -0.003 -20"><span class='ocrx_word' id='word_1_109' title='bbox 124 1760 256 1848; x_wconf 73' lang='grc' dir='ltr'><strong><em>δοτικὴν</em></strong></span> <span class='ocrx_word' id='word_1_110' title='bbox 273 1760 328 1828; x_wconf 79' lang='grc' dir='ltr'>διὰ</span> <span class='ocrx_word' id='word_1_111' title='bbox 339 1764 439 1847; x_wconf 58' lang='lat' dir='ltr'>rotz,</span> <span class='ocrx_word' id='word_1_112' title='bbox 464 1759 535 1844; x_wconf 79' lang='grc' dir='ltr'>οὐχὶ</span> <span class='ocrx_word' id='word_1_113' title='bbox 550 1762 586 1830; x_wconf 79' lang='grc' dir='ltr'>δὲ</span> <span class='ocrx_word' id='word_1_114' title='bbox 598 1759 653 1830; x_wconf 84' lang='grc' dir='ltr'>διό</span> <span class='ocrx_word' id='word_1_115' title='bbox 667 1765 747 1831; x_wconf 75' lang='grc' dir='ltr'>τσῠῖ</span> <span class='ocrx_word' id='word_1_116' title='bbox 761 1763 818 1830; x_wconf 80' lang='grc' dir='ltr'>διὰ</span> <span class='ocrx_word' id='word_1_117' title='bbox 840 1762 876 1828; x_wconf 83' lang='grc' dir='ltr'>τό</span> <span class='ocrx_word' id='word_1_118' title='bbox 890 1758 1092 1847; x_wconf 79' lang='grc' dir='ltr'><strong><em>κακόφωνον.</em></strong></span> <span class='ocrx_word' id='word_1_119' title='bbox 1117 1757 1243 1826; x_wconf 71' lang='lat' dir='ltr'>Maiam</span> <span class='ocrx_word' id='word_1_120' title='bbox 1307 1818 1310 1825; x_wconf 90' lang='lat'><em>.</em></span> 
     </span>
     <span class='ocr_line' id='line_1_15' title="bbox 123 1863 1243 1949; baseline -0.001 -18"><span class='ocrx_word' id='word_1_121' title='bbox 123 1864 330 1948; x_wconf 83' lang='lat' dir='ltr'>trisyllabum,</span> <span class='ocrx_word' id='word_1_122' title='bbox 342 1884 404 1948; x_wconf 89' lang='lat' dir='ltr'>quc</span> <span class='ocrx_word' id='word_1_123' title='bbox 415 1867 557 1949; x_wconf 84' lang='lat' dir='ltr'>Heyuius</span> <span class='ocrx_word' id='word_1_124' title='bbox 569 1864 793 1947; x_wconf 84' lang='lat' dir='ltr'>etSpitznerus</span> <span class='ocrx_word' id='word_1_125' title='bbox 805 1865 934 1932; x_wconf 85' lang='lat' dir='ltr'>adllIll</span> <span class='ocrx_word' id='word_1_126' title='bbox 945 1863 985 1930; x_wconf 86' lang='grc'>69</span> <span class='ocrx_word' id='word_1_127' title='bbox 998 1870 1138 1942; x_wconf 69' lang='lat' dir='ltr'>utuntur,</span> <span class='ocrx_word' id='word_1_128' title='bbox 1150 1881 1243 1930; x_wconf 87' lang='lat' dir='ltr'>name</span> 
     </span>
     <span class='ocr_line' id='line_1_16' title="bbox 124 1964 1244 2050; baseline -0.001 -17"><span class='ocrx_word' id='word_1_129' title='bbox 124 1967 211 2047; x_wconf 77' lang='lat' dir='ltr'>dixit</span> <span class='ocrx_word' id='word_1_130' title='bbox 224 1967 390 2033; x_wconf 88' lang='lat' dir='ltr'>uecsimile</span> <span class='ocrx_word' id='word_1_131' title='bbox 402 1969 583 2050; x_wconf 86' lang='lat' dir='ltr'>quidquam,</span> <span class='ocrx_word' id='word_1_132' title='bbox 596 1968 653 2033; x_wconf 90' lang='lat' dir='ltr'>sed</span> <span class='ocrx_word' id='word_1_133' title='bbox 664 1965 825 2050; x_wconf 69' lang='grc' dir='ltr'><strong><em>σιιῑμόννι</em></strong></span> <span class='ocrx_word' id='word_1_134' title='bbox 836 1965 1022 2049; x_wconf 64' lang='lat' dir='ltr'>aututini,</span> <span class='ocrx_word' id='word_1_135' title='bbox 1030 1966 1114 2032; x_wconf 88' lang='lat' dir='ltr'>uude</span> <span class='ocrx_word' id='word_1_136' title='bbox 1125 1964 1244 2032; x_wconf 77' lang='lat' dir='ltr'>laeuam</span> 
     </span>
     <span class='ocr_line' id='line_1_17' title="bbox 124 2067 1301 2154; baseline -0.001 -18"><span class='ocrx_word' id='word_1_137' title='bbox 124 2076 174 2136; x_wconf 86' lang='lat' dir='ltr'>est</span> <span class='ocrx_word' id='word_1_138' title='bbox 195 2088 358 2136; x_wconf 89' lang='lat' dir='ltr'>commune</span> <span class='ocrx_word' id='word_1_139' title='bbox 379 2067 494 2154; x_wconf 81' lang='grc' dir='ltr'><strong><em>μάντει</em></strong></span> <span class='ocrx_word' id='word_1_140' title='bbox 518 2072 620 2137; x_wconf 89' lang='lat' dir='ltr'>literis</span> <span class='ocrx_word' id='word_1_141' title='bbox 646 2069 707 2142; x_wconf 65' lang='lat' dir='ltr'>{et</span> <span class='ocrx_word' id='word_1_142' title='bbox 724 2074 738 2140; x_wconf 79' lang='grc' dir='ltr'>ῖ</span> <span class='ocrx_word' id='word_1_143' title='bbox 757 2072 790 2136; x_wconf 93' lang='lat' dir='ltr'>in</span> <span class='ocrx_word' id='word_1_144' title='bbox 812 2071 1040 2153; x_wconf 77' lang='lat' dir='ltr'><strong>diphthongum</strong></span> <span class='ocrx_word' id='word_1_145' title='bbox 1062 2070 1241 2137; x_wconf 87' lang='lat' dir='ltr'>contractis.</span> <span class='ocrx_word' id='word_1_146' title='bbox 1298 2145 1301 2154; x_wconf 23' lang='lat'><strong>¹</strong></span> 
     </span>
     <span class='ocr_line' id='line_1_18' title="bbox 125 2171 1243 2256; baseline -0.002 -17"><span class='ocrx_word' id='word_1_147' title='bbox 125 2172 212 2250; x_wconf 82' lang='lat' dir='ltr'>Quae</span> <span class='ocrx_word' id='word_1_148' title='bbox 234 2173 367 2238; x_wconf 89' lang='lat' dir='ltr'>mutatio</span> <span class='ocrx_word' id='word_1_149' title='bbox 389 2174 450 2238; x_wconf 86' lang='lat' dir='ltr'>etsi</span> <span class='ocrx_word' id='word_1_150' title='bbox 474 2174 515 2239; x_wconf 89' lang='lat' dir='ltr'>ad</span> <span class='ocrx_word' id='word_1_151' title='bbox 536 2175 754 2256; x_wconf 86' lang='lat' dir='ltr'>quaestionem</span> <span class='ocrx_word' id='word_1_152' title='bbox 776 2173 815 2239; x_wconf 93' lang='lat' dir='ltr'>de</span> <span class='ocrx_word' id='word_1_153' title='bbox 838 2173 999 2240; x_wconf 87' lang='lat' dir='ltr'>vocalibus</span> <span class='ocrx_word' id='word_1_154' title='bbox 1020 2173 1169 2238; x_wconf 86' lang='lat' dir='ltr'>brevibus</span> <span class='ocrx_word' id='word_1_155' title='bbox 1180 2171 1243 2237; x_wconf 91' lang='lat' dir='ltr'>P.I</span> 
     </span>
     <span class='ocr_line' id='line_1_19' title="bbox 124 2273 1243 2360; baseline -0.002 -17"><span class='ocrx_word' id='word_1_156' title='bbox 124 2275 279 2360; x_wconf 78' lang='lat' dir='ltr'>cap.l§.2</span> <span class='ocrx_word' id='word_1_157' title='bbox 291 2273 443 2358; x_wconf 69' lang='lat' dir='ltr'>pnssqq.</span> <span class='ocrx_word' id='word_1_158' title='bbox 455 2276 602 2358; x_wconf 77' lang='lat' dir='ltr'>pertinet</span> <span class='ocrx_word' id='word_1_159' title='bbox 611 2282 717 2343; x_wconf 89' lang='lat' dir='ltr'>tamen</span> <span class='ocrx_word' id='word_1_160' title='bbox 726 2278 790 2343; x_wconf 81' lang='lat' dir='ltr'>troc</span> <span class='ocrx_word' id='word_1_161' title='bbox 800 2273 868 2343; x_wconf 91' lang='lat' dir='ltr'>loco</span> <span class='ocrx_word' id='word_1_162' title='bbox 881 2276 1045 2343; x_wconf 87' lang='lat' dir='ltr'>coniuncte</span> <span class='ocrx_word' id='word_1_163' title='bbox 1057 2294 1128 2342; x_wconf 90' lang='lat' dir='ltr'>cum</span> <span class='ocrx_word' id='word_1_164' title='bbox 1140 2276 1243 2358; x_wconf 77' lang='lat' dir='ltr'>pnma</span> 
     </span>
     <span class='ocr_line' id='line_1_20' title="bbox 123 2378 1241 2461; baseline -0.002 -15"><span class='ocrx_word' id='word_1_165' title='bbox 123 2385 157 2446; x_wconf 88' lang='lat' dir='ltr'>et</span> <span class='ocrx_word' id='word_1_166' title='bbox 167 2378 307 2445; x_wconf 87' lang='lat' dir='ltr'>secunda</span> <span class='ocrx_word' id='word_1_167' title='bbox 328 2379 432 2460; x_wconf 87' lang='lat' dir='ltr'>specie</span> <span class='ocrx_word' id='word_1_168' title='bbox 454 2380 622 2446; x_wconf 85' lang='lat' dir='ltr'>tractanda</span> <span class='ocrx_word' id='word_1_169' title='bbox 643 2386 701 2447; x_wconf 87' lang='lat' dir='ltr'>est</span> <span class='ocrx_word' id='word_1_170' title='bbox 738 2380 846 2446; x_wconf 88' lang='lat' dir='ltr'>Prima</span> <span class='ocrx_word' id='word_1_171' title='bbox 866 2379 922 2445; x_wconf 89' lang='lat' dir='ltr'>illa</span> <span class='ocrx_word' id='word_1_172' title='bbox 938 2379 1023 2461; x_wconf 87' lang='lat' dir='ltr'>apud</span> <span class='ocrx_word' id='word_1_173' title='bbox 1045 2378 1241 2445; x_wconf 88' lang='lat' dir='ltr'>Herodotum</span> 
     </span>
     <span class='ocr_line' id='line_1_21' title="bbox 122 2461 1241 2565; baseline -0.002 -16"><span class='ocrx_word' id='word_1_174' title='bbox 122 2461 246 2549; x_wconf 64' lang='lat' dir='ltr'>ceter&#39;as</span> <span class='ocrx_word' id='word_1_175' title='bbox 268 2500 400 2547; x_wconf 86' lang='lat' dir='ltr'>nurnero</span> <span class='ocrx_word' id='word_1_176' title='bbox 422 2482 637 2564; x_wconf 85' lang='lat' dir='ltr'>exemplorum</span> <span class='ocrx_word' id='word_1_177' title='bbox 657 2485 704 2548; x_wconf 89' lang='lat' dir='ltr'>ita</span> <span class='ocrx_word' id='word_1_178' title='bbox 726 2487 869 2565; x_wconf 83' lang='lat' dir='ltr'>superat,</span> <span class='ocrx_word' id='word_1_179' title='bbox 904 2487 941 2548; x_wconf 89' lang='lat' dir='ltr'>ut</span> <span class='ocrx_word' id='word_1_180' title='bbox 961 2482 1102 2549; x_wconf 85' lang='lat' dir='ltr'>nonnulli</span> <span class='ocrx_word' id='word_1_181' title='bbox 1121 2481 1241 2562; x_wconf 90' lang='lat' dir='ltr'>ubique</span> 
     </span>
     <span class='ocr_line' id='line_1_22' title="bbox 121 2579 1304 2669; baseline -0.003 -16"><span class='ocrx_word' id='word_1_182' title='bbox 121 2585 292 2653; x_wconf 86' lang='lat' dir='ltr'>tenendum</span> <span class='ocrx_word' id='word_1_183' title='bbox 325 2583 519 2651; x_wconf 86' lang='lat' dir='ltr'>arbitrentur</span> <span class='ocrx_word' id='word_1_184' title='bbox 551 2585 658 2669; x_wconf 79' lang='grc' dir='ltr'><strong><em>γιόννι,</em></strong></span> <span class='ocrx_word' id='word_1_185' title='bbox 685 2582 775 2661; x_wconf 77' lang='grc' dir='ltr'><strong><em>πόλι,</em></strong></span> <span class='ocrx_word' id='word_1_186' title='bbox 799 2581 1131 2668; x_wconf 60' lang='lat' dir='ltr'>rarescentes.</span> <span class='ocrx_word' id='word_1_187' title='bbox 1176 2583 1241 2650; x_wconf 88' lang='lat' dir='ltr'>Hc·</span> <span class='ocrx_word' id='word_1_188' title='bbox 1301 2579 1304 2582; x_wconf 72' lang='grc'>’</span> 
     </span>
     <span class='ocr_line' id='line_1_23' title="bbox 121 2687 1271 2773; baseline 0.004 -18"><span class='ocrx_word' id='word_1_189' title='bbox 121 2689 309 2755; x_wconf 78' lang='lat' dir='ltr'>meritorum</span> <span class='ocrx_word' id='word_1_190' title='bbox 343 2689 521 2754; x_wconf 85' lang='lat' dir='ltr'>certissima</span> <span class='ocrx_word' id='word_1_191' title='bbox 553 2694 628 2755; x_wconf 86' lang='lat' dir='ltr'>sunt</span> <span class='ocrx_word' id='word_1_192' title='bbox 659 2690 722 2755; x_wconf 88' lang='lat' dir='ltr'>tria</span> <span class='ocrx_word' id='word_1_193' title='bbox 743 2690 813 2770; x_wconf 80' lang='lat' dir='ltr'>illa,</span> <span class='ocrx_word' id='word_1_194' title='bbox 836 2708 918 2773; x_wconf 89' lang='lat' dir='ltr'>quae</span> <span class='ocrx_word' id='word_1_195' title='bbox 941 2687 1179 2755; x_wconf 83' lang='lat' dir='ltr'>Choercbcscus</span> <span class='ocrx_word' id='word_1_196' title='bbox 1201 2688 1241 2754; x_wconf 88' lang='lat' dir='ltr'>da</span> <span class='ocrx_word' id='word_1_197' title='bbox 1265 2750 1271 2760; x_wconf 68' lang='grc'><em>,</em></span> 
     </span>
    </p>

    <p class='ocr_par' dir='ltr' id='par_1_5' title="bbox 121 2788 1327 4006">
     <span class='ocr_line' id='line_1_24' title="bbox 122 2788 1242 2878; baseline -0.002 -20"><span class='ocrx_word' id='word_1_198' title='bbox 122 2792 198 2858; x_wconf 83' lang='lat' dir='ltr'>Tou.</span> <span class='ocrx_word' id='word_1_199' title='bbox 215 2789 278 2858; x_wconf 81' lang='grc'>417</span> <span class='ocrx_word' id='word_1_200' title='bbox 291 2789 384 2858; x_wconf 80' lang='lat' dir='ltr'>affert</span> <span class='ocrx_word' id='word_1_201' title='bbox 398 2792 487 2862; x_wconf 74' lang='grc' dir='ltr'><strong><em>Θέτι,</em></strong></span> <span class='ocrx_word' id='word_1_202' title='bbox 510 2788 623 2874; x_wconf 76' lang='grc' dir='ltr'><strong><em>μάστι,</em></strong></span> <span class='ocrx_word' id='word_1_203' title='bbox 645 2788 735 2878; x_wconf 77' lang='grc' dir='ltr'><strong><em>μήτι,</em></strong></span> <span class='ocrx_word' id='word_1_204' title='bbox 759 2794 927 2876; x_wconf 81' lang='lat' dir='ltr'>inquibus</span> <span class='ocrx_word' id='word_1_205' title='bbox 949 2793 1022 2859; x_wconf 77' lang='lat' dir='ltr'>lsslri</span> <span class='ocrx_word' id='word_1_206' title='bbox 1045 2791 1242 2874; x_wconf 75' lang='lat' dir='ltr'>conspirant;</span> 
     </span>
     <span class='ocr_line' id='line_1_25' title="bbox 122 2889 1241 2981; baseline -0.001 -21"><span class='ocrx_word' id='word_1_207' title='bbox 122 2895 179 2960; x_wconf 80' lang='lat' dir='ltr'>sed</span> <span class='ocrx_word' id='word_1_208' title='bbox 201 2895 240 2960; x_wconf 84' lang='lat' dir='ltr'>de</span> <span class='ocrx_word' id='word_1_209' title='bbox 263 2889 375 2981; x_wconf 78' lang='grc' dir='ltr'><em>κνήστι</em></span> <span class='ocrx_word' id='word_1_210' title='bbox 405 2893 441 2958; x_wconf 92' lang='lat' dir='ltr'>ll.</span> <span class='ocrx_word' id='word_1_211' title='bbox 464 2894 511 2959; x_wconf 91' lang='lat' dir='ltr'>XI</span> <span class='ocrx_word' id='word_1_212' title='bbox 533 2893 596 2960; x_wconf 84' lang='grc'>640</span> <span class='ocrx_word' id='word_1_213' title='bbox 630 2896 762 2970; x_wconf 78' lang='lat' dir='ltr'>adnotat</span> <span class='ocrx_word' id='word_1_214' title='bbox 782 2894 973 2961; x_wconf 79' lang='lat' dir='ltr'>Eustathius</span> <span class='ocrx_word' id='word_1_215' title='bbox 1006 2893 1092 2971; x_wconf 74' lang='grc' dir='ltr'><strong><em>τινὲς</em></strong></span> <span class='ocrx_word' id='word_1_216' title='bbox 1114 2892 1169 2960; x_wconf 82' lang='grc' dir='ltr'>διὰ</span> <span class='ocrx_word' id='word_1_217' title='bbox 1192 2895 1241 2959; x_wconf 78' lang='grc' dir='ltr'>δι·</span> 
     </span>
     <span class='ocr_line' id='line_1_26' title="bbox 122 2993 1242 3084; baseline -0.002 -21"><span class='ocrx_word' id='word_1_218' title='bbox 122 2993 274 3084; x_wconf 85' lang='grc' dir='ltr'><strong><em>φθόγγον</em></strong></span> <span class='ocrx_word' id='word_1_219' title='bbox 296 2993 494 3084; x_wconf 70' lang='grc' dir='ltr'><strong><em>γράφουσιν,</em></strong></span> <span class='ocrx_word' id='word_1_220' title='bbox 517 3003 550 3062; x_wconf 87' lang='lat' dir='ltr'>ct</span> <span class='ocrx_word' id='word_1_221' title='bbox 571 2997 652 3063; x_wconf 89' lang='lat' dir='ltr'>hanc</span> <span class='ocrx_word' id='word_1_222' title='bbox 674 2998 798 3065; x_wconf 87' lang='lat' dir='ltr'>cedices</span> <span class='ocrx_word' id='word_1_223' title='bbox 820 2998 941 3080; x_wconf 87' lang='lat' dir='ltr'>aliquot</span> <span class='ocrx_word' id='word_1_224' title='bbox 960 2995 1242 3078; x_wconf 86' lang='lat' dir='ltr'>praestantXXIV</span> 
     </span>
     <span class='ocr_line' id='line_1_27' title="bbox 124 3096 1242 3184; baseline -0.002 -18"><span class='ocrx_word' id='word_1_225' title='bbox 124 3099 164 3166; x_wconf 85' lang='lat'>18</span> <span class='ocrx_word' id='word_1_226' title='bbox 187 3099 221 3167; x_wconf 78' lang='grc' dir='ltr'>ἐν</span> <span class='ocrx_word' id='word_1_227' title='bbox 243 3096 332 3166; x_wconf 77' lang='grc' dir='ltr'><strong><em>κόνει</em></strong></span> <span class='ocrx_word' id='word_1_228' title='bbox 355 3097 536 3179; x_wconf 72' lang='grc' dir='ltr'><strong><em>ἐκτανύσας</em></strong></span> <span class='ocrx_word' id='word_1_229' title='bbox 556 3118 614 3182; x_wconf 86' lang='lat' dir='ltr'>pro</span> <span class='ocrx_word' id='word_1_230' title='bbox 626 3101 707 3181; x_wconf 84' lang='grc' dir='ltr'><strong><em>κόνι,</em></strong></span> <span class='ocrx_word' id='word_1_231' title='bbox 719 3101 803 3184; x_wconf 88' lang='lat' dir='ltr'>quod</span> <span class='ocrx_word' id='word_1_232' title='bbox 817 3102 885 3166; x_wconf 85' lang='lat' dir='ltr'>sine</span> <span class='ocrx_word' id='word_1_233' title='bbox 897 3097 1075 3166; x_wconf 83' lang='lat' dir='ltr'>differentia</span> <span class='ocrx_word' id='word_1_234' title='bbox 1089 3099 1242 3180; x_wconf 86' lang='lat' dir='ltr'>scriptum</span> 
     </span>
     <span class='ocr_line' id='line_1_28' title="bbox 122 3196 1327 3296; baseline -0.001 -28"><span class='ocrx_word' id='word_1_235' title='bbox 122 3199 367 3269; x_wconf 77' lang='lat' dir='ltr'>estonxltst.</span> <span class='ocrx_word' id='word_1_236' title='bbox 382 3196 1242 3288; x_wconf 64' lang='lat' dir='ltr'>Diphtlrcngusreditiuquiuquesequentibuscl&#39;yrlouc</span> <span class='ocrx_word' id='word_1_237' title='bbox 1324 3285 1327 3296; x_wconf 32' lang='grc' dir='ltr'>Ι</span> 
     </span>
     <span class='ocr_line' id='line_1_29' title="bbox 121 3300 1241 3394; baseline -0.001 -24"><span class='ocrx_word' id='word_1_238' title='bbox 121 3303 227 3391; x_wconf 70' lang='grc' dir='ltr'><strong><em>ἵβινιι,</em></strong></span> <span class='ocrx_word' id='word_1_239' title='bbox 241 3300 333 3393; x_wconf 82' lang='grc' dir='ltr'><strong><em>όφει,</em></strong></span> <span class='ocrx_word' id='word_1_240' title='bbox 352 3301 462 3387; x_wconf 77' lang='grc' dir='ltr'><strong><em>πόλει,</em></strong></span> <span class='ocrx_word' id='word_1_241' title='bbox 479 3302 573 3372; x_wconf 78' lang='grc' dir='ltr'><strong><em>ιιόσει</em></strong></span> <span class='ocrx_word' id='word_1_242' title='bbox 588 3307 701 3391; x_wconf 86' lang='lat' dir='ltr'>[Bekk.</span> <span class='ocrx_word' id='word_1_243' title='bbox 715 3303 810 3394; x_wconf 81' lang='grc' dir='ltr'><strong><em>όγόρι</em></strong></span> <span class='ocrx_word' id='word_1_244' title='bbox 824 3307 907 3392; x_wconf 82' lang='lat' dir='ltr'>etc]‚</span> <span class='ocrx_word' id='word_1_245' title='bbox 931 3305 987 3372; x_wconf 89' lang='lat' dir='ltr'>sed</span> <span class='ocrx_word' id='word_1_246' title='bbox 999 3305 1062 3371; x_wconf 89' lang='lat' dir='ltr'>due</span> <span class='ocrx_word' id='word_1_247' title='bbox 1072 3309 1241 3386; x_wconf 84' lang='lat' dir='ltr'>postrema,</span> 
     </span>
     <span class='ocr_line' id='line_1_30' title="bbox 122 3407 1240 3496; baseline -0.004 -22"><span class='ocrx_word' id='word_1_248' title='bbox 122 3410 149 3474; x_wconf 90' lang='lat' dir='ltr'>si</span> <span class='ocrx_word' id='word_1_249' title='bbox 171 3427 281 3475; x_wconf 85' lang='lat' dir='ltr'>versus</span> <span class='ocrx_word' id='word_1_250' title='bbox 303 3409 414 3490; x_wconf 85' lang='lat' dir='ltr'>poscit,</span> <span class='ocrx_word' id='word_1_251' title='bbox 437 3409 478 3474; x_wconf 85' lang='lat' dir='ltr'>ad</span> <span class='ocrx_word' id='word_1_252' title='bbox 500 3411 640 3476; x_wconf 83' lang='lat' dir='ltr'>nativam</span> <span class='ocrx_word' id='word_1_253' title='bbox 662 3409 795 3477; x_wconf 90' lang='lat' dir='ltr'>formam</span> <span class='ocrx_word' id='word_1_254' title='bbox 816 3415 1020 3477; x_wconf 76' lang='lat' dir='ltr'>mactantur:</span> <span class='ocrx_word' id='word_1_255' title='bbox 1043 3407 1240 3496; x_wconf 70' lang='grc' dir='ltr'><strong><em>χαριζομένη</em></strong></span> 
     </span>
     <span class='ocr_line' id='line_1_31' title="bbox 122 3501 1241 3599; baseline -0.003 -20"><span class='ocrx_word' id='word_1_256' title='bbox 122 3508 225 3579; x_wconf 77' lang='grc' dir='ltr'><strong><em>πόσεϊ</em></strong></span> <span class='ocrx_word' id='word_1_257' title='bbox 245 3501 282 3599; x_wconf 83' lang='grc' dir='ltr'>ᾦ,</span> <span class='ocrx_word' id='word_1_258' title='bbox 306 3511 390 3594; x_wconf 87' lang='lat' dir='ltr'>quod</span> <span class='ocrx_word' id='word_1_259' title='bbox 411 3511 482 3576; x_wconf 89' lang='lat' dir='ltr'>EM.</span> <span class='ocrx_word' id='word_1_260' title='bbox 512 3510 578 3578; x_wconf 85' lang='grc'>136.</span> <span class='ocrx_word' id='word_1_261' title='bbox 605 3514 644 3578; x_wconf 87' lang='grc'>17</span> <span class='ocrx_word' id='word_1_262' title='bbox 667 3518 769 3579; x_wconf 86' lang='lat' dir='ltr'>metro</span> <span class='ocrx_word' id='word_1_263' title='bbox 791 3511 938 3579; x_wconf 83' lang='lat' dir='ltr'>effectum</span> <span class='ocrx_word' id='word_1_264' title='bbox 960 3511 1044 3591; x_wconf 78' lang='lat' dir='ltr'>dicit</span> <span class='ocrx_word' id='word_1_265' title='bbox 1067 3513 1241 3593; x_wconf 89' lang='lat' dir='ltr'>eademque</span> 
     </span>
     <span class='ocr_line' id='line_1_32' title="bbox 121 3609 1242 3701; baseline 0 -20"><span class='ocrx_word' id='word_1_266' title='bbox 121 3616 313 3682; x_wconf 81' lang='lat' dir='ltr'>necessitate</span> <span class='ocrx_word' id='word_1_267' title='bbox 334 3633 520 3696; x_wconf 85' lang='lat' dir='ltr'>expressum</span> <span class='ocrx_word' id='word_1_268' title='bbox 543 3610 660 3681; x_wconf 69' lang='grc' dir='ltr'><strong><em>αὐτόθ’</em></strong></span> <span class='ocrx_word' id='word_1_269' title='bbox 676 3609 967 3684; x_wconf 70' lang='grc' dir='ltr'><strong><em>ἐνὶπτόλνϊλθινό</em></strong></span> <span class='ocrx_word' id='word_1_270' title='bbox 993 3609 1075 3701; x_wconf 78' lang='grc' dir='ltr'><strong><em>όνήρ</em></strong></span> <span class='ocrx_word' id='word_1_271' title='bbox 1087 3615 1124 3681; x_wconf 91' lang='lat' dir='ltr'>ll.</span> <span class='ocrx_word' id='word_1_272' title='bbox 1135 3613 1242 3681; x_wconf 86' lang='lat' dir='ltr'>XXIV</span> 
     </span>
     <span class='ocr_line' id='line_1_33' title="bbox 122 3717 1242 3800; baseline -0.002 -17"><span class='ocrx_word' id='word_1_273' title='bbox 122 3718 199 3799; x_wconf 80' lang='lat'><strong>707;</strong></span> <span class='ocrx_word' id='word_1_274' title='bbox 233 3719 288 3784; x_wconf 89' lang='lat' dir='ltr'>sed</span> <span class='ocrx_word' id='word_1_275' title='bbox 322 3718 355 3783; x_wconf 89' lang='lat' dir='ltr'>id</span> <span class='ocrx_word' id='word_1_276' title='bbox 386 3719 527 3784; x_wconf 86' lang='lat' dir='ltr'>nemrihil</span> <span class='ocrx_word' id='word_1_277' title='bbox 555 3717 735 3785; x_wconf 85' lang='lat' dir='ltr'>offensionis</span> <span class='ocrx_word' id='word_1_278' title='bbox 767 3719 916 3786; x_wconf 87' lang='lat' dir='ltr'>habuisse</span> <span class='ocrx_word' id='word_1_279' title='bbox 939 3719 1064 3796; x_wconf 77' lang='lat' dir='ltr'>indicat</span> <span class='ocrx_word' id='word_1_280' title='bbox 1085 3719 1242 3800; x_wconf 84' lang='lat' dir='ltr'>scriptura</span> 
     </span>
     <span class='ocr_line' id='line_1_34' title="bbox 121 3817 1241 3905; baseline -0.001 -18"><span class='ocrx_word' id='word_1_281' title='bbox 121 3822 293 3888; x_wconf 88' lang='lat' dir='ltr'>editionum</span> <span class='ocrx_word' id='word_1_282' title='bbox 314 3826 458 3886; x_wconf 87' lang='lat' dir='ltr'>veterum</span> <span class='ocrx_word' id='word_1_283' title='bbox 479 3822 622 3904; x_wconf 81' lang='lat' dir='ltr'>quamvis</span> <span class='ocrx_word' id='word_1_284' title='bbox 655 3822 870 3905; x_wconf 87' lang='lat' dir='ltr'>improbabilis</span> <span class='ocrx_word' id='word_1_285' title='bbox 904 3817 1027 3889; x_wconf 80' lang='grc' dir='ltr'><strong><em>αόνόθι</em></strong></span> <span class='ocrx_word' id='word_1_286' title='bbox 1056 3818 1114 3889; x_wconf 77' lang='grc' dir='ltr'><strong><em>εἰνὶ</em></strong></span> <span class='ocrx_word' id='word_1_287' title='bbox 1144 3817 1241 3888; x_wconf 77' lang='grc' dir='ltr'><strong><em>πόλει</em></strong></span> 
     </span>
     <span class='ocr_line' id='line_1_35' title="bbox 122 3920 1240 4006; baseline -0.002 -16"><span class='ocrx_word' id='word_1_288' title='bbox 122 3920 281 3993; x_wconf 76' lang='grc' dir='ltr'><strong><em>λόπιι’-.</em></strong></span> <span class='ocrx_word' id='word_1_289' title='bbox 296 3923 389 3991; x_wconf 91' lang='lat' dir='ltr'>Nunc</span> <span class='ocrx_word' id='word_1_290' title='bbox 409 3929 557 4006; x_wconf 83' lang='lat' dir='ltr'>receptae</span> <span class='ocrx_word' id='word_1_291' title='bbox 573 3926 718 3991; x_wconf 89' lang='lat' dir='ltr'>convenit</span> <span class='ocrx_word' id='word_1_292' title='bbox 738 3922 859 4006; x_wconf 80' lang='grc' dir='ltr'><strong><em>μόννεϊ</em></strong></span> <span class='ocrx_word' id='word_1_293' title='bbox 868 3922 1039 4006; x_wconf 75' lang='grc' dir='ltr'><strong><em>εἰδόμενος</em></strong></span> <span class='ocrx_word' id='word_1_294' title='bbox 1052 3941 1181 3992; x_wconf 88' lang='lat' dir='ltr'>versum</span> <span class='ocrx_word' id='word_1_295' title='bbox 1192 3925 1240 3989; x_wconf 88' lang='lat' dir='ltr'>in·</span> 
     </span>
    </p>
   </div>
   <div class='ocr_carea' id='block_1_5' title="bbox 121 4023 1339 4113">
    <p class='ocr_par' dir='ltr' id='par_1_6' title="bbox 121 4023 1339 4113">
     <span class='ocr_line' id='line_1_36' title="bbox 121 4023 1339 4113; baseline -0.002 -19"><span class='ocrx_word' id='word_1_296' title='bbox 121 4030 239 4095; x_wconf 88' lang='lat' dir='ltr'>cheans</span> <span class='ocrx_word' id='word_1_297' title='bbox 250 4027 331 4094; x_wconf 86' lang='lat' dir='ltr'>XIII</span> <span class='ocrx_word' id='word_1_298' title='bbox 342 4025 393 4108; x_wconf 86' lang='lat'>69,</span> <span class='ocrx_word' id='word_1_299' title='bbox 415 4028 614 4110; x_wconf 82' lang='lat' dir='ltr'>queinpede</span> <span class='ocrx_word' id='word_1_300' title='bbox 626 4028 700 4094; x_wconf 90' lang='lat' dir='ltr'>alibi</span> <span class='ocrx_word' id='word_1_301' title='bbox 711 4029 860 4111; x_wconf 85' lang='lat' dir='ltr'>leguntur</span> <span class='ocrx_word' id='word_1_302' title='bbox 872 4028 1002 4110; x_wconf 85' lang='lat' dir='ltr'>spondei</span> <span class='ocrx_word' id='word_1_303' title='bbox 1012 4024 1103 4113; x_wconf 81' lang='grc' dir='ltr'><strong><em>γιήιι,</em></strong></span> <span class='ocrx_word' id='word_1_304' title='bbox 1116 4023 1239 4113; x_wconf 80' lang='grc' dir='ltr'><strong><em>κνήστι,</em></strong></span> <span class='ocrx_word' id='word_1_305' title='bbox 1327 4107 1339 4112; x_wconf 36' lang='grc'>-</span> 
     </span>
    </p>
   </div>
   <div class='ocr_carea' id='block_1_6' title="bbox 122 4127 1241 4217">
    <p class='ocr_par' dir='ltr' id='par_1_7' title="bbox 122 4127 1241 4217">
     <span class='ocr_line' id='line_1_37' title="bbox 122 4127 1241 4217; baseline 0 -20"><span class='ocrx_word' id='word_1_306' title='bbox 122 4132 236 4216; x_wconf 83' lang='lat' dir='ltr'>[Bekk.</span> <span class='ocrx_word' id='word_1_307' title='bbox 248 4127 360 4216; x_wconf 80' lang='grc' dir='ltr'><strong><em>γνόντι]</em></strong></span> <span class='ocrx_word' id='word_1_308' title='bbox 373 4131 461 4196; x_wconf 72' lang='lat' dir='ltr'>atilli</span> <span class='ocrx_word' id='word_1_309' title='bbox 474 4131 575 4197; x_wconf 88' lang='lat' dir='ltr'>simile</span> <span class='ocrx_word' id='word_1_310' title='bbox 586 4131 775 4197; x_wconf 80' lang='lat' dir='ltr'>adiectivum</span> <span class='ocrx_word' id='word_1_311' title='bbox 787 4127 899 4217; x_wconf 75' lang='grc' dir='ltr'><strong><em>ἀΐδρεϊ</em></strong></span> <span class='ocrx_word' id='word_1_312' title='bbox 907 4132 993 4217; x_wconf 77' lang='grc' dir='ltr'><strong><em>φωτὶ</em></strong></span> <span class='ocrx_word' id='word_1_313' title='bbox 1004 4127 1130 4210; x_wconf 76' lang='grc' dir='ltr'><strong><em>ἐοικώς.</em></strong></span> <span class='ocrx_word' id='word_1_314' title='bbox 1152 4130 1241 4197; x_wconf 79' lang='lat' dir='ltr'>Haec</span> 
     </span>
    </p>
   </div>
   <div class='ocr_carea' id='block_1_7' title="bbox 192 4324 849 4427">
    <p class='ocr_par' dir='ltr' id='par_1_8' title="bbox 192 4324 849 4427">
     <span class='ocr_line' id='line_1_38' title="bbox 192 4324 849 4427; baseline 0.002 -18"><span class='ocrx_word' id='word_1_315' title='bbox 192 4356 217 4423; x_wconf 90' lang='lat' dir='ltr'>l)</span> <span class='ocrx_word' id='word_1_316' title='bbox 236 4324 401 4410; x_wconf 70' lang='lat' dir='ltr'>liarcdorum</span> <span class='ocrx_word' id='word_1_317' title='bbox 419 4357 537 4427; x_wconf 75' lang='lat' dir='ltr'>appellat</span> <span class='ocrx_word' id='word_1_318' title='bbox 552 4356 710 4410; x_wconf 68' lang='lat' dir='ltr'>Ructatlrius</span> <span class='ocrx_word' id='word_1_319' title='bbox 727 4352 788 4411; x_wconf 78' lang='lat'>407.</span> <span class='ocrx_word' id='word_1_320' title='bbox 807 4354 849 4410; x_wconf 69' lang='lat'>⁴2.</span> 
     </span>
    </p>
   </div>
   <div class='ocr_carea' id='block_1_8' title="bbox 0 0 1372 4778">
    <p class='ocr_par' dir='ltr' id='par_1_9' title="bbox 0 0 1372 4778">
     <span class='ocr_line' id='line_1_39' title="bbox 0 0 1372 4778; baseline 0 1"><span class='ocrx_word' id='word_1_321' title='bbox 0 0 1372 4778; x_wconf 95' lang='lat' dir='ltr'> </span> 
     </span>
    </p>
   </div>
  </div>
 </body>
</html>
