2736 4778
218 318 276 383 nn
299 317 543 398 srnnnnnsr,
565 316 765 384 nrnsnnsr
787 324 846 385 aa.
879 319 966 385 nu.
989 319 1075 388 cn
1098 322 1125 408 ρ.
1138 325 1167 390 a
1204 324 1247 390 ar

122 476 234 559 Ἴωνες
266 480 350 547 κατὰ
385 478 536 549 διάλυσιν
569 478 737 567 sarriano
771 481 826 545 καὶ
860 477 990 549 ἐκεῖθεν
1016 481 1049 550 οἱ
1076 480 1249 575 Ἀθηναῖοι

131 581 297 671 inertior]
320 583 401 649 κατὰ
424 588 540 669 κρᾶσιν
562 586 620 648 τοῦ
643 582 726 652 {aad
752 578 837 660 ἆεὶς
858 585 881 667 ἦ
901 579 945 660 ὡς
967 581 1109 666 τεύχεα
1131 586 1249 677 τεύχη

131 686 282 751 Choerob.
313 684 384 766 602,
422 686 492 751 EM.
515 683 588 765 386,
625 691 659 749 et
681 702 739 766 per
773 686 900 750 eosdem
933 686 1051 767 gradm
1083 689 1123 754 ab
1155 684 1248 776 ᾔδειν

129 789 265 870 primum
286 780 383 876 ᾔδεα,
404 776 489 854 'hinc
509 781 575 876 ᾔδη
608 787 737 852 deducit
759 789 909 871 additque
942 789 981 855 de
1004 789 1187 872 imperfecto
1209 792 1247 858 ἔα

133 909 214 972 quae
237 910 334 973 supra
355 891 529 957 retulimus.
1197 953 1204 959 .

216 992 266 1057 Ab
288 992 337 1057 his
360 988 503 1057 omnibus
526 992 682 1058 seclusum
705 992 858 1058 habemus
881 993 1112 1060 substantivum
1124 997 1248 1078 generis

129 1096 281 1175 neutrius,
304 1096 400 1160 ouius*
414 1095 495 1160 duae
517 1094 640 1161 vocales
664 1101 823 1160 extremae
846 1099 878 1166 ῖι
903 1097 934 1161 in
958 1099 984 1181 ἦ
1005 1103 1248 1180 conumpuntur

128 1197 160 1262 in
183 1197 288 1261 dativo
311 1197 430 1283 Δέληιι
445 1268 448 1273 ,
462 1196 534 1280 (hoc
554 1198 701 1281 accentu)
735 1197 867 1264 δελέατι
890 1198 966 1265 Hes
1000 1203 1034 1265 et
1055 1200 1247 1266 deminutivo

129 1296 295 1385 δελήιιιιι,
329 1300 413 1381 quod
437 1318 475 1364 ex
498 1298 659 1381 Sophrona
682 1298 826 1379 affertur,
861 1299 898 1366 cf.
922 1301 1036 1367 Parali.
1065 1301 1115 1367 75.
1160 1302 1248 1368 Haec

130 1420 202 1467 cum
223 1400 386 1484 bisydabis
409 1403 584 1483 concinmrt,
607 1402 722 1485 quibus
745 1421 842 1484 supra
862 1422 939 1469 usus
962 1422 1041 1484 sum,
1065 1405 1174 1492 φρέαρ
1189 1410 1247 1471 etc.

213 1506 256 1587 ἴῃ
289 1496 368 1589 ini,
398 1506 514 1570 transit
546 1506 578 1570 in
611 1505 816 1571 coniunctivis
849 1507 1047 1591 quorundam
1079 1505 1247 1573 verborum

126 1607 349 1689 berytonorum
370 1607 403 1671 in
426 1606 491 1682 305.
514 1608 560 1696 μὴ
587 1604 683 1695 ἐγχῇς
715 1609 812 1673 Arist.
834 1607 929 1689 Vesp.
952 1605 1024 1687 616,
1057 1605 1116 1672 δᾶν
1138 1609 1180 1696 δῇ
1214 1614 1247 1674 et

126 1710 197 1789 elia,
219 1728 300 1793 quae
322 1714 452 1791 propter
473 1729 627 1794 syncopae
649 1701 1244 1793 specicmproposuiinElemm.1243.

126 1811 185 1878 His
208 1812 309 1877 simile
332 1802 438 1899 ἤνπερ
461 1817 556 1900 ιιῆιαι
579 1814 678 1878 nostri
702 1813 805 1879 critici
823 1813 856 1878 in
879 1813 1001 1879 dnobus
1015 1812 1146 1877 Homeri
1167 1813 1244 1879 locis

126 1920 313 1996 receperunt
345 1933 404 1997 pro
438 1921 555 1990 κεῖται,
589 1916 673 1997 quod
705 1916 759 1999 qui
793 1913 981 1995 defundunt,
1015 1913 1245 1981 subiunctivum

125 2017 284 2082 interdum
317 2017 359 2082 ad
380 2018 540 2084 indicativi
573 2016 707 2083 formam
739 2017 890 2084 recidisse
915 2023 1026 2083 rentur
1046 2019 1084 2084 ut
1104 2012 1162 2083 ἐὰν
1185 2000 1244 2093 δεῖ,

125 2119 183 2187 ἐὰν
201 2119 260 2230 ζεῖ,
283 2140 312 2185 r.
334 2119 450 2201 Reisig.
484 2118 621 2185 Coniect
643 2121 676 2185 in
698 2120 857 2203 Aristoph.
880 2117 922 2183 44
945 2124 979 2184 et
999 2116 1141 2184 Dindorf.
1163 2117 1245 2213 The

125 2242 208 2289 saur.
222 2222 256 2288 T.
268 2222 301 2288 11
314 2220 405 2288 1036.
419 2220 695 2311 -Adiectivorum
716 2241 814 2288 unum
836 2221 898 2287 huc
920 2221 1065 2287 convenit
1086 2208 1242 2303 θεοιιδῆς,

125 2326 279 2409 siquidem
300 2324 334 2389 id
356 2342 426 2390 oum
448 2322 545 2390 verbo
567 2325 706 2404 timendi,
729 2344 791 2407 qno
814 2319 923 2411 ἀδεής,
955 2324 1162 2407 compositum
1184 2329 1243 2403 est,

122 2429 221 2510 epsiio
244 2428 294 2494 vei
317 2428 421 2493 exciso
443 2426 492 2490 vel
515 2432 683 2507 contusum,
714 2447 741 2491 v.
763 2427 896 2493 Elemm.
919 2425 1029 2491 1242.
1073 2425 1123 2492 De
1144 2425 1243 2512 νηλής

126 2526 297 2616 donatianos
319 2528 407 2601 brevi
430 2510 577 2609 posia.-

209 2631 241 2697 Π
264 2632 300 2697 Α.
348 2631 394 2697 Τὸ
418 2630 543 2703 iunio
565 2635 683 2715 τριχῶς
697 2634 928 2715 συναιροῦνιαι
951 2624 1051 2716 ἤγουν
1062 2630 1241 2715 κίρνανται,

123 2731 170 2814 εἷς
192 2733 249 2821 τὴν
269 2736 305 2805 ἦ
328 2733 421 2818 παρὰ
444 2740 516 2812 τοῖς
534 2729 730 2820 Ἀθηναίοις
751 2724 824 2819 οἷον
846 2727 1055 2816 εὐσεβοῦς,
1088 2734 1183 2818 παρὰ
1205 2733 1243 2801 δὲ

121 2843 192 2916 τοῖς
205 2841 372 2922 Δωριεῖσι
397 2838 452 2903 καὶ
468 2830 646 2925 ”lacerate
668 2835 727 2919 τὴν
750 2839 800 2907 Io:
818 2830 1027 2917 Ὀδυσεῦς,
1046 2831 1241 2922 Ἐρέβευς,

122 2939 273 3018 σπανίως
295 2939 332 3007 δὲ
354 2938 446 3023 παρὰ
471 2945 539 3015 τοῖς
559 2929 755 3022 Ἀθηνᾶίοις
776 2934 825 3015 εἰς
847 2937 905 3023 τὴν
927 2941 967 3007 fa:
1001 2938 1133 3018 πλεῖν,
1158 2941 1242 3005 δεῖν

122 3041 275 3108 Choerob.
312 3043 380 3106 157.
424 3041 597 3106 Postremis
628 3040 661 3105 in
683 3039 815 3105 Eiemm.
844 3036 945 3104 1474
980 3039 1080 3104 adieci
1112 3041 1241 3121 propria

122 3144 308 3232 Κλειγένης,
332 3144 543 3228 Πλεισθένης
554 3141 613 3223 **),
635 3158 694 3206 nec
716 3146 803 3206 mnto
826 3142 1024 3220 sententiam,
1046 3141 1120 3207 licet
1141 3140 1240 3209 reira-

121 3251 214 3329 getnr
235 3245 452 3312 Mehihornius
484 3263 514 3327 p.
541 3242 592 3308 91.
637 3243 697 3309 His
730 3243 920 3325 comparatis
942 3242 1096 3309 Matthiae
1127 3245 1154 3329 ξ.
1177 3243 1241 3311 246

120 3368 150 3431 ρ.
174 3348 236 3416 597
259 3353 369 3429 κεῖμαι
393 3365 432 3439 ex
454 3348 570 3428 κίομαι
592 3351 702 3412 natum
725 3345 845 3423 statuit
867 3349 992 3410 veteres
1014 3363 1089 3410 vero
1111 3345 1241 3411 averbo

122 3451 338 3517 commenticio
360 3450 473 3533 κέεμαι
497 3454 653 3532 repetunt
676 3447 777 3530 Epim.
793 3447 809 3512 I
827 3446 896 3514 196.
919 3447 949 3527 3,
972 3453 1028 3512 aut
1050 3448 1241 3516 anadromen

121 3558 300 3632 causantur,
334 3552 393 3618 hoc
415 3557 466 3617 est
485 3569 654 3634 personam
685 3552 813 3617 tertiam
836 3555 943 3617 κεῖται
969 3549 1061 3632 quasi
1082 3550 1242 3632 exemplar

121 3654 228 3735 fuisse,
251 3656 292 3721 ad
314 3655 400 3738 quod
422 3660 546 3730 ceterae
568 3652 763 3737 fingerentur
778 3652 820 3736 [v.
833 3671 970 3735 suprap.
982 3650 1048 3739 55].
1069 3651 1241 3719 Praeterea

120 3757 356 3825 cnoeroboscus
379 3757 468 3823 Orth.
491 3756 563 3823 241.
586 3757 606 3823 9
629 3756 779 3836 Νείλιως
802 3753 894 3843 παρὰ
917 3754 955 3821 τὸ
979 3750 1134 3835 Νεόλεως
1156 3753 1241 3851 καρὰ

119 3929 376 3940 -ῇο-*υι-

204 4029 234 4095 *)
247 4048 277 4098 p.
294 4030 355 4084 25d.
372 4029 454 4082 Aria:
471 4031 565 4098 „Epiei
582 4026 670 4098 νηλής,
689 4031 764 4096 νηλέι·
780 4038 841 4097 etc,
857 4045 938 4097 prose
955 4021 1077 4093 ἀνηλεής,
1096 4024 1240 4094 ἀνηλέητος

175 4112 182 4133 s
210 4110 216 4128 ⁶
244 4117 260 4143 ιι

118 4122 149 4169 ¹2
165 4118 241 4266 “223
254 4113 428 4255 etladmgtiao
454 4195 606 4271 δρεινόμος,
634 4197 801 4271 ἔδεδχρυσος,
829 4192 985 4267 διρειγενὴς
1011 4207 1055 4252 cet.
1076 4199 1109 4252 ι’δ.
1127 4216 1157 4269 p.
1179 4197 1240 4262 476,

122 4282 174 4340 aad
192 4283 270 4354 (468)
288 4295 311 4339 et
329 4287 407 4340 multo
424 4294 483 4339 ame
502 4285 605 4341 Paroll.
622 4281 674 4375 456
690 4304 718 4339 a.
738 4284 750 4338 l
771 4284 818 4352 (cl.
837 4283 937 4352 Pam
955 4278 1029 4351 086).
