2736 4778
130 344 192 411 184
509 334 787 405 DISSERTATIO
814 334 886 403 vm

125 524 215 574 ororn
237 505 380 572 versibus
401 502 652 586 interpunctione
674 500 817 566 dirennis
843 520 885 583 ny
916 500 1132 566 inserendum
1168 505 1267 584 puta·

125 611 180 692 rit
202 629 265 676 uon
286 614 323 674 nt
344 625 455 674 versus
470 607 643 672 clausulam
658 606 829 688 signarent,
851 605 908 670 sed
930 609 966 669 ut
987 603 1164 670 dictionis:
1187 598 1267 694 ᾔιι·

126 737 190 782 σιν.
226 711 274 779 Σὺ
297 709 326 779 δ’
350 710 489 793 ἔιΗίρῙι.
505 708 596 790 1319,
618 707 779 776 κακίοσιν.
828 709 920 775 Ostia
943 707 1063 775 de'lon.
1089 705 1174 788 637,
1200 703 1265 792 dp-

125 840 236 900 μσσιν.
280 814 397 901 Κῆρυξ
418 814 456 881 δέ
478 813 585 896 Suppl.
608 811 680 891 667,
713 807 937 899 μσχθὴμσσιν.
987 807 1108 890 &doeg
1131 815 1174 878 δέ
1196 813 1266 880 lon.

127 918 226 998 1139,
250 914 529 1003 θησαυρίσμασιν.
571 914 613 982 Τι’
636 919 719 1005 δῆτα
734 914 824 996 1305,
847 910 896 992 τίς
919 906 946 979 o'
961 909 1164 995 ἆτιώλεσενς
1205 914 1268 995 Τίς

124 1020 231 1088 ιὸν-
246 1020 330 1085 bled
355 1018 447 1099 1208,
469 1023 504 1084 et
523 1018 579 1083 ubi
589 1037 726 1102 persona
735 1023 893 1084 mutatur:
915 1016 1055 1082 Pbocnn.
1082 1016 1188 1098 1689,
1214 1019 1265 1085 El.

123 1122 196 1191 aba
240 1121 304 1188 Sed
326 1122 449 1187 codices
471 1121 653 1204 discrepant
673 1119 777 1187 Oresa
801 1120 882 1186 1058
904 1118 1027 1203 (1065),
1045 1117 1266 1208 τολμήμασι.

123 1222 276 1312 Πυλάδη,
299 1243 358 1290 uec
380 1225 526 1290 convenit
547 1223 772 1290 decliislocis:
797 1216 906 1289 ὤλεσε.
943 1221 989 1288 Σὺ
1012 1215 1043 1288 b’
1069 1215 1265 1306 11131885,

124 1326 248 1413 ὕβρισε·
282 1325 356 1394 ισιίι
379 1323 441 1412 γάρ
464 1327 613 1392 Androm.
636 1324 707 1407 996,
740 1323 898 1410 ἐκώμασε.
948 1327 1189 1414 Τειρασιιελὴς
1225 1329 1265 1396 δέ

125 1432 219 1498 Herc.
245 1431 304 1496 177
328 1429 429 1531 (189),
452 1429 567 1513 quibus
588 1430 743 1496 Matthiae
765 1447 932 1496 consonam
956 1431 1123 1511 apposuit,
1148 1437 1263 1513 poste·

126 1536 227 1602 riores
250 1534 463 1600 detraxerunt.

212 1635 369 1719 Deinceps
391 1635 432 1700 de
450 1635 684 1718 iambograpbis
706 1636 849 1702 dicturus
871 1653 976 1714 eram,
1011 1635 1069 1700 sed
1095 1636 1168 1702 iarn
1203 1656 1260 1704 vc·

126 1759 207 1821 reor,
230 1759 270 1805 ne
292 1739 363 1821 quis
384 1738 462 1803 mihi
484 1755 593 1802 amem
615 1738 725 1803 vellat:
750 1736 827 1815 Qort
851 1738 929 1824 leget
950 1736 1048 1801 iaec?
1075 1738 1258 1821 'Equidem

126 1861 189 1909 non
211 1840 319 1909 defore
339 1844 426 1925 puto,
448 1839 563 1922 quibus
585 1840 664 1906 haec
684 1845 753 1906 tota
766 1841 910 1922 quaestio
932 1841 1025 1905 nimis
1047 1840 1143 1906 exilis
1166 1842 1257 1908 simi·

124 1945 226 2029 lisque
252 1943 516 2029 Myrmecidarum
538 1943 687 2025 operibus
708 1942 862 2009 videatur.
907 1943 1056 2008 Attamen
1088 1945 1179 2026 quod
1215 1945 1256 2011 de

125 2054 274 2132 praetore
296 2049 426 2115 dicitur:
449 2045 579 2109 metim
600 2069 664 2110 non
686 2059 786 2127 carot,
808 2047 900 2129 longe
912 2045 1062 2113 obhorret
1084 2047 1127 2112 ab
1151 2046 1258 2115 officio

127 2158 222 2236 atque
245 2170 375 2218 munere
398 2150 610 2233 grammatici,
644 2150 695 2216 cui
717 2168 798 2232 quoe
831 2150 973 2216 subiecta
1005 2155 1056 2215 est
1087 2152 1255 2232 materies,

126 2261 194 2322 teta
215 2261 339 2323 constat
361 2274 400 2321 ex
421 2253 584 2337 particulis
606 2253 743 2318 minimis
772 2259 806 2319 et
826 2254 917 2336 qnasi
938 2253 1076 2318 tessellis
1108 2254 1256 2338 undiquc

126 2359 346 2440 conquirendis
369 2358 484 2424 etrite
506 2358 538 2421 in
561 2357 699 2438 speciem
721 2358 825 2439 operis
841 2356 1037 2422 vermiculati
1060 2373 1255 2440 componen-

127 2461 185 2528 dis.
230 2460 294 2527 Sed
315 2461 380 2526 iam
401 2461 538 2542 cognito,
572 2464 725 2541 quantum
753 2460 896 2542 cognosci
928 2463 1047 2541 potest,
1080 2466 1254 2541 poetarum

126 2585 195 2646 usu,
219 2566 328 2648 paucis
351 2582 514 2645 exsequar,
537 2563 613 2644 quid
636 2582 768 2629 sermo
790 2562 1001 2630 communis
1022 2559 1114 2627 ferat.

213 2667 240 2750 ᾗ.
263 2665 292 2731 8.
338 2665 501 2730 Consonae
532 2667 739 2746 poragogicac
776 2669 839 2733 tria
872 2666 1091 2732 constituimus
1131 2686 1254 2749 genera

126 2768 304 2834 nominibus
327 2768 487 2833 distincta:
521 2769 749 2850 necessarium,
784 2771 999 2848 arbitrarium,
1034 2772 1252 2838 temerarium.

125 2870 313 2937 Necessario
336 2876 469 2936 utuntur
490 2875 603 2952 poetae
626 2870 657 2934 in
680 2871 791 2936 mediis
813 2873 956 2938 versibus
979 2873 1072 2937 modo
1099 2874 1142 2937 ad
1178 2894 1252 2956 pro

125 2976 304 3041 ductionem
326 2974 465 3057 syllabae
486 2973 602 3052 brevis,
625 2973 718 3039 modo
740 2977 990 3041 contrabiatum.
1035 2975 1252 3043 Arbitrarium

126 3079 211 3144 varie
235 3079 398 3160 soluteque
422 3083 555 3158 vagatum
578 3077 661 3141 circa
693 3078 851 3144 clausulas
881 3097 1044 3157 versuum,
1079 3082 1252 3163 praecipue

125 3181 231 3247 hiatus
254 3180 422 3246 amoliendi
445 3198 549 3245 causa
593 3179 663 3244 Etsi
687 3181 769 3246 enim
792 3184 824 3247 in
837 3182 978 3248 confiniis
990 3200 1138 3247 versuum
1153 3203 1252 3250 sensu

127 3284 365 3350 cohaerentium
377 3283 651 3365 frequentissimus
674 3289 737 3348 est:
761 3282 898 3352 πόλινδε
913 3284 1114 3371 Hipparini,
1138 3285 1253 3355 ἐκέκα·

126 3411 184 3453 oro
199 3381 370 3473 ΙΙὸρνιθσς
392 3392 424 3450 et
448 3387 478 3450 in
508 3387 701 3452 scenicorum
723 3385 852 3453 fabulis:
877 3388 961 3453 κακὰ
975 3388 993 3474 Η
1008 3381 1101 3476 ιἰἷλγη,
1135 3387 1205 3472 ἅμα
1221 3389 1241 3476 ΙΙ

127 3487 234 3576 decipi,
259 3495 374 3570 tamen,
398 3488 452 3553 ubi
468 3489 618 3555 attractio
631 3488 779 3571 effugium
795 3491 935 3574 praebet,
960 3511 997 3557 ea
1020 3497 1085 3557 tom
1103 3500 1254 3559 constan·

125 3597 176 3657 ter
198 3594 378 3671 assumitur,
401 3597 437 3656 ut
459 3594 549 3674 quasi
572 3594 642 3675 loge
653 3594 789 3674 quodum
801 3595 923 3660 sancita
936 3595 997 3660 dici
1009 3596 1117 3677 possit.
1146 3595 1252 3663 Multo

125 3695 228 3759 rarius
250 3695 283 3759 id
306 3696 420 3761 occidit
441 3695 658 3778 interpunctis
683 3697 771 3762 cuius
794 3700 919 3778 generis
930 3699 1080 3763 nonnulla
1100 3702 1252 3780 superius

126 3798 227 3863 attuli.
271 3797 331 3863 His
354 3800 381 3863 si
404 3796 498 3863 fidem
521 3799 729 3882 adiungimus,
753 3800 962 3866 confitendum
985 3802 1054 3879 erit
1088 3804 1252 3869 nonnullis

124 3906 267 3964 veterum
291 3900 386 3964 moris
409 3896 516 3980 fuisse,
540 3905 576 3964 ut
597 3901 820 3981 voccslinales
844 3903 1030 3985 quibuscum
1043 3909 1246 3988 sensuscxit‚

125 4003 193 4067 soni
216 4002 372 4068 excitandi
395 4020 492 4068 cansa
507 4003 560 4068 illo
583 4006 674 4087 qnasi
695 4023 814 4086 pausae
838 4007 926 4088 signo
949 4008 1154 4074 instruerent.
1202 4011 1247 4077 Et

126 4105 166 4170 ad
188 4105 247 4169 boc
269 4102 515 4171 confirmandum
538 4127 600 4172 non
621 4108 689 4173 leve
707 4115 898 4175 momentum
921 4109 1022 4191 offert
1044 4112 1129 4193 quod
1151 4131 1252 4196 saepe

125 4207 258 4272 verbis
295 4210 503 4276 carminum
536 4210 688 4276 ultimis
717 4211 893 4280 subtexitur
915 4233 977 4278 non
1001 4215 1101 4280 solum
1124 4215 1156 4280 iu
1182 4218 1251 4299 epi·

125 4311 326 4393 mammetis,
355 4318 392 4378 ut
414 4314 680 4396 supradiximus,
714 4317 770 4382 sed
793 4319 888 4385 oborn
911 4318 943 4383 in
965 4317 1156 4385 carminibus
1180 4338 1251 4386 ma-
