2736 4778
326 312 392 379 DE
412 307 689 378 PARECTASI.
733 307 772 377 Ο.
793 310 836 379 V.
863 313 889 396 ς.
904 311 934 377 2.
1115 312 1187 389 475

78 501 173 568 πλεῖν
209 521 228 566 e
260 501 378 565 πλεῖον
409 497 531 563 lactum
563 497 683 563 omisso
710 487 736 563 ο
767 497 888 575 micro,
929 497 1137 586 Κλεισθένης
1169 520 1188 563 e

77 600 312 685 Κλεοσθένης,
334 598 399 663 hoo
420 612 567 665 autema
590 599 700 665 dativo
720 599 848 684 integro
865 599 951 665 κλέει
970 600 1188 687 compositum

79 701 269 776 arbitratur,
298 711 464 786 postremo
490 700 623 765 atticum
645 698 791 777 Νείλειος
819 722 838 763 a
859 700 967 786 prisco
988 696 1116 788 Νηλεύς
1135 700 1186 765 ni-

77 801 124 868 bil
145 801 309 866 dicerem
329 800 477 886 putav).
521 801 591 870 Sed
611 800 693 867 haec
720 823 834 866 vereor
854 823 896 866 ne
917 800 1071 866 fervidius
1093 822 1189 886 prae·

78 905 214 991 cipitata
236 903 300 967 sint
321 892 466 969 consilia
519 906 599 969 Δεῖν
628 915 714 968 certe
744 902 954 990 participium
983 914 1033 968 est
1060 902 1095 966 in
1117 901 1188 966 Lu·

80 1004 164 1070 cian.
209 1005 290 1090 Jup.
318 1003 417 1090 Trag.
451 1024 479 1070 e.
509 1003 559 1069 14.
589 1007 666 1080 ναῦς
696 998 810 1089 ὀλίγου
842 1005 911 1070 δεῖν
935 999 1128 1092 ἀπολομένη
1157 1013 1191 1068 et

79 1105 211 1171 Philon.
234 1104 274 1169 de
295 1104 386 1169 Fort.
409 1106 450 1171 V.
474 1103 545 1170 740.
569 1102 608 1171 C.
638 1098 684 1182 ὠς
705 1097 743 1169 οὗ
766 1106 834 1169 δεῖν
861 1099 988 1182 ἇιελεῖς
1010 1103 1070 1180 τὰς
1091 1101 1188 1169 ἐλπί-

79 1206 144 1283 δας
164 1202 428 1286 saccones-ddum
450 1205 507 1272 ubi
528 1206 675 1292 Mangey
697 1228 730 1291 p.
754 1203 829 1270 380.
859 1203 935 1271 δέον
961 1204 1059 1271 scribi
1074 1204 1188 1289 jubet3

77 1307 184 1382 πλεῖν,
208 1305 297 1390 quod
319 1304 396 1373 Sch.
417 1309 490 1373 BL.
516 1308 560 1374 ad
570 1307 609 1373 Il.
628 1306 674 1372 II.
699 1306 769 1371 103.
792 1328 866 1371 cnm
885 1305 1032 1385 Νείλειος
1053 1308 1187 1381 confert,

78 1427 119 1470 ex
140 1407 258 1471 πλεῖον
279 1407 447 1473 concisum
475 1430 548 1477 esse
581 1430 681 1495 snpra
707 1406 935 1473 dubitavimus.
979 1407 1188 1494 Κλεισθένης

78 1507 105 1572 si
125 1529 166 1572 ex
192 1507 291 1572 dativi
312 1509 416 1574 forma
439 1511 574 1598 propria
596 1521 629 1577 et
649 1498 838 1596 incorrupta
866 1509 976 1573 fictum
998 1520 1102 1585 esset,
1134 1530 1186 1573 rc·

77 1619 241 1695 pugnaret
267 1608 418 1675 affinibus
448 1611 649 1699 Κλεογένης,
677 1611 855 1696 Κλεοφῶν,
880 1605 1081 1692 χρεοκόπος,
1110 1633 1186 1673 κυο-

78 1708 184 1796 ηνῖρος
205 1722 266 1775 etc.
289 1731 427 1795 quorum
453 1712 576 1778 nullum
602 1712 645 1776 ad
667 1710 755 1775 illam
777 1710 861 1775 tertii
886 1732 980 1775 casus
1002 1707 1186 1775 similitudi-

78 1833 153 1877 nem
173 1811 340 1897 redigitur.
386 1813 488 1896 Quod
516 1826 624 1880 autem
650 1813 833 1881 Abrensius
862 1811 976 1878 statuit
1002 1812 1086 1879 Dor.
1112 1811 1186 1877 218.

77 1909 256 1998 Κλειγένης
277 1934 319 1977 ex
340 1913 522 2002 Κλειγένης
543 1929 756 1990 contractum,
778 1912 841 1980 hoc
863 1937 940 1979 vero
961 1936 1021 2000 pro
1045 1910 1188 1996 Κλεογέ-

77 2037 135 2099 νης
163 2012 374 2079 substitutum
404 2026 437 2080 et
470 2016 505 2080 id
536 2040 602 2082 nen
636 2039 709 2082 cum
738 2016 869 2081 nomine
903 2015 961 2080 sed
988 2037 1061 2080 cum
1087 2011 1187 2077 verbo

78 2112 164 2179 κλέιο
191 2115 410 2200 compositum
442 2139 514 2183 ease
549 2117 754 2203 redarguitur
781 2117 846 2181 hoc
878 2127 1068 2202 argumento
1099 2112 1187 2198 quod

77 2213 178 2279 verba
197 2216 344 2300 ejusdem
367 2217 491 2293 ordinis
511 2218 585 2297 ξέοι,
608 2219 692 2302 ῥέοι,
715 2218 779 2298 χέεν
800 2230 861 2284 etc.
882 2218 917 2282 in
941 2215 1098 2302 synthetis
1122 2236 1189 2281 uon

78 2315 218 2402 primum
244 2315 353 2381 locum
384 2317 533 2385 obtinent
562 2320 621 2387 sed
651 2332 849 2406 postremum
880 2316 1082 2401 φυλλοχόος,
1112 2341 1184 2400 χρο-

77 2415 218 2501 σοῤῥόος
247 2429 280 2483 et
318 2419 368 2483 all.
402 2443 463 2507 pro
485 2419 706 2508 θρεοκιίρὸιος
725 2434 832 2486 autem
853 2420 887 2485 in
908 2423 1031 2485 Anacr.
1054 2418 1185 2502 Fragm.

78 2516 192 2586 Critici
232 2521 431 2607 scripserunt
470 2522 731 2605 θροοσκοηδιος.
789 2522 878 2587 Hinc
913 2522 1059 2607 sequitur
1089 2519 1186 2585 etiam

77 2616 309 2703 Κλεόσιηιοος
336 2635 369 2688 et
396 2619 588 2710 Κλεοχάρης
614 2645 681 2689 non
714 2645 787 2688 cum
821 2624 884 2688 alia
910 2637 1003 2709 parte
1031 2619 1187 2687 orationis

79 2734 230 2787 conserta
258 2745 330 2788 esse
359 2746 457 2808 quam
481 2720 706 2808 ψυχοπομπός
733 2735 766 2788 et
792 2721 983 2813 ὁοξοχαρής.
1033 2722 1187 2806 Denique

77 2824 225 2901 Νει’λειος
245 2826 462 2910 compositum
490 2824 629 2902 videtur,
656 2826 794 2911 simplex
814 2847 890 2890 vero
912 2821 1068 2902 Νειλεύς,
1098 2823 1188 2909 quod

77 2919 330 2990 Choeroboscus
361 2926 456 2992 Orth.
479 2927 559 3001 241,
582 2926 612 2989 b.
641 2926 751 2990 dorice
779 2948 838 3010 pro
861 2923 991 3013 Νηλεύς
1018 2925 1083 2990 dici
1105 2946 1184 2989 eon-

76 3022 232 3108 andin).
275 3027 329 3092 De
352 3024 415 3091 hoc
436 3026 517 3090 nihil
541 3026 712 3101 affirmem
739 3027 799 3092 sed
823 3025 1001 3090 contractio
1029 3025 1086 3088 illa
1109 3023 1187 3087 satis

147 3227 178 3293 λ)
193 3231 312 3290 Νεέλειος
323 3227 414 3282 Mileti
429 3226 558 3282 conditor
569 3245 769 3298 nonnunquam
784 3224 888 3294 Νηλεύς
899 3233 1014 3281 vocatur
1026 3242 1048 3275 v.
1062 3223 1186 3278 Brunck.

78 3312 114 3367 ad
128 3310 251 3368 Theocr.
264 3313 401 3368 XXVIII.
415 3314 439 3365 3.
458 3311 621 3383 posterique
635 3313 694 3383 ejus
711 3313 842 3381 Νηλεῖδαι
857 3312 988 3383 Apollou.
1002 3311 1071 3376 Arg.
1087 3308 1108 3362 l.
1127 3310 1185 3363 959.

78 3406 108 3452 et
118 3396 239 3454 vicissim
251 3399 356 3454 Neleus
370 3378 452 3453 beros
467 3390 576 3457 Νειλεῦς
594 3417 620 3452 ν.
632 3398 748 3455 Jacobs.
768 3401 804 3453 sd
818 3401 902 3452 Anth.
921 3418 949 3470 p.
965 3398 1008 3450 38.
1029 3398 1189 3463 Κλησθένης

78 3482 107 3537 in
120 3480 209 3537 Inscr.
224 3483 298 3538 Cret.
318 3502 375 3538 non
395 3501 431 3538 ex
445 3488 617 3552 Κλεισθένης
635 3493 665 3539 ut
677 3485 830 3540 Ahrensius
842 3486 910 3539 Dor.
931 3486 989 3536 ¹202.
1004 3490 1097 3536 ortum
1110 3480 1188 3536 ‹liae-

78 3568 128 3622 rim
143 3572 193 3624 sed
210 3588 262 3641 per
279 3577 380 3643 tropen
402 3570 515 3624 dialecti
534 3569 667 3638 vulgaris.
698 3571 752 3624 Pro
768 3575 942 3637 Ιέλησθένης,
960 3571 1036 3639 quod
1054 3569 1083 3622 in
1104 3572 1187 3626 codd.

78 3653 215 3725 Stephani
229 3674 257 3726 p.
276 3659 330 3710 113.
345 3657 456 3726 legitur.
470 3656 637 3711 Gaissordus
650 3655 677 3708 in
699 3657 760 3709 EM.
775 3660 831 3720 tos,
849 3660 887 3709 li.
904 3660 1072 3725 Πλεισθένης
1088 3657 1187 3712 edidit.

77 3745 268 3806 ΙΙλησιονεέιιιι
289 3741 393 3812 legitur
408 3743 436 3797 in
453 3742 540 3797 Inscr.
560 3744 663 3797 bacon.
683 3742 767 3813 Corp.
787 3760 814 3796 n.
839 3741 909 3796 lltlss.
930 3746 1102 3812 Κλεοσθένης
1122 3743 1188 3814 Ερί·

78 3825 182 3880 damnii
203 3827 347 3897 cujusdam
363 3845 465 3882 nomen
483 3827 512 3882 in
528 3829 614 3883 Anth.
628 3829 702 3898 App.
726 3831 784 3883 227.
803 3829 977 3901 trisyllabum
994 3840 1039 3884 est
1057 3839 1188 3900 porrecta

76 3913 178 3972 media.
191 3912 263 3967 sicut
275 3918 388 3975 πλέονες
400 3913 566 3984 bisyllabum
579 3916 634 3970 Od.
646 3914 754 3969 XVIII.
767 3917 827 3969 stt.

147 4001 176 4063 5)
190 3998 269 4053 Sicut
281 3996 390 4070 Βάκχος
402 4000 475 4054 idem
489 4001 591 4056 dicitur
604 3999 735 4070 Βακχεύς,
748 3998 883 4069 Auruncis
892 3994 1065 4069 Λινκιορειῖς,
1079 3992 1189 4067 Πεὲιρο-

77 4088 140 4144 κλος
150 4083 330 4154 ΙῙοιηοιιιεὺς.
345 4086 383 4140 ita
396 4087 514 4141 tortasse
523 4087 623 4159 aliquis
632 4087 734 4142 dixerit
743 4084 854 4146 ,νηλεές
866 4105 882 4138 a
894 4090 993 4146 Νεῖλος
1002 4094 1189 4155 propagatum

77 4188 138 4225 esse
150 4173 292 4241 quomodo
305 4190 390 4241 quum
403 4173 450 4227 alli
464 4175 554 4229 vocati
566 4182 631 4227 anot
643 4181 702 4228 tum
716 4172 799 4226 etiam
815 4171 937 4225 medicus
951 4187 1035 4240 saepe
1052 4171 1187 4227 aGelene

77 4257 214 4321 laudatus,
228 4256 357 4329 idemque
367 4254 479 4320 Νειλεύς
490 4258 544 4314 dici
557 4258 772 4331 videtur00mp.
781 4259 893 4329 Medp.
902 4256 986 4312 Locc.
996 4256 1033 4313 II.
1042 4258 1100 4312 tet.
1110 4266 1187 4332 etsq.
