2736 4778
196 282 276 415 4⁴8¹
546 339 868 408 DISSERTATIO
896 338 963 406 111.

196 527 265 592 tiva
286 526 321 593 in
340 512 374 594 ib
393 538 528 606 exeunt,
559 525 628 592 iota
649 538 775 593 mutum
797 527 944 592 evulsum
966 536 1033 592 est:
1056 519 1209 614 Ἀργῶον
1238 526 1321 598 σκά-

196 653 263 719 φος
288 640 322 696 et
337 625 468 716 Ἀργώη
491 633 571 707 νοῦς
592 630 655 694 hoc
677 641 729 694 est
743 624 852 716 ’Λργώ
877 629 1023 714 ναόςη)
1045 629 1125 694 Eur.
1136 629 1233 694 Med.
1245 630 1320 696 477.

195 732 300 798 Anth.
330 732 409 800 VII.
437 732 511 797 637.
563 731 678 814 Quint.
707 730 791 796 XII.
822 729 895 796 268.
929 740 962 796 et
999 730 1192 817 saepissime
1228 731 1321 819 apud

194 833 423 920 Apollonium,
445 833 504 899 sed
525 833 691 899 reviviscit
711 833 874 907 interdum
895 832 930 897 in
952 833 1051 897 codd.
1072 831 1252 900 Diod.lV.
1266 832 1318 899 56.

194 935 364 1023 Lycophr.
387 934 460 1000 883.
504 936 598 1000 Idem
616 935 737 1000 accidit
758 934 846 1011 aliis,
873 937 996 1019 Δηῶος
1023 934 1127 999 Anth.
1150 944 1184 999 at
1204 935 1317 1001 Noun.

192 1030 305 1115 Ἰνῶος
335 1037 461 1120 (omiss.
492 1036 526 1100 in
548 1035 665 1122 Thes.)
695 1037 805 1102 Noun.
835 1035 900 1100 IX.
929 1034 1003 1100 269.
1033 1039 1183 1120 Λητῶος
1209 1037 1316 1125 Soph.

194 1142 364 1225 Μορτῶον
383 1137 530 1221 πέλαγος
552 1133 623 1203 ἀπὸ
647 1142 806 1223 Μορτοῦς
826 1138 928 1202 Paua.
951 1137 1048 1204 VIII.
1073 1136 1130 1214 14,
1152 1137 1182 1202 8.
1206 1137 1317 1207 strab.

195 1240 243 1307 II.
267 1239 339 1303 124.
385 1239 495 1305 Schol.
518 1239 557 1304 Il.
575 1240 655 1306 XV.
677 1240 729 1305 27.
752 1240 893 1325 Dionys.
917 1240 1035 1306 Descr.
1060 1239 1132 1303 133.
1154 1239 1320 1327 Σαρδῶος

193 1341 313 1427 Polyb.
336 1342 363 1406 I.
386 1340 444 1418 88,
476 1341 507 1406 9.
531 1342 663 1426 Scymn.
688 1340 760 1406 196.
783 1342 885 1406 Anth.
907 1341 986 1409 v11.
1012 1340 1087 1405 621.
1110 1339 1234 1425 quibus
1255 1362 1316 1407 no-

194 1443 319 1509 vissimi
352 1443 494 1509 editores
523 1443 669 1509 vocalem
701 1443 860 1508 caducam
887 1442 1112 1507 reddiderunt.
1157 1442 1230 1510 sed
1256 1442 1316 1508 ad·

194 1555 341 1613 versatur
363 1545 570 1612 Schaefems.
614 1547 649 1610 Is
682 1546 768 1609 enim
797 1544 840 1608 ad
870 1543 981 1611 Schol.
1012 1542 1126 1631 Apoll.
1147 1542 1232 1611 335.
1258 1568 1318 1631 κη·

194 1653 281 1724 arbog
310 1658 410 1732 negat
438 1647 568 1711 aliunde
593 1646 730 1710 derivari
753 1667 852 1732 posse
880 1666 978 1729 quam
1008 1666 1028 1708 a
1055 1642 1188 1710 nomine
1214 1643 1316 1730 aproi,

197 1748 287 1833 quod
315 1769 382 1811 nou
413 1759 517 1823 extat,
557 1760 590 1812 et
615 1748 751 1833 insuper
779 1745 872 1811 addit
899 1750 945 1812 ais
966 1749 1005 1810 db
1024 1739 1132 1831 Ἀργώ
1156 1741 1316 1831 Ἀργῶος,

196 1846 305 1936 Λητώ
325 1852 482 1937 Λητῶος,
506 1846 642 1935 Σαπφώ
663 1847 902 1937 §captabant
926 1849 1039 1931 quibua
1066 1866 1124 1912 cur
1148 1849 1218 1912 iota
1241 1847 1316 1912 aab·

196 1954 357 2020 scribatur
379 1954 408 2016 ai
429 1954 500 2034 qaia
521 1971 569 2016 me
590 1952 747 2023 donarit,
771 1953 801 2014 ei
824 1947 1001 2032 δίδακτρον
1023 1949 1144 2013 debebo.
1191 1946 1316 2012 Verum

195 2053 277 2119 haec
309 2051 469 2116 dubitatio
500 2050 699 2137 praeciditur
725 2049 752 2113 si
781 2049 923 2114 animum
958 2048 1003 2112 ad
1028 2047 1161 2114 nomina
1188 2047 1316 2134 primae

197 2153 422 2220 declinationis
445 2154 613 2218 referimus
635 2173 719 2236 quac
741 2152 775 2215 in
794 2162 847 2216 eta
864 2150 915 2215 vel
927 2148 1026 2236 alpha
1036 2149 1172 2235 longum
1183 2160 1315 2226 exeunt,

193 2250 299 2341 βουλή
324 2265 405 2341 puta
426 2254 478 2318 vel
496 2253 614 2337 πέτρα.
661 2253 813 2335 Quorum
827 2275 929 2339 quum
950 2251 1029 2316 nulli
1049 2250 1236 2317 terminatio
1254 2251 1313 2317 ad·

186 2357 309 2443 jective
330 2382 367 2435 ος
388 2355 537 2442 proxime
558 2366 719 2418 attexatur
738 2367 869 2440 praeter
888 2353 1055 2440 gentilicia
1072 2350 1235 2438 quaedam
1251 2339 1314 2419 Aa

193 2463 304 2535 Λαος,
321 2463 397 2523 Χνᾶ
410 2460 525 2533 Χνᾶος
537 2455 652 2541 Steph.
664 2455 758 2520 valde
774 2455 992 2543 improbabile
1004 2455 1132 2520 ridetur
1146 2453 1188 2519 ab
1202 2448 1313 2542 ’Λργώ

194 2558 373 2623 derivatum
396 2579 468 2622 esse
483 2552 628 2641 §appone
657 2556 778 2620 omissa
810 2556 914 2621 vocab
944 2555 1105 2621 articulari
1129 2579 1229 2641 quam
1251 2579 1313 2642 po-

194 2660 255 2724 scit
278 2659 392 2743 regula
412 2658 452 2721 ab
471 2659 550 2721 ΕΜ.
571 2656 645 2733 551,
668 2657 719 2721 30.
744 2656 884 2722 breviter
911 2660 1111 2743 strictimque
1140 2657 1315 2744 proposita

192 2759 236 2826 τὰ
266 2756 315 2835 εἷς
343 2785 380 2836 ος
409 2759 546 2845 septasol
575 2762 621 2842 τῷ
651 2785 663 2824 ι
694 2757 817 2824 θέλει
813 2756 1090 2846 παραλήγεοθαι,
1118 2760 1313 2846 explicatius

192 2882 315 2946 verop.
329 2862 380 2938 29,
392 2860 445 2924 46.
457 2858 499 2925 τὰ
515 2856 564 2937 εἷς
575 2885 612 2938 ος
624 2856 777 2980 καθαροι
789 2859 940 2946 κτητικὸν
951 2858 1026 2941 ibor
1029 2883 1063 2925 dt
1074 2861 1241 2945 τέσσαρας
1252 2887 1314 2927 κα-

192 2960 357 3059 ταλὴξεις,
370 2960 429 3051 τὴν
442 2987 471 3028 ει
484 2955 677 3048 Ὃμήρειος,
691 2961 751 3047 τὴν
763 2985 799 3024 αι
813 2960 1087 3038 ταλαντιαῖος,
1051 2987 1109 3048 την
1121 2986 1153 3029 οι
1166 2956 1313 3040 ἀλλοῖος,

192 3063 250 3154 τὴν
273 3092 299 3130 ω
322 3068 489 3150 πατρῷος,
515 3059 632 3150 ἡριιῦος.
677 3003 746 3126 Alii
768 3072 833 3125 tres
856 3072 980 3125 tantum
1002 3073 1174 3126 numerant
1191 3074 1224 3128 et
1245 3087 1314 3129 non

192 3167 325 3231 easdem
350 3157 933 3250 ιι(Ε[)1ω.Ι.178,15.τὰε1ςος
960 3162 1144 3250 [zo-baptis]
1173 3167 1315 3250 κτητικὰ

190 3272 279 3350 τρεῖς
301 3263 411 3347 ἔχουσι
435 3263 716 3352 κ(ιτα1(ξεις,τ6
744 3290 756 3329 ι
778 3258 986 3341 babeamus
1017 3262 1075 3350 cria
1096 3290 1125 3329 ec
1151 3264 1313 3362 Ille—urrei-

189 3389 316 3452 τρειος,
347 3364 404 3453 τὴν
432 3392 468 3431 αι
498 3360 675 3451 ἀγοραῖος,
711 3363 840 3429 omissis
871 3364 998 3428 duabus
1021 3391 1094 3442 oto.-
1128 3376 1161 3430 et
1188 3391 1255 3443 ugo
1281 3378 1314 3431 et

189 3477 277 3531 recte
299 3414 448 3551 quidem3
471 3488 546 3530 nam
566 3465 622 3529 illa
645 3466 917 3552 significationem
940 3467 1161 3551 possessivsm
1172 3467 1312 3531 nonha-

189 3565 262 3645 bet,
298 3568 398 3631 altera
430 3592 496 3632 non
529 3569 638 3632 nativa
672 3577 721 3631 est
756 3567 814 3632 sed
848 3568 1013 3652 synaeresi
1045 3567 1242 3654 interpolata
1275 3581 1313 3633 ut

192 3671 317 3753 Τρῷος,
339 3672 504 3754 Αητῷος·
526 3669 636 3731 nativa
654 3692 741 3746 vero,
763 3693 830 3735 uon
854 3669 1014 3734 dissoluta
1026 3681 1062 3732 ut
1075 3669 1312 3755 Theognostus

190 3767 269 3832 dicit
292 3790 326 3853 p.
347 3767 399 3831 57.
421 3768 573 3833 habenda
594 3782 672 3835 sunt
694 3765 872 3856 Ἀργώιος,
907 3771 934 3835 si
958 3771 1031 3856 quia
1054 3770 1117 3835 hoc
1146 3793 1225 3835 usus
1249 3760 1312 3853 esd,

257 3939 304 4007 23)
319 3936 367 3991 Sic
380 3936 449 3990 urba
461 3937 610 3996 Romano.
623 3939 700 4009 quod
712 3938 797 4007 paulo
811 3943 878 3990 ante
893 3936 982 4008 attigi,
996 3956 1072 3992 mera
1084 3937 1255 4010 periphrasis
1267 3948 1313 3994 cat

131 4032 137 4045 ·
186 4023 306 4078 nominis
318 4023 425 4095 proprii
439 4032 470 4077 ut
483 4019 673 4095 ναῡςἈργῴη,
688 4021 741 4075 nisi
755 4021 784 4074 id
797 4039 894 4075 navem
912 4026 946 4077 ab
959 4025 1038 4093 Argo
1048 4024 1212 4078 fabricatam
1222 4024 1311 4094 signi-

186 4111 302 4261 fimi-²⁴)
316 4195 379 4249 Hoc
397 4193 496 4248 nititur
509 4191 669 4248 Casauboni
684 4192 846 4263 conjectura
865 4211 892 4246 v.
905 4195 1021 4249 Jacobs.
1036 4198 1071 4249 ad
1083 4197 1169 4248 Anth.
1182 4195 1260 4266 App.
1278 4214 1310 4250 n.

186 4278 228 4331 bl.
244 4279 371 4333 Tzetzen
385 4290 529 4334 auctorem
541 4279 623 4331 addit
635 4277 797 4333 Dindortius
813 4280 842 4332 iu
853 4279 937 4334 Thes.
