2736 4778
171 370 233 442 106
548 370 827 439 DISSERTATIO
861 373 915 439 Vl

167 532 465 618 maurusium,
489 554 592 620 neque
613 536 728 618 obstat
761 536 845 620 qnod
878 536 1000 620 syllaba
1021 538 1056 610 {i
1078 541 1200 617 ante'r
1230 557 1297 607 nor

168 640 360 722 producitur,
375 659 456 706 nam
477 640 558 706 hacc
577 658 714 706 consona
725 641 852 724 saepius
864 642 1005 708 vocalem
1016 641 1144 707 brevem
1155 641 1298 724 potitum

169 747 310 810 ceterum
345 743 505 809 Planudes
541 744 677 809 correxit
716 747 811 812 πίνοι
852 734 1042 821 διακόσιοί,
1087 745 1298 812 Hermannus

168 845 301 912 Elemm.
333 845 374 911 55
397 847 560 928 vulgatum
592 847 751 929 imperitia
784 848 921 914 auctoris
954 854 1099 929 excusat,
1134 846 1297 917 Corinnae

167 948 366 1032 trisyllabum
388 952 545 1028 ὀιονεκῶς
566 950 650 1015 ultro
673 952 856 1018 concedens.
1045 1039 1047 1043 y

255 1053 284 1119 ῖ
300 1057 333 1116 et
357 1053 380 1122 ῖ
405 1053 438 1117 in
465 1051 665 1118 nominativis
687 1055 856 1135 nominum,
879 1070 1013 1136 quorum
1035 1054 1128 1120 modo
1149 1055 1294 1137 memini,

168 1155 201 1220 in
224 1156 257 1224 7
279 1154 421 1220 contrahi
455 1160 565 1221 auctor
597 1161 648 1221 est
680 1154 919 1222 Choeroboscns
941 1155 1032 1222 Orth.
1053 1155 1126 1222 267.
1149 1156 1169 1223 3
1193 1157 1293 1247 παρὰ

167 1257 206 1324 τό
230 1251 522 1345 πόλιες,όφιες
543 1255 666 1342 γίνεται
689 1255 825 1341 πόλις,
844 1253 944 1346 όφις.
988 1259 1293 1327 ffisschollivld

167 1360 275 1427 adficit
296 1361 399 1425 crasin
421 1360 561 1443 syllabae
574 1362 708 1443 primae:
732 1358 841 1448 ἱρούς
864 1359 929 1428 α’πό
952 1366 1013 1429 τοῦ
1036 1357 1292 1450 λεριός’σιινῆ·

167 1464 302 1532 lecuras
336 1457 379 1541 ὡς
412 1459 560 1542 πόλιες
588 1461 716 1543 πόλις.
757 1461 844 1552 Ἱρός
880 1470 914 1531 et
947 1465 1090 1531 derivata
1121 1469 1291 1547 purarum

167 1568 363 1633 scenicorum
378 1566 516 1631 editores
532 1566 659 1649 saepius
675 1568 708 1633 iu
722 1567 853 1633 canticis
866 1568 1070 1650 scripserunt
1092 1586 1120 1634 v.
1132 1568 1290 1635 Fritzsch

166 1670 208 1737 ad
231 1669 355 1736 Thesm
382 1667 473 1751 1068,
496 1668 637 1736 Dindori.
660 1669 753 1736 Thes.
765 1670 800 1736 T.
813 1671 859 1736 IV
881 1675 915 1735 et
935 1669 1101 1737 anaesch.
1113 1668 1200 1752 Sept
1213 1668 1290 1753 264,

165 1773 351 1856 plerumque
374 1772 497 1839 codices
520 1762 654 1854 sequuti
673 1778 706 1839 et
727 1771 910 1839 Dindorfius
932 1774 965 1838 in
987 1773 1140 1856 colloquio
1162 1791 1290 1858 quoqne

167 1874 260 1959 Soph.
284 1874 361 1941 Oed.
391 1873 426 1940 C.
451 1872 490 1940 16
524 1875 572 1941 ed.
594 1875 680 1959 Lips.
701 1876 765 1957 111,
798 1876 896 1942 libros
929 1877 1064 1958 optimos
1097 1881 1288 1958 antestatus,

166 1997 300 2061 quorum
333 1977 421 2043 nulla
451 1984 503 2044 est
536 1978 621 2060 apud
652 1978 870 2045 Hermannum
903 1980 1020 2045 mentio
1032 1980 1069 2062 ⁴).
1127 1978 1288 2046 Homerus

165 2083 266 2148 utitur
287 2081 460 2164 trisyllabis
483 2077 609 2170 πόληες
629 2086 663 2147 et
685 2079 803 2160 πόλιες
825 2081 884 2148 od.
899 2082 959 2148 XV
973 2080 1046 2164 412,
1067 2099 1171 2164 neque
1193 2082 1289 2149 aliter

166 2179 312 2270 πόρτιες,
324 2179 439 2270 ἴδριες,
452 2181 619 2263 ἐπάλξιος,
632 2183 789 2267 Theognis
803 2185 886 2251 1020
899 2183 1046 2273 πρήξιος,
1063 2183 1287 2267 Apollon.185

166 2282 277 2365 δύσιες
309 2291 378 2367 etc,
411 2286 570 2353 Hesiodus
604 2305 679 2352 vero
712 2287 791 2371 Opp.
821 2288 884 2365 372
918 2287 1046 2356 deflexit
1078 2288 1119 2354 ad
1151 2286 1287 2356 formam

165 2408 361 2457 communem
383 2386 516 2468 πίστεις
540 2409 559 2456 e
583 2387 716 2468 πίστιες
736 2397 939 2458 contractam

172 2532 175 2537 ·
259 2498 292 2577 ῐῑ,
313 2498 347 2560 et
368 2495 402 2564 ὦ
422 2512 485 2559 non
508 2493 761 2575 committuntur;
784 2498 810 2566 ἦ
832 2515 907 2562 vero
929 2495 991 2561 huc
1011 2492 1215 2560 referendum
1236 2501 1288 2561 cst

165 2604 294 2680 propter
321 2598 494 2678 genitivum
526 2595 623 2661 iambi
656 2597 725 2662 loco
757 2600 895 2680 positum
929 2594 1143 2685 προπάροιθε
1166 2594 1288 2675 πόλιος

167 2695 284 2764 αἰπεῖα
307 2700 343 2764 Il.
367 2699 495 2778 11811,
529 2716 587 2764 nec
609 2718 775 2766 assensum
808 2706 977 2767 consecuta
1008 2706 1058 2767 est
1078 2700 1195 2784 Heynii
1216 2719 1285 2767 eor·

163 2803 261 2866 rectio
274 2797 806 2887 ndisog[nisiBekkeri]‚quamvis
819 2801 1284 2886 couvenienspluralirrdiomo.

163 2904 200 2969 In
223 2904 403 2987 Empedocl.
427 2902 506 2984 365,
541 2905 594 2971 ubi
618 2905 762 2972 Sturzius
786 2905 906 2986 πόλιος
939 2907 1039 2973 edidit
1059 2926 1117 2991 pro
1140 2903 1283 2985 πόλεως.

163 3007 351 3074 Karstenius
363 3008 426 3073 278
450 3015 484 3074 et
503 3010 647 3092 plerique
669 3011 922 3077 antecedentium
945 3007 1068 3090 πόλεος
1092 3009 1284 3094 Theognidis

163 3113 305 3193 exemplo
328 3111 420 3196 (776)
443 3119 617 3195 posuerunt
639 3112 681 3197 [v.
704 3134 734 3195 p.
757 3111 822 3198 90].
848 3151 884 3161 -
911 3115 1042 3196 Ignotus
1064 3119 1115 3180 est
1141 3114 1283 3180 nomina·

162 3215 247 3280 tirus
274 3217 408 3281 nominis
440 3216 574 3295 heroici,
609 3216 649 3282 de
671 3235 732 3299 quo
755 3217 910 3284 Arcadius
936 3217 1005 3283 128.
1028 3217 1071 3282 20
1103 3216 1141 3282 πὸ
1169 3220 1284 3297 Θῶνος

163 3313 232 3384 ἀπὸ
253 3304 315 3383 ‘aori
342 3316 492 3397 Θώνιδος
514 3318 569 3385 καὶ
595 3314 725 3399 Θώνιος
745 3315 887 3399 troada
909 3320 964 3403 καὶ
986 3318 1101 3408 πρόσει
1128 3323 1241 3398 Θῶνος
1262 3315 1284 3404 ἢ

162 3417 232 3487 sind
267 3426 325 3487 τοῦ
352 3419 479 3500 Θώνιος
509 3416 645 3499 sterias
677 3421 733 3487 καὶ
767 3427 918 3512 σιιγκοπῇ
944 3425 1057 3502 Θῶνος
1084 3422 1190 3489 verbis
1212 3441 1282 3490 cor·

161 3524 265 3605 ruptis
297 3525 364 3605 hoc,
398 3531 490 3607 puto,
523 3523 702 3608 significans
734 3527 961 3592 nominativum
993 3530 1050 3591 aut
1073 3528 1179 3604 Θῶνις
1200 3544 1281 3606 esso,

162 3628 334 3708 genitivum
359 3624 486 3707 Θώνιος
519 3633 552 3694 et
583 3629 667 3693 hunc
695 3629 922 3712 synecphonesi
943 3628 1132 3712 bisyllabum
1153 3625 1223 3694 fieri
1245 3633 1281 3694 ut

161 3729 363 3797 Homericum
375 3728 507 3811 πόλιος,
528 3736 584 3797 aut
599 3733 674 3797 Θῶν
696 3739 751 3800 τοῦ
766 3733 878 3810 Θῶνος
899 3737 1022 3798 exemto
1044 3751 1102 3814 per
1124 3748 1281 3814 syncopen

51 3820 54 3828 ’
161 3834 234 3899 iota.
278 3833 421 3899 Aliorum
443 3836 617 3902 sententias
638 3836 734 3901 retuli
755 3837 787 3901 in
809 3835 924 3900 Parall.
948 3833 1024 3919 73³)
1048 3830 1279 3919 [Pamiaeai

231 4089 258 4155 4)
277 4092 408 4146 Choerob.
428 4091 646 4148 Ormisdam
664 4087 722 4164 ἱρός
740 4094 855 4146 absurde
873 4094 975 4146 conferi
992 4096 1055 4145 πῖθι
1074 4096 1150 4160 qnasi
1167 4110 1182 4146 a
1201 4097 1279 4146 alter

160 4194 302 4230 cononum.

229 4281 257 4342 5)
275 4281 306 4332 ln
324 4281 488 4347 Theognosti
504 4281 576 4345 loco,
605 4297 681 4347 quem
707 4281 751 4333 hic
768 4283 860 4348 citari,
887 4283 968 4336 scribi
994 4289 1098 4352 oportet
1114 4279 1162 4337 dui
1180 4266 1280 4337 ιοῦ-νῖ

161 4361 325 4432 κλινόμενον
344 4362 381 4427 ὡς
397 4362 427 4419 τὸ
444 4367 606 4426 nudatos.
