2736 4778
366 336 432 402 DE
453 336 731 405 PARECTASI.
774 336 814 405 (1.
837 338 884 405 Π.
917 343 943 425 1.
965 341 996 407 4.
1166 348 1240 420 425

124 522 210 587 neris
236 522 382 588 neutrius
407 520 473 586 huc
499 521 751 587 adnumerantur
776 518 938 590 δεπάεσσι
962 526 1164 613 πλεονασμῷ
1181 531 1241 593 τοῦ

125 613 274 691 ἷὸεὴοί.
295 623 367 688 BL.
392 623 436 686 ad
457 623 497 687 Il.
518 622 547 688 Ι.
570 622 645 688 471.
668 620 789 690 θύεσσι
813 622 869 689 καὶ
886 626 1084 710 πλεονασμῷ
1101 627 1241 694 θυέεσσι

124 726 198 790 cod.
223 726 321 791 Voss.
343 724 425 789 ΕΜ.
446 724 521 801 451,
532 724 584 790 27.
607 721 725 808 hisque
744 733 776 788 et
791 723 950 788 similibus
966 721 1132 809 τεράεσσι,
1156 727 1240 813 φαέ-

124 848 208 904 εσσι,
226 826 375 892 τεκέεοσε
391 824 557 891 Nicander
574 824 831 891 accommodavit
846 847 966 891 nomen
979 824 1097 891 diversi
1113 826 1242 910 generis

125 926 281 1010 ῥαχὲεσοι
309 924 409 1012 alpha
437 937 587 1013 correpto
612 926 668 991 Al.
701 926 773 991 184.
802 925 867 991 nisi
893 925 1032 1012 ῥάχεσοι
1061 925 1193 1012 scripsit
1211 949 1242 994 v.

126 1024 254 1090 Techn.
281 1025 355 1090 291.
384 1037 418 1092 et
436 1027 510 1093 293.
540 1027 815 1113 Cynegeticorum
841 1026 982 1113 scriptor
1005 1027 1034 1092 I.
1055 1027 1129 1094 432.
1153 1023 1241 1093 ἅλιο-
1320 1046 1323 1053 ’

127 1125 294 1192 πεκέεοσι.
337 1127 379 1192 In
401 1129 547 1212 ejusdem
565 1129 724 1194 Nicandri
744 1129 800 1194 Fr.
812 1127 877 1193 [Χ.
901 1127 1036 1212 (Athen.
1048 1127 1095 1192 11.
1117 1127 1169 1193 61.
1181 1128 1240 1211 A.)

126 1248 187 1311 pro
217 1220 391 1294 ὑδάεεοσιν
418 1225 588 1296 ἆεινᾰεσσι
618 1240 752 1318 recepta
780 1239 829 1295 est
858 1229 955 1294 codd.
986 1228 1146 1315 scriptura
1168 1223 1241 1297 σἰει-

126 1324 272 1406 ναέεοσι,
306 1350 372 1412 quo
407 1328 435 1393 si
464 1329 518 1394 ille
547 1351 627 1396 usus
657 1342 723 1408 est,
760 1331 875 1395 maluit
900 1330 1029 1418 epsilon
1059 1330 1241 1415 interjicere

125 1450 224 1511 quam
241 1427 340 1515 alpha
355 1429 507 1513 adjectivi
522 1423 658 1518 ἇεεναής
675 1430 874 1518 producere,
897 1432 988 1519 quod
1007 1433 1045 1496 fit
1064 1432 1098 1496 in
1120 1428 1242 1521 ἁλιοής

125 1541 159 1593 et
187 1529 383 1614 quibusdam
416 1531 586 1596 similibus.
645 1534 901 1618 Κατιορυχέεσσι
932 1535 1098 1599 Homerus
1129 1555 1196 1599 non
1223 1557 1243 1596 a

122 1631 276 1714 καεῶροξ
296 1632 461 1698 derivasse
479 1633 608 1698 videtur
629 1632 689 1699 sed
714 1632 942 1722 εκαεωροχής
959 1635 1106 1720 quamvis
1126 1634 1241 1720 ignoto

123 1729 238 1807 nobis;
268 1732 316 1798 sic
337 1733 426 1798 idem
448 1730 699 1818 εἷεοερεφέεσσι,
726 1733 889 1798 Pindarus
909 1734 1008 1820 Pyth.
1030 1735 1077 1800 II.
1100 1734 1152 1799 62.
1180 1761 1240 1815 με·

124 1831 400 1915 χολοκευθέεσσι,
428 1834 625 1900 Theocritus
649 1834 784 1902 XXVI.
806 1835 859 1900 30.
889 1831 1073 1922 εὐαγέεσσι,
1101 1837 1241 1902 Nonnus

123 1932 203 1996 XL.
225 1931 300 1997 385.
324 1929 518 2022 εὐφαέεσοι,
544 1934 651 2021 Orph.
674 1936 757 2020 Arg.
778 1934 809 1998 5.
833 1935 1115 2019 πολεσπερέεοοι,
1139 1936 1240 2001 Anth.

125 2032 205 2097 VII.
234 2033 309 2098 363.
340 2032 531 2118 ἕχγενέεσσι.
585 2030 692 2102 Δύεσι
720 2032 882 2100 Aeolibus
914 2033 1026 2099 tribuit
1049 2035 1242 2100 Eustathius

211 2253 237 2335 ξ.
258 2250 290 2315 4.
335 2250 438 2332 Quod
458 2249 629 2315 Hesiodus
652 2247 792 2317 ἐθύνεον
814 2249 897 2314 dixit
920 2272 980 2337 pro
1011 2247 1145 2329 ἔθανον,
1175 2273 1242 2317 non

126 2352 335 2438 pleonasmus
368 2361 417 2416 est
449 2360 487 2415 ut
511 2351 621 2437 Epim.
653 2351 682 2415 Ι.
709 2349 761 2415 55.
793 2352 977 2437 suspicatur
1004 2350 1063 2415 sed
1095 2352 1243 2438 enallage

127 2451 369 2529 declinationis,
404 2454 497 2537 cujus
530 2451 681 2538 exempla
718 2473 758 2516 ex
792 2454 880 2517 omni
918 2474 1038 2538 genere
1072 2449 1244 2517 verborum

124 2553 326 2638 liquidorum
348 2553 544 2639 congregavi
565 2553 600 2617 in
621 2552 823 2618 Rhematico.
868 2552 1060 2639 Speciosius
1089 2550 1143 2616 hic
1165 2574 1243 2638 pro·

126 2665 295 2740 ponuntur
310 2655 376 2720 duo
391 2653 490 2719 verba
501 2675 584 2741 pura
594 2653 747 2739 primitivi
767 2655 906 2739 generis,
925 2655 960 2718 in
978 2653 1097 2739 quibus
1116 2653 1244 2740 epsilon

126 2756 232 2820 vocali
249 2783 276 2821 ω
293 2756 508 2842 praemissum
524 2776 597 2820 esse
609 2754 742 2819 dicitru.
765 2754 803 2821 τὸ
826 2751 1017 2841 χρεώμενος
1032 2754 1246 2839 πλεονασμὸν

128 2854 277 2936 ἔχειτοῦ
301 2882 316 2924 ε
337 2856 423 2922 κατὰ
443 2855 501 2944 σὴν
523 2848 689 2939 ἔρχοοοον
710 2849 833 2921 ὁποῖον
852 2854 912 2920 καὶ
932 2856 971 2922 τὸ
993 2853 1182 2943 μεμνέῳτο,
1205 2845 1244 2920 οἷν

128 2982 166 3020 ιο
195 2951 333 3036 dundee
355 2954 432 3038 δίχα
451 2960 511 3023 τοῦ
533 2982 549 3024 ε
573 2956 667 3039 παρὰ
688 2958 779 3043 τῷ
754 2955 951 3038 Σοφοκλεῖ,
955 2949 1134 3036 οοδαμ
1108 2978 1157 3030 ως
1178 2978 1245 3036 με·

128 3053 360 3142 μνρλμεθα“
387 3057 481 3121 Eust.
511 3056 610 3134 1332,
637 3054 687 3119 19.
737 3053 792 3119 De
815 3051 879 3117 hoc
906 3052 1046 3138 amplius
1069 3050 1179 3118 Schol.
1205 3052 1245 3115 ll

128 3157 267 3222 XXlll.
297 3156 370 3223 361.
399 3157 570 3275 μεμνέῳτο
596 3154 655 3221 οὑν
682 3156 728 3240 τῷ
759 3181 786 3240 ρν
755 3139 1096 3239 ὁἈσκαλωνίερς
1125 3151 1162 3218 ἐκ
1187 3154 1246 3216 τοῦ

128 3258 305 3341 μεμνὲοινο
329 3252 510 3344 ἡγούμενος
531 3246 616 3321 εἶναι
639 3263 672 3317 et
694 3252 774 3318 EM.
796 3252 869 3330 578,
891 3251 943 3317 54.
966 3252 1170 3370 μεμνὲιρτο
1161 3272 1247 3333 προ-

130 3352 403 3443 παροξύνεται’
384 3356 455 3422 απὸ
482 3358 542 3421 τοῦ
562 3352 740 3438 μεμνέοιτο
764 3349 902 3439 αιξήσει
928 3375 987 3419 τοο
1011 3377 1030 3418 ο
1060 3348 1109 3429 εἰς
1136 3376 1163 3417 ω
1180 3351 1246 3437 ¹⁶).

130 3458 290 3545 Ξενοφῶν
311 3456 349 3524 δὲ
369 3461 523 3542 μεμνῷσο
547 3449 626 3521 ἄνευ
648 3459 760 3534 rotie,
797 3453 970 3551 Κράτης
950 3454 987 3521 de
1008 3456 1186 3536 μεμνοῖσο·
1208 3448 1246 3519 τὰ

128 3557 168 3623 de
190 3551 355 3641 ἀνάλογον
383 3555 440 3621 διὰ
467 3555 837 3677 εοῦ-ρπροςκειμένου
858 3560 972 3619 τοῦν
1016 3551 1189 3641 Πίνδαρος
1211 3551 1248 3621 dd

128 3653 357 3741 δωρικώεερον
382 3655 441 3723 διὰ
460 3660 521 3742 τῆς
543 3681 579 3722 οι
604 3652 810 3740 μεμναίατοῑ
855 3652 1056 3742 Χρεώμενος
1085 3652 1248 3739 χρέωνται

131 3757 292 3841 ἐχρέωντο
315 3767 348 3822 et
368 3755 419 3820 his
441 3766 660 3822 consentanea
677 3757 836 3825 κτέωνται
852 3752 1059 3822 tartum
1029 3776 1084 3819 vrx
1105 3775 1249 3840 unquam

129 3858 285 3943 legrmtur
308 3858 397 3944 apud
415 3856 623 3924 Herodotum
639 3858 718 3943 quin
736 3856 866 3922 codices
881 3854 1075 3942 χρεόμενος,
1100 3857 1250 3922 retortos

205 4096 247 4159 13)
263 4093 684 4163 81οΕιιε11ι.1813,3.κιελνρνμε
697 4090 758 4147 κατ’
776 4092 887 4146 ἔκτασιν
904 4091 933 4144 ἓν
951 4092 999 4144 τοῦ
1018 4088 1160 4152 metrorus,
1180 4100 1250 4153 quo·

133 4179 323 4234 modoetiam
344 4173 416 4248 δῴη,
440 4175 530 4248 χνῴη,
554 4175 628 4248 ἁλῴη
649 4177 826 4248 explicantur
846 4177 910 4237 118,
931 4176 972 4226 63.
993 4181 1024 4225 et
1043 4167 1250 4239 ὑποσιαχῦιρτο,

135 4267 213 4335 quod
232 4264 298 4318 olim
316 4265 465 4334 legebatur
484 4281 536 4335 pro
554 4261 756 4333 ὑποσταχύοιτο
776 4263 833 4314 Od.
850 4258 917 4313 XII.
933 4260 992 4311 2¹8.
