2736 4778
131 342 205 419 588
324 444 327 453 Ι
486 335 804 407 DISSERTATIO
836 338 878 407 V.

132 525 404 617 aptumquidem
430 523 558 592 videtur
582 525 744 592 vicenario
772 526 880 593 dicere
908 522 1120 609 εἲκοσέριστα
1148 530 1246 616 qnasi

130 629 217 715 πρὸς
242 623 367 695 εἴκοσιν
389 623 546 710 ἐρίζοντα.
590 627 660 694 Alii
690 650 763 695 cum
796 628 897 717 stirpe
922 628 1062 696 nominis
1093 623 1245 713 ἀριθμός

130 729 346 822 compositum
368 738 485 816 putant
512 738 545 794 et
571 738 608 795 ut
635 730 870 814 τριςοὶριθμος,
896 726 1096 815 ἑξάριθμος,
1121 729 1243 802 πεντά-

129 841 271 919 ριθμος,
301 829 629 918 ueneranda-luce
656 832 779 912 (omiss.
801 830 881 916 Th.)
910 831 1025 917 Sibyll.
1048 833 1090 899 V.
1113 833 1168 899 40.
1199 834 1243 904 sie

130 934 194 1002 diei
215 928 470 1020 εἷκοσινήριτος,
494 932 546 998 eui
567 933 670 1000 simile
693 930 843 1021 ἑξὴριτος
864 934 1072 999 Hermannus
1094 934 1129 1000 iu
1150 935 1242 1004 Diss.

128 1039 278 1108 Emendd.
291 1039 427 1119 quiaque
442 1034 564 1118 Olymp.
579 1035 667 1102 Piud.
681 1058 713 1123 p.
727 1035 777 1101 17.
799 1034 945 1102 Pindaro
963 1035 1084 1104 tribuit
1119 1039 1243 1106 Verum

129 1152 237 1207 tamen
248 1137 364 1205 mirum
377 1146 426 1202 est
441 1159 498 1202 cur
513 1147 612 1224 poeta
625 1159 692 1203 non
708 1136 856 1203 maluerit
870 1133 1098 1222 εἷκοσάριθμα
1116 1129 1241 1208 ἄποινα

129 1242 238 1310 dicere
263 1239 406 1307 admisso
431 1238 521 1305 hiatu
548 1248 584 1303 ut
612 1245 749 1322 γυναῖκα
775 1235 920 1324 ἄγεσθαι
946 1239 985 1306 11.
1007 1239 1147 1309 XXIII.
1169 1241 1240 1310 263.

128 1354 317 1429 manetque,
347 1363 412 1427 quo
435 1350 531 1406 antea
556 1339 817 1420 offendebamur,
845 1341 1055 1429 pleonasmus
1079 1332 1241 1413 literas}

130 1444 262 1533 Siquis
291 1465 367 1510 vcro
394 1441 475 1508 illud
503 1441 719 1528 trisyntheton
749 1465 821 1510 esse
851 1453 971 1510 statuat
1001 1442 1042 1510 ex
1072 1441 1182 1513 εἴκοσι
1211 1457 1241 1514 et

128 1543 269 1636 νήριτον,
291 1544 385 1612 valde
406 1543 519 1611 dubito
539 1567 581 1610 an
599 1544 723 1610 nullum
741 1544 837 1630 hujus
860 1545 1108 1637 compositionis
1131 1569 1240 1615 exem·

127 1650 219 1738 plum
245 1647 380 1735 reperiri
408 1646 514 1735 possit
541 1657 669 1735 praeter
696 1647 953 1713 recentissimum
979 1643 1241 1734 τριςανάριθμος

127 1752 161 1819 in
182 1751 307 1819 Leonis
334 1751 419 1836 Imp.
443 1749 561 1817 Oracc.
583 1771 613 1814 v.
639 1748 710 1815 137.
739 1748 774 1814 in
796 1771 861 1835 quo
883 1747 954 1834 τρίς
979 1771 1045 1814 non
1071 1772 1240 1817 numerum

129 1853 290 1941 signifieat
310 1852 369 1919 sed
387 1850 609 1918 intentionem.
643 1851 756 1917 Minus
777 1851 1003 1942 scrupulorum
1022 1851 1122 1919 habet
1142 1853 1241 1921 altera

127 1955 223 2024 lectio
246 1977 343 2042 quam
363 1951 473 2021 Schol.
496 1963 580 2018 tecte
600 1951 781 2042 improbat;
803 1977 880 2020 nam
903 1977 1003 2041 quum
1023 1954 1103 2021 dicit
1123 1949 1185 2043 ὑφ’
1208 1952 1240 2025 ’ἐν

128 2051 368 2144 ἀναγνωστέον,
402 2055 565 2143 significat
594 2055 756 2141 quosdam
786 2054 893 2124 εἴκοσι
920 2053 1037 2145 νήριτα
1069 2056 1239 2147 scripsisse

129 2159 201 2237 hac,
219 2168 311 2248 puto,
331 2158 490 2225 sententia
509 2153 540 2224 ri
562 2153 695 2235 δεκάκις
715 2155 770 2224 καὶ
791 2152 961 2237 εἰκοσάκις
978 2155 1145 2246 στήσωσιν
1158 2154 1238 2227 ἅκα-

130 2260 280 2350 ρίθμητα
298 2253 423 2328 ἄποινα
436 2265 464 2326 si
474 2261 571 2325 decies
587 2261 811 2342 victuspanico
826 2260 989 2326 attulerim
1006 2261 1132 2345 infinito
1148 2263 1239 2347 lytra

128 2361 414 2448 Quemadmodum
440 2359 540 2447 igitur
561 2358 712 2445 vulgatae
740 2359 918 2447 scripturae
947 2361 1141 2448 interpretes
1169 2386 1239 2433 cum

128 2463 281 2533 adverbio
315 2452 448 2541 δεκάκις
481 2461 762 2549 comprehendunt
792 2461 960 2527 notionem
991 2463 1117 2528 nomini
1150 2487 1237 2532 com·

127 2568 237 2656 posito
261 2562 486 2652 εἰκοσινήριτα
509 2562 703 2647 subjectam,
734 2564 781 2630 sie
807 2574 844 2628 ut
863 2563 1055 2631 Eustathius
1079 2564 1159 2632 dicit
1186 2569 1237 2635 de·

127 2667 223 2746 κάκις
241 2663 373 2753 νήριτον
391 2657 460 2730 ἀπὸ
480 2666 591 2730 κοινοῦ
611 2663 697 2731 κατὰ
715 2662 909 2749 παράθεσιν
925 2665 983 2733 καὶ
1001 2662 1239 2756 εἷκοσινήριτοκ

126 2769 212 2836 κατὰ
236 2765 406 2845 σύνθεσιν,
435 2766 481 2830 εἰσ
510 2764 556 2829 illi
582 2765 638 2852 qui
666 2761 774 2833 εἴκοσι
803 2789 949 2833 seorsum
976 2766 1139 2848 scribunt,
1166 2770 1238 2838 huie

127 2869 398 2957 significationem
418 2865 563 2932 adverbii
585 2862 1020 2945 sizoooimgoommunicant.
1056 2871 1237 2940 Schematis

126 2974 223 3059 hujus
252 2971 377 3058 aliquot
409 2970 557 3056 exempla
587 2990 627 3035 ex
659 2969 722 3034 alio
752 2992 872 3056 genere
901 2971 1116 3039 numeralium
1148 2975 1238 3042 affert

125 3074 330 3164 Porphyrius
351 3073 385 3138 in
409 3070 519 3140 Schol.
541 3071 580 3137 Il.
602 3072 649 3139 X.
671 3072 745 3139 252.
769 3074 875 3162 πέφνε
896 3079 985 3161 τρεῖς
1008 3074 1064 3141 καὶ
1085 3070 1155 3144 δέκ’
1182 3071 1236 3144 ὄὶκ-

127 3181 224 3262 ὁρας,
242 3173 387 3264 τετράτῳ
407 3168 440 3239 d'
460 3168 560 3251 αὐτὸς
576 3170 715 3261 πεδόθεν
733 3173 767 3239 id
784 3185 834 3240 est
849 3174 1110 3263 τριςκαιδεκάτῳ
1126 3177 1237 3262 (Pind.

125 3280 181 3347 Fr.
194 3277 248 3363 C.)
266 3278 363 3345 τέκνα
381 3271 503 3364 ἔπεφνε
522 3269 682 3354 δυώδεκα,
702 3271 801 3342 αὐτὸν
820 3276 857 3343 δὲ
873 3274 983 3362 τρίτον
1002 3277 1071 3360 (Fr.
1082 3277 1236 3365 CLVII.)

126 3380 361 3456 ὁιοὸέκατος-
370 3374 482 3459 τρίτος
496 3375 531 3441 id
548 3386 597 3440 est
613 3377 725 3444 tertius
739 3378 882 3444 decimus
895 3378 1030 3466 (Eupol.
1040 3381 1095 3445 Fr.
1108 3381 1235 3468 poss.)

126 3483 245 3569 quibus
277 3482 311 3546 in
339 3478 419 3547 locis
448 3500 567 3544 nomen
598 3476 738 3559 δέκατος
769 3481 803 3546 in
831 3482 931 3547 altera
959 3492 1053 3568 parte
1083 3481 1236 3548 enuntiati

125 3586 277 3649 reticetur
307 3582 390 3647 sieut
411 3581 445 3645 in
467 3580 605 3646 Aristot.
627 3580 747 3648 Mirab.
771 3605 798 3648 c.
822 3583 875 3648 38.
898 3608 932 3672 p.
955 3584 1028 3649 832.
1053 3606 1081 3648 a.
1106 3584 1145 3651 τὸ
1169 3586 1233 3669 πῦρ

126 3686 275 3753 ἐκλιπεῖν
299 3677 357 3750 ἐπ)
383 3679 438 3770 ἔτη
464 3678 656 3761 ἑκκαίδεκα,
681 3674 728 3768 τῷ
753 3683 789 3749 δὲ
810 3680 943 3771 ἑβδόμῳ
967 3684 1185 3765 ἐπανελθεῖν,
1208 3696 1237 3750 et

94 3838 97 3844 .
126 3783 313 3852 adverbium
338 3782 460 3847 Aesch.
482 3783 575 3848 Pers.
598 3783 671 3848 341.
701 3777 818 3848 ἑκατὸν
841 3785 891 3863 δὶς
916 3779 1001 3873 ἦσαν
1029 3780 1115 3853 ἑπτά
1141 3811 1177 3854 τε
1205 3785 1236 3854 id

126 3900 175 3957 est
197 3883 443 3975 quatuordecim
470 3883 510 3947 de
532 3883 735 3951 Scholiastae
764 3887 924 3951 sententia
951 3885 1036 3954 κατὰ
1062 3887 1177 3954 κοινὰν
1202 3887 1236 3955 τὸ

126 3990 186 4072 δίς.
230 3991 283 4055 Ac
310 4009 420 4052 rursus
443 3984 604 4050 cardinale
627 3985 707 4051 ὀέκα
733 3983 767 4049 in
789 3987 897 4072 priore
919 3988 1185 4076 praetermittitur
1205 3986 1239 4071 ’ἐξ

124 4087 146 4180 ἢ
168 4087 396 4158 ἑπτακαίδεκα
424 4084 479 4177 ἔτη
505 4087 594 4152 Xen.
618 4084 695 4170 Cyr.
718 4085 745 4151 Ι.
768 4088 804 4165 2,
827 4089 856 4154 8.
886 4094 984 4158 πέντε
1012 4091 1032 4178 ἢ
1061 4087 1236 4160 ἑκκαίδεκα

126 4190 182 4284 ἔτη
209 4192 236 4260 Ι.
261 4193 297 4271 4,
321 4191 371 4258 16.
414 4191 543 4258 Horum
568 4199 675 4255 tamen
696 4188 819 4257 nullum
840 4191 1004 4260 homerico
1027 4193 1074 4260 illi
1097 4195 1236 4284 perfecte
