2736 4778
215 363 280 428 DE
305 359 525 430 SYNCOPE
546 357 693 426 umus
708 356 928 429 vocaus.
952 360 1047 428 C.lI.
1072 365 1097 448 ξ.
1112 362 1141 427 7.
1164 365 1241 440 257

121 551 202 613 Aoo.
225 547 299 612 282.
323 544 468 611 auctoris
489 543 576 608 lorte
597 539 728 607 oblitus.
772 540 862 608 Hin'o
882 555 991 610 autem
1009 546 1239 635 cognoscimus

121 671 180 715 our
200 647 337 736 genitivi
365 645 414 710 illi
443 644 479 708 in
500 643 683 710 Ptolemaei
711 641 797 710 libro
821 643 862 710 de
890 645 1092 733 synaloepha
1111 650 1238 715 tractati

122 752 196 816 sint.
241 747 300 814 Ad
323 767 493 833 syncopen
511 767 623 811 rursus
643 755 816 811 revocatur
836 745 999 830 genitivus
1020 749 1146 813 numeri
1165 750 1238 835 plu-

121 853 201 917 ralis
222 845 410 935 καιροσέων
431 846 466 911 in
488 845 597 914 Schol.
622 846 690 913 Od.
706 847 785 916 VII.
800 846 872 912 107.
895 851 1013 933 καῖρσς
1034 842 1052 914 ὁ
1071 845 1178 931 μίσος,
1203 841 1240 916 οὗ

124 951 331 1039 παρέτρωγον
350 944 389 1014 τό
411 944 568 1034 καιρόεις,
588 945 739 1035 θηλυκόν
759 944 957 1033 καιρόεσσσ,
987 941 1007 1033 ἦ
1030 945 1141 1035 γενική
1164 973 1241 1015 και-

126 1053 274 1135 ρσεσσῶν
303 1047 360 1114 καλ
381 1045 466 1112 κατὰ
487 1045 655 1134 σιηκοπήν
677 1051 884 1133 καιροσσῶν,
916 1045 1001 1113 κατὰ
1025 1046 1064 1114 δὲ
1086 1046 1242 1115 διάλυσιν

127 1149 322 1234 καιροσέων.
365 1146 434 1214 Sed
460 1156 509 1213 est
529 1168 665 1234 prorsus
688 1147 861 1233 singularis
888 1145 969 1213 haee
1000 1148 1135 1234 genitivi
1164 1171 1240 1237 spe·

129 1249 206 1326 cies,
231 1248 321 1332 cujus
342 1247 499 1312 rationem
517 1248 565 1314 sic
587 1259 624 1313 ut
642 1248 793 1314 omnibus
805 1247 962 1335 probetur
972 1250 1128 1336 explicari
1140 1272 1241 1339 posse

128 1350 268 1436 despero
296 1372 325 1414 v.
346 1347 438 1413 Dias.
460 1348 521 1416 lv.
546 1371 574 1414 c.
602 1349 648 1413 11.
681 1352 706 1434 ξ.
731 1350 760 1414 1.
803 1352 916 1416 Unum
942 1371 1020 1417 vero
1055 1353 1239 1436 synaeresis

125 1472 244 1515 nornen
267 1449 417 1516 convenit
438 1450 583 1535 genitivo
606 1449 800 1515 substantivi
824 1453 976 1531 κλισιῶν,
1007 1472 1106 1536 quem
1127 1454 1239 1540 Spita-

124 1574 223 1617 nerus
244 1550 390 1637 reposuit
416 1573 477 1636 pro
504 1550 676 1631 κλισιέων,
715 1552 854 1637 aliisque
885 1573 968 1637 quae
998 1551 1240 1639 diphthongum

123 1654 157 1716 in
185 1651 367 1738 penultima
397 1650 521 1716 habent
551 1656 716 1737 παρειῶν,
745 1653 969 1741 τρυφαλειῶν,
1000 1652 1175 1720 Μαλειῶν.
1198 1692 1240 1704 -

123 1755 176 1818 Ex
198 1753 299 1816 altera
323 1751 542 1816 declinatione
563 1752 628 1818 huc
656 1752 801 1817 refermt
823 1752 907 1818 duos
927 1753 1113 1831 vocatives3
1145 1755 1240 1842 παρὰ

124 1852 181 1939 τήν
211 1845 294 1939 όλην
325 1850 385 1940 τήν
412 1847 541 1940 πλόκην
572 1850 697 1938 γίνεται
723 1845 819 1930 disee
849 1847 867 1919 ό
897 1854 1153 1942 πεπλανημένος
1183 1855 1242 1921 καὶ

126 1947 236 2040 ἠλεός·
260 1950 382 2019 τούτου
410 1947 430 2038 ἠ
463 1951 597 2039 κλητική
627 1943 654 2018 ῶ
683 1945 760 2040 ἠλεέ
787 1949 845 2019 καὶ
872 1949 959 2017 κατὰ
987 1951 1155 2039 σιηκοπήν
1183 1947 1243 2038 ἠλό

125 2053 205 2119 ΕΜ.
226 2052 300 2131 425,
329 2053 383 2117 50.
404 2050 442 2118 τό
465 2046 525 2140 ἠλέ
548 2045 594 2128 ῶς
614 2051 710 2118 καλέ·
733 2048 800 2118 εἴτε
824 2047 861 2117 δὲ
883 2044 1040 2137 ἀπεκόπη
1063 2047 1131 2117 εἴτε
1149 2073 1241 2117 σινι-

126 2150 217 2242 κόπη
239 2153 276 2220 ἐκ
303 2157 361 2221 τοῦ
383 2146 461 2240 ἠλεέ
482 2148 628 2239 ἔρρωται
657 2150 699 2217 τὰ
720 2156 779 2216 τοῦ
800 2146 898 2216 τόνου
921 2150 1032 2217 Schol.
1057 2152 1100 2218 A.
1132 2152 1175 2217 ad
1201 2152 1241 2217 ll.

124 2254 206 2321 XV.
229 2254 300 2320 128.
338 2252 569 2319 Nominativus
590 2245 671 2338 ἠλός
691 2262 774 2318 teste
797 2261 885 2317 caret
909 2251 1022 2317 itidem
1043 2263 1080 2317 ut
1101 2266 1166 2319 tres
1188 2277 1241 2320 re·

124 2354 208 2440 liqui
229 2377 343 2432 casus3
366 2377 442 2419 nam
466 2354 540 2438 qui,
571 2351 648 2437 quia
665 2354 758 2418 Mars
788 2353 851 2419 hoc
872 2355 1020 2420 vocativo
1042 2355 1241 2441 increpatur,

127 2456 275 2543 protinus
304 2455 403 2521 etiam
430 2454 465 2519 in
489 2455 519 2518 Il
547 2456 590 2521 V.
619 2454 693 2519 461.
719 2477 779 2542 pro
813 2446 912 2532 σόλος
941 2449 1041 2542 Ἄρης
1070 2468 1242 2521 suaserunt

126 2552 209 2644 ἠλός
229 2555 380 2634 scribere,
401 2577 470 2620 non
490 2564 567 2619 sunt
588 2555 707 2633 auditi3
731 2555 892 2641 Hesychii
910 2557 1023 2643 glossa
1041 2547 1122 2643 ἠλός
1136 2551 1243 2633 τόπος

125 2656 238 2723 -καὶ
259 2657 318 2724 τόν
338 2651 547 2741 μαινόμενον,
571 2655 842 2744 adprobandum
864 2657 1016 2742 adjectivi
1037 2679 1150 2722 casum
1172 2657 1241 2744 pri·

125 2780 215 2821 mum
234 2767 424 2843 quartumve
448 2755 567 2820 nullius
594 2759 749 2823 momenti
776 2771 836 2824 est.
882 2759 949 2826 Sed
974 2752 1114 2846 ἠλοσόνη
1135 2759 1240 2824 mani-

125 2859 209 2923 festo
235 2880 253 2922 a
275 2869 365 2925 recto
388 2851 468 2946 ἠλός
490 2858 634 2936 defluxit,
656 2858 746 2943 quod
767 2883 867 2944 quum
889 2859 922 2924 in
933 2853 1031 2946 ἠλεός
1049 2860 1239 2936 transiisset,

127 2959 217 3024 solus
244 2960 398 3024 remansit
420 2960 597 3025 vocativus.
635 2960 725 3023 Huic
747 2959 921 3044 persimilis
944 2972 992 3022 est
1015 2949 1041 3022 ὦ
1062 2960 1143 3038 μέλε
1164 2954 1239 3024 κατ’

126 3054 308 3146 ἅντοκοπήν
329 3055 470 3138 ότιικῶς
494 3061 604 3128 Schol.
627 3058 738 3124 Nubb.
760 3060 812 3123 33.
837 3059 927 3142 quod
952 3057 1035 3121 alius
1061 3057 1135 3140 quis
1163 3080 1239 3142 syn-

126 3182 234 3246 copen
264 3160 391 3225 dixerit.
435 3162 524 3226 Huic
558 3173 665 3224 tamen
692 3161 912 3224 Buttmanuus
943 3158 1085 3224 Gramm.
1110 3156 1138 3219 I.
1167 3156 1240 3221 218.

125 3261 226 3347 longe
252 3262 414 3326 diversum
443 3284 463 3325 a
489 3238 608 3342 ιιὲλεοξ
629 3258 862 3325 nominativum
886 3259 989 3342 μέλος
1015 3257 1141 3335 tribuit,
1176 3280 1240 3345 quo

126 3386 195 3428 non
215 3362 369 3427 miserum
392 3362 451 3426 sed
470 3360 594 3426 bonum
616 3359 802 3447 significari.
846 3362 1011 3449 Equidem
1037 3359 1242 3444 acquiescam

126 3466 161 3528 in
182 3474 325 3528 veterum
352 3462 526 3548 opinione3
553 3484 629 3527 nam
658 3462 755 3527 etiam
777 3454 804 3528 ὠ
827 3459 980 3545 δαιμόνιε
1009 3462 1044 3524 in
1071 3471 1241 3548 utramque

126 3575 253 3650 partem
276 3562 395 3628 dicitur
416 3574 449 3628 et
468 3563 650 3629 imminutio
671 3562 727 3627 illa
757 3560 799 3627 ab
824 3563 944 3628 affectu
965 3561 1167 3647 loquentium
1188 3589 1241 3632 rc-

127 3665 195 3751 peti
218 3675 338 3750 potest,
362 3686 428 3749 quo
451 3664 577 3750 syllaba
598 3664 694 3752 primi
713 3685 809 3728 casus
832 3663 931 3749 longa
948 3663 1140 3731 invocativo
1159 3679 1241 3734 atte-

125 3775 245 3829 nuatur
265 3776 424 3850 quantum
443 3765 529 3843 licet,
553 3757 640 3851 όνερ,
653 3755 731 3844 ῶνα,
745 3759 848 3851 γύναι,
861 3762 1035 3849 'Hosti-ee.
1048 3805 1089 3814 -
1105 3767 1145 3831 In
1162 3792 1241 3834 ono-

128 3865 261 3932 datione
282 3866 449 3932 nominum
471 3865 696 3932 tritoclitorum
715 3887 827 3930 narsus
851 3865 1008 3933 utendum
1037 3878 1087 3932 est
1113 3867 1169 3931 illa
1191 3868 1241 3930 di-

128 3964 301 4035 stinctione
312 3948 477 4034 literardln
488 3967 749 4033 antecedentium
762 3977 793 4032 et
807 3969 1085 4053 consequentium.
1109 3965 1243 4033 Etenim

128 4069 156 4132 si
178 4069 306 4155 epsilon
327 4069 432 4134 vocali
462 4070 581 4155 longae
602 4067 654 4133 vel
683 4068 891 4156 diphthongo
919 4067 1126 4150 subjunctum
1150 4075 1242 4132 exta-

127 4169 242 4245 bescit‚
266 4170 367 4234 orasis
390 4192 488 4254 quam
510 4191 655 4254 syncope
678 4171 815 4256 propior
835 4180 884 4231 est
896 4167 984 4229 velut
999 4167 1033 4230 in
1042 4166 1244 4234 nominativo

129 4270 246 4355 plurali
270 4268 304 4336 ui
329 4269 420 4348 ἅλως
440 4294 470 4337 v.
493 4273 680 4337 Buttmann.
703 4272 761 4339 Gr.
784 4270 812 4334 I.
837 4292 869 4354 p.
890 4268 961 4331 221.
984 4268 1138 4435 etzThes.
1159 4269 1200 4336 Τ.
1213 4271 1241 4336 Ι.

181 4374 315 4415 noster.
332 4373 423 4412 aanor.
994 4371 1011 4434 1
