2736 4778
215 369 272 435 DE
293 366 692 437 PROSOHEMATISMO.
726 367 830 437 unt
854 369 940 437 (LII.
964 370 1034 456 §.b
1082 442 1087 451 ¹
1119 369 1179 436 241

66 530 148 613 licat
171 533 229 598 sod
249 531 311 598 adi.
354 533 486 599 horter
506 533 566 599 hoc
586 534 737 600 adverbia
758 540 852 601 aucta
873 553 894 598 a
914 552 978 601 nou
1001 536 1101 601 auctis
1124 534 1184 602 dil-

66 635 172 701 lernnt
194 654 269 702 sono
291 643 424 716 tanturn,
448 655 509 719 quo
522 639 623 717 δεῖξις
644 638 1078 730 quodammodonintenditun
1102 641 1186 722 quod

66 738 150 804 idern
172 740 256 805 valet
278 739 317 804 de
340 737 481 806 τοσόσδε
503 747 561 805 etc.
607 739 641 805 Si
662 759 737 807 vero
758 741 836 806 haec
859 740 979 824 syllaba
1001 742 1186 808 accusativis

66 843 225 907 nominum
247 842 349 908 locum
371 840 620 924 significantibus
642 844 778 923 accedit,
811 848 1003 925 potestatem
1024 845 1185 927 praeposi·

65 945 159 1012 tionis
193 943 240 1025 οἷς
261 946 397 1028 acquirit
418 951 544 1012 servato
570 953 714 1012 accentu:
750 939 842 1013 οἶκοι
876 948 914 1017 δέ
945 954 982 1014 ut
1005 942 1122 1034 αόριοι
1152 944 1186 1028 ἔς

67 1047 125 1114 Οδ.
148 1049 210 1116 VII
232 1048 304 1130 318,
327 1055 433 1115 κακῶν
457 1048 495 1129 ἔξ
514 1054 573 1116 etc
617 1050 669 1116 Ita
689 1050 792 1135 Etynn
816 1051 897 1117 Gud.
919 1050 993 1116 568.
1016 1049 1057 1117 53
1087 1051 1184 1116 inter·

65 1153 211 1233 pretatur
230 1148 367 1239 χορδιδα
389 1154 532 1235 quamvis
554 1154 679 1220 diverse
701 1155 869 1236 scriptum:
902 1157 940 1221 οδ
968 1153 1006 1221 δέ
1034 1148 1093 1221 οόκ
1115 1151 1187 1221 ἔστι

64 1256 162 1341 μέρος
185 1252 296 1339 λόγου,
321 1251 406 1320 ἀλλὰ
427 1254 565 1344 μόριον·
594 1257 800 1341 λαμβάνεται
822 1258 860 1326 δὲ
882 1253 953 1323 ἀντὶ
976 1264 1033 1344 τῆς
1055 1257 1186 1344 προθέ-

67 1382 161 1436 οιως.
206 1357 255 1423 Ne
278 1376 352 1423 vero
373 1358 467 1438 haec,
500 1364 536 1424 ut
557 1359 604 1424 ito
626 1360 743 1441 dicam,
771 1361 957 1443 postpositio
979 1378 1037 1442 pro
1059 1360 1187 1424 coniun-

67 1462 170 1526 ctione
193 1461 393 1527 adversativa
414 1462 599 1543 accipiatur,
633 1464 773 1529 nonnulli
807 1481 878 1529 eam
908 1462 1027 1528 nomini
1055 1463 1186 1545 propius

66 1565 273 1629 admoverunt
295 1570 427 1631 accentu
450 1564 543 1630 simul
565 1565 731 1631 reclinato:
760 1555 899 1633 οἶκόιδι.
944 1565 1048 1646 Atque
1076 1565 1187 1630 eadem

66 1685 162 1733 causa
187 1667 313 1733 videtur
339 1667 452 1747 fuisse,
487 1686 543 1733 cur
577 1661 714 1736 όϊδόοδο
748 1668 954 1747 scriberetur,
989 1668 1051 1733 etsi
1077 1669 1188 1734 vocula

66 1776 185 1837 motum
207 1771 240 1836 in
262 1771 364 1835 lorurn
387 1769 566 1853 significans
589 1768 779 1837 nullomodo
791 1789 862 1837 curn
874 1770 1012 1853 genitivu
1030 1771 1185 1849 cohaeret

67 1874 125 1939 sed
157 1892 228 1940 curn
261 1874 439 1939 accusativo
474 1874 606 1939 nominis
645 1872 815 1954 suppressi.
871 1871 988 1938 Perdiu
1010 1874 1105 1938 moris
1127 1873 1188 1938 fuit

68 1976 275 2042 substantivis
308 1977 488 2042 huiusmodi
521 1970 783 2059 hyperdisyllabis
817 1980 983 2041 accentum
1015 1976 1187 2042 inscribere

66 2079 116 2144 vel
143 2079 175 2144 iu
197 2079 385 2161 penultima:
417 2075 652 2164 Ἀλιμουντάδε
684 2078 737 2145 Ar.
760 2076 837 2143 Avv.
860 2075 939 2158 496,
973 2076 1186 2168 Ἀραφηιόδε

67 2181 185 2265 Steph.,
208 2183 258 2247 vel
280 2182 313 2246 in
336 2183 599 2264 antepenultima:
624 2177 1186 2269 ΜεγάραδεΡ1α1.Ρ11αοδι.228Α,

62 2279 343 2372 Ἀιαγοροόιιαδε
366 2284 473 2369 Steph.
496 2293 554 2352 etc.
578 2285 764 2371 (Goettling.
788 2285 858 2351 dcc.
882 2284 969 2368 357),
992 2303 1050 2349 nec
1073 2284 1188 2350 desunt

66 2388 209 2470 exempla
243 2388 418 2469 scriptrnac
446 2393 589 2455 veterum
616 2388 774 2455 nonnullis
800 2386 949 2470 placitae:
983 2391 1186 2475 Μαραδῶια

67 2491 105 2557 δέ
126 2491 158 2554 in
181 2490 247 2555 cod.
269 2489 397 2557 Lucian.
420 2491 476 2557 Bis
498 2511 599 2559 accus.
622 2492 640 2577 ς
663 2489 683 2556 9
706 2510 736 2573 p.
760 2492 801 2557 72
824 2490 858 2556 Τ.
881 2489 943 2569 ΙΙΙ,
963 2485 1127 2557 Ἔλεοοῖια
1150 2490 1188 2557 δέ

64 2592 185 2659 Himer.
199 2591 251 2658 Or.
274 2593 336 2658 VII
358 2595 474 2667 abta
497 2600 533 2661 ut
544 2586 635 2659 οἶκοι
648 2594 695 2672 δέ,
715 2593 881 2687 Bellienus
893 2610 967 2659 vero
982 2586 1187 2659 Ἐλευσῖνάδε

66 2697 195 2778 scripsit
211 2696 282 2778 Lys.
306 2715 349 2762 or.
373 2696 463 2762 XXV
488 2700 557 2764 172.
580 2695 600 2763 9
624 2703 657 2764 et
678 2698 711 2762 in
733 2698 804 2763 aliis
827 2702 988 2763 oratorum
1009 2696 1187 2762 Atticorum

66 2799 152 2879 lucia,
175 2799 353 2865 Meinekius
372 2795 579 2890 Ἀραφῆνάδε
601 2807 696 2884 atquo
718 2801 781 2866 alia
803 2801 888 2882 apud
912 2798 1019 2881 Steph.
1042 2798 1185 2879 Veteres

67 2920 145 2985 quos
168 2903 277 2968 ordine
299 2908 444 2968 recenset
465 2903 616 2969 Lehrsius
640 2902 767 2980 Quaest
780 2902 829 2982 40,
853 2902 1022 2968 Homerica
1043 2903 1188 2984 exempla

65 3024 127 3071 non
150 3006 363 3088 egrediuntur

150 3109 233 3175 Hinc
253 3126 359 3172 rerurn
382 3107 481 3173 series
502 3125 559 3172 nos
583 3106 711 3174 deducit
733 3107 773 3173 ad
795 3112 908 3187 tropen
930 3106 1062 3187 vocalis,
1092 3124 1186 3188 quani

67 3212 250 3294 Apollonius
274 3209 360 3293 Synt.
383 3210 466 3275 115.
493 3208 551 3275 ¹05
585 3228 699 3293 parum
726 3217 801 3291 apte
829 3228 900 3275 cum
922 3228 1079 3293 paragoge
1102 3228 1185 3275 corn·

67 3317 192 3382 miscet:
216 3308 279 3387 ὁδί,
305 3310 429 3380 οόιοσί.
455 3310 606 3393 ἒκὲιιοσί,
626 3313 804 3380 distinctius
816 3333 890 3379 vero
901 3313 1004 3395 Epim.
1017 3312 1049 3377 ΙΙ
1060 3310 1132 3378 392.
1145 3312 1186 3376 24

68 3422 167 3500 διχῶς
189 3415 311 3503 γίνεται
346 3412 365 3504 ἡ
402 3414 589 3498 daturums,
624 3416 707 3483 κατὰ
743 3416 951 3499 πλεονασμόν
984 3410 1030 3495 ιός
1062 3410 1186 3493 οὑτοσί,

67 3521 120 3587 καὶ
144 3519 227 3586 κατὰ
250 3518 377 3607 ιροιιὴι
399 3515 444 3598 ὡς
466 3515 546 3596 tol,
571 3514 655 3587 ὡδί.
689 3519 758 3585 Hoc
769 3536 940 3603 pronomen
963 3518 1067 3599 poesis
1090 3517 1185 3583 subli-

67 3625 146 3691 mior
168 3623 322 3706 repudiat
345 3622 383 3689 cf.
405 3623 576 3689 Hermann.
599 3623 639 3687 ad
663 3621 760 3704 Orph.
782 3641 813 3702 p.
827 3618 889 3687 769
902 3620 942 3704 *),
966 3621 1091 3688 comicis
1113 3639 1187 3686 vero

66 3730 113 3793 ita
134 3728 246 3792 tritum
268 3731 325 3805 est,
348 3732 386 3791 ut
407 3727 545 3792 omniurn
566 3744 718 3809 generum
734 3743 926 3807 casuumque
940 3724 1186 3806 exemplaundi-

67 3849 129 3914 que
152 3830 311 3896 exundent
343 3832 376 3893 et
397 3829 584 3910 exuberent3
618 3828 702 3912 apud
724 3834 866 3895 oratores
888 3829 968 3894 haec
989 3827 1187 3910 potissimum

66 3934 257 4016 reperimus:
282 3929 377 3998 τουδί
385 3981 390 4001 ,
415 3933 513 4018 τῳδί,
538 3933 664 4014 rorrcdr',
689 3930 788 4000 τασδί
810 3937 843 3998 et
865 3932 1022 3997 derivata:
1046 3926 1189 4014 τοιῳδιῗ

68 4037 123 4104 καὶ
146 4033 298 4120 τοσῳδό
319 4033 415 4099 Arist.
432 4033 525 4117 Phys
537 4036 630 4102 Auso.
642 4035 674 4100 II
689 4033 748 4101 185
767 4035 797 4099 b.
809 4034 860 4113 25,
884 4032 956 4100 τοδὶ
980 4027 1000 4117 ἢ
1023 4031 1187 4098 socordi

69 4136 89 4230 ἢ
117 4135 273 4208 ιοιοιδί
298 4134 533 4203 Rhetorfll.
559 4138 640 4204 1385
669 4138 698 4203 b.
723 4140 751 4202 7.
812 4135 949 4217 Simplex
983 4135 1015 4200 in
1048 4134 1188 4198 ordinem

70 4286 79 4291 .
90 4279 325 4291 ...ι--ο-ηψ--ι

134 4366 162 4427 *t
188 4366 216 4419 V.
231 4383 259 4434 p.
275 4359 335 4418 232.

124 4447 339 4501 tantumodo
353 4448 381 4491 11.
960 4429 999 4498 16
1089 4475 1094 4484 ι
