2736 4778
157 316 232 391 142
522 309 843 379 DISSERTATIO
871 310 900 377 1.

150 489 248 584 ι’ίρνες
269 505 302 560 ει
323 498 429 584 ρῆνις.
471 495 565 561 Intsr
593 489 789 580 καλσβιιίιρς
810 504 845 559 et
866 487 1107 578 ἆοκαλαβιίκης
1127 493 1272 559 medium

150 599 320 682 interjacet
352 594 588 680 οκαλαβιότρς,
615 615 717 679 quare
744 594 870 660 nomini
890 593 1081 679 vrrlgatiori,
1110 615 1177 679 quo
1198 595 1271 663 solo

151 710 287 765 utuntur
306 696 420 763 Latini
442 699 633 763 asaalobom
659 695 816 772 (licentes,
839 717 908 761 non
930 695 1017 760 duee
1040 694 1136 760 simul
1157 695 1271 763 literae

151 801 212 867 sed
235 822 301 865 una
318 807 398 885 post
413 798 549 864 alteram
566 795 746 862 accrevisse
760 795 898 874 videtur,
920 793 1127 861 sioutiverbo
1142 800 1272 879 βασκα·

150 901 267 988 ρίζειν,
297 901 339 966 de
364 921 433 985 quo
464 897 630 985 posterius
657 896 793 962 dieetur.
839 897 886 962 Et
901 896 971 962 fieri
995 906 1106 983 potest
1126 906 1164 961 ut
1187 896 1272 962 inter

150 1001 304 1089 κάλαφος
326 1011 360 1065 ει
385 994 587 1086 ἇσιιάλαφος
608 996 769 1082 ejusmodi
791 997 873 1083 quid
893 996 1097 1081 interjectum
1116 995 1175 1074 sit,
1204 1018 1270 1082 quo

149 1113 257 1169 sumto
299 1098 485 1190 prosthesis
520 1097 669 1163 biliterae
705 1098 833 1185 species
879 1098 1053 1164 evanescit.
1116 1098 1272 1166 Similiter

85 1268 89 1291 ,
150 1199 371 1285 ἀσκωλιάζειν
401 1225 423 1266 a
449 1199 614 1268 nonnullis
643 1198 687 1263 sd
716 1201 823 1267 κῶλον
855 1199 969 1266 referri
999 1221 1101 1286 supra
1129 1200 1270 1267 ostendi.

145 1300 340 1386 Ἀσιίλμαια
372 1301 509 1384 ἅλματα
532 1299 672 1384 παίγνια
694 1298 883 1384 Hesychius
908 1299 1045 1388 praebet
1068 1311 1102 1367 et
1117 1297 1272 1370 ’Λνόλλει

150 1409 287 1494 σκιρτᾷ,
309 1405 402 1490 eujus
425 1402 631 1487 synonymon
651 1409 702 1465 est
720 1399 889 1469 ἅλλεσθαι
910 1401 1038 1466 saltare.
1067 1402 1145 1467 Ηοα
1162 1412 1271 1467 autern

152 1505 181 1571 si
203 1505 431 1592 componimus
454 1524 529 1569 enm
553 1500 662 1567 verbis
682 1500 836 1566 movendi
859 1498 1004 1578 οιίλλειν,
1028 1498 1188 1580 σαλεύειν,
1209 1526 1270 1569 σα-

151 1603 308 1684 λάσσειν,
337 1627 358 1670 a
386 1604 489 1672 σείειν
513 1614 663 1690 repetere
694 1600 928 1687 oompellimur.
971 1602 1044 1668 Nee
1066 1602 1197 1668 difficile
1218 1602 1270 1668 in·

152 1705 284 1771 telleotu
305 1704 472 1790 quomodo
495 1698 650 1772 ιίκόλλειν
678 1723 699 1764 ιι
725 1701 864 1767 neutrali
892 1703 1078 1768 exsultandi
1106 1703 1271 1789 signifiea-

154 1805 244 1871 tione
265 1806 450 1871 traductum
472 1804 516 1871 sit
537 1804 583 1869 ad
603 1801 803 1867 transitivum
823 1803 1022 1881 nutricandi3
1043 1826 1121 1869 nam
1136 1805 1272 1871 infantia

153 1906 278 1993 gaudet
299 1917 333 1972 et
354 1906 451 1972 alimr
468 1914 560 1971 motu
580 1911 618 1966 ut
632 1900 728 1967 Plato
754 1901 815 1967 ait:
838 1908 904 1970 esis
920 1905 1066 1972 παιδίων
1080 1902 1117 1972 αἱ
1131 1907 1272 1992 μητέρες

62 2012 64 2020 ’
154 2002 213 2089 οὐχ
234 2001 373 2094 ἡσυχίαν
394 2000 511 2084 αι’ποῖς
529 2002 732 2090 παρέχουσιν
756 1996 844 2070 ἀλλὰ
871 2004 997 2091 κίνησιν
1019 2003 1053 2071 ἐν
1074 2011 1149 2082 ταῖς
1169 1999 1272 2089 dynd-

153 2107 230 2186 λαις
257 2101 311 2174 ἀεί
339 2107 491 2174 σείουσαι
519 2107 628 2192 Legg.
656 2106 735 2174 VIL
764 2105 903 2172 790.1).
926 2141 968 2152 -
990 2100 1153 2190 ’Λιιαγήν
1181 2098 1272 2184 εἶδος

153 2199 295 2290 ὄρνιθος
316 2205 354 2270 τὸ
378 2203 555 2289 λεγόμενον
574 2205 776 2294 ναγηνάριον
796 2207 881 2272 Lex.
905 2205 947 2271 de
970 2203 1060 2290 Spir.
1080 2205 1154 2270 213.
1181 2204 1273 2291 quod

155 2325 275 2369 nomen
307 2302 491 2368 etiamnunc
527 2305 623 2369 durat
654 2328 684 2372 v.
712 2307 849 2393 Menag.
889 2305 932 2369 sd
965 2304 1069 2391 Diog.
1104 2305 1169 2371 IX.
1198 2306 1270 2372 114

157 2402 328 2490 aphaeresi
343 2404 514 2469 manifesta
528 2405 680 2470 affectum
696 2407 758 2472 sed
771 2406 915 2491 antiquis
925 2406 1076 2492 ignotum
1086 2409 1151 2492 ⁸⁴).
1179 2405 1270 2475 Hau·

156 2516 250 2570 tenus
273 2505 315 2572 de
345 2504 513 2570 vocabulis
545 2528 630 2590 quae
663 2506 704 2572 ab
733 2507 833 2594 alpha
860 2509 1041 2573 ordiuntur.
1059 2503 1272 2578 -Ἕνέπειν

155 2628 256 2670 unum
275 2616 328 2670 est
346 2604 530 2684 verborum,
552 2606 670 2691 quibus
688 2609 889 2695 Apollonius
909 2610 1170 2697 praepositiones
1193 2609 1270 2676 sub·

156 2728 230 2771 esse
254 2705 367 2769 statuit
385 2705 417 2769 vi
439 2729 499 2771 sua
520 2707 707 2773 destitutas:
735 2708 795 2791 λ’ζω
822 2711 969 2790 καθίζω,
992 2711 1078 2780 εὕδω
1104 2712 1271 2789 καθεύδω,

155 2804 228 2874 stro
250 2805 308 2871 καὶ
330 2804 438 2874 ἐνέπω
461 2801 501 2872 σι’)
523 2802 684 2895 ὁιιίφορα,
708 2806 785 2874 ἐπεί
806 2834 842 2893 ys
866 2810 925 2901 καί,
943 2809 992 2889 είς
1012 2809 1046 2878 ἓν
1067 2809 1198 2878 ἁπλοῦν
1211 2837 1272 2893 με·

153 2902 404 2989 καλαμβάνιιαι
426 2905 519 2990 Synt
541 2908 602 2975 lv.
634 2908 664 2986 7,
686 2908 761 2974 327.
788 2915 885 2979 πᾶσα
909 2911 1078 2998 πρόθεσις
1108 2906 1128 2998 ἢ
1152 2908 1271 2996 χρόνον

153 3008 309 3096 σημαίνει
332 3001 352 3096 ἢ
379 3003 527 3094 ἔμφασιν
550 3003 571 3097 ἢ
596 3010 810 3091 πλεονασμὸν
835 3004 907 3080 οἷον
936 3009 1113 3096 ὑποδμώς,
1145 3008 1271 3096 ἐναλίγ-

154 3133 244 3187 κιος,
266 3108 403 3184 ,ἐννέπω
433 3109 545 3177 Schol.
570 3111 673 3178 Dion.
703 3135 736 3199 p.
766 3112 839 3179 927.
894 3112 963 3180 sed
994 3110 1196 3199 probabilior
1222 3122 1273 3178 est

152 3208 343 3275 Buttmanni
365 3210 479 3296 opinio
499 3209 571 3279 ἔπω
593 3213 734 3298 primum
753 3213 788 3278 in
813 3212 912 3294 ἕμπω
937 3212 1073 3289 abiisse,
1101 3211 1218 3278 dehine
1236 3212 1271 3277 in

155 3309 280 3388 ε’νέπω,
304 3309 423 3393 quibus
443 3313 647 3395 respondent
666 3313 770 3377 latina
790 3317 913 3388 ιἰιιειο,
939 3318 1072 3398 taquam
1089 3336 1121 3379 v.
1145 3313 1271 3379 Teohn

156 3410 228 3474 137.
258 3409 456 3476 Germsnam
482 3432 559 3477 vero
589 3413 869 3499 praepositionem
895 3411 1016 3480 habere
1049 3415 1177 3479 videtur
1211 3414 1271 3479 ad·

154 3508 317 3585 verbium‚
341 3511 383 3576 de
405 3533 471 3596 quo
493 3511 582 3578 idem
607 3512 649 3577 de
669 3513 757 3578 Adv.
779 3511 854 3577 596.
876 3512 971 3594 παρὰ
991 3513 1030 3580 τὸ
1053 3509 1153 3599 ἀγχοῦ
1175 3510 1272 3582 δίνα-

153 3631 211 3674 aas
234 3613 434 3695 γεγενῆσθαι
455 3610 494 3680 τὸ
512 3609 613 3699 sinric
636 3610 832 3701 προςλαβόν
852 3611 913 3698 τὴν
936 3609 970 3680 ἐν
990 3611 1160 3702 πρόθεσιν
1185 3614 1272 3681 κατὰ

223 3811 271 3882 or)
284 3809 464 3866 Indefinitum
475 3830 633 3884 pronomen
643 3807 710 3868 ἄπα
723 3828 760 3867 ex
772 3804 805 3867 ιιί
818 3809 906 3864 idest
920 3808 979 3866 ιινιί
994 3821 1087 3868 ortum
1098 3831 1160 3870 asse
1173 3813 1271 3868 addito

154 3897 239 3970 alpha
253 3896 451 3971 geminataque
469 3897 576 3953 dentrdi
594 3899 716 3953 affirmat
733 3897 800 3952 EM.
821 3897 879 3961 tor,
897 3896 941 3950 35.
959 3915 1044 3968 quarn
1062 3900 1091 3955 in
1109 3899 1272 3972 opinionem

154 3993 255 4055 sponte
272 4003 322 4041 sna
340 3981 437 4037 incidit
453 3982 638 4038 Buttmannus
651 3983 776 4038 Grsmm.
793 3981 817 4048 ξ.
831 3983 874 4035 77.
888 3983 955 4036 adn.
975 3983 1076 4040 Verius
1091 3986 1271 4041 Hermannns

151 4071 190 4122 ad
201 4070 265 4141 vig.
279 4073 339 4125 71³.
351 4069 503 4143 aspiratum
514 4067 608 4136 ἅιινιι,
623 4067 647 4121 si
658 4067 714 4122 vim
726 4065 869 4138 propriam
879 4067 1035 4135 amitteret,
1046 4069 1129 4127 simul
1141 4070 1272 4144 spiritum

152 4152 277 4210 amisisse
301 4165 406 4212 censet
453 4157 497 4213 Δα
519 4171 556 4210 ne
580 4157 657 4208 hune
681 4151 797 4224 quidem
821 4155 987 4209 mutandum
1013 4171 1073 4212 esse
1099 4164 1271 4229 putaverunt

154 4235 332 4293 Grammatiei
350 4258 368 4296 a
385 4242 536 4297 Gaist'ordo
555 4237 699 4322 appellati.
