2736 4778
200 338 264 403 00
285 299 638 417 0000001000οΤ
659 333 922 405 0010ωο000.
946 331 986 399 0.
998 330 1045 398 x.
1063 335 1089 417 0.
1100 333 1131 398 3-
1163 337 1237 411 τοι

124 528 198 613 λρς,
231 522 324 611 quod
354 520 509 605 equidem
537 538 605 581 non
632 515 725 581 aliter
754 514 875 581 dictum
903 536 977 581 esse
1002 536 1119 592 000000
1139 538 1240 601 quam

123 620 358 711 nurciiqgst),
377 620 440 685 sed
457 619 512 683 ille
530 617 588 701 qni
602 615 821 694 lrddlevoaog
837 616 1075 702 iuterpretatur,
1094 617 1129 683 in
1147 630 1240 705 perte

124 727 237 815 priore
268 724 388 809 inesse·
410 718 549 795 credidit
574 717 715 785 nominis
744 718 826 796 λᾶος
847 720 932 799 lupis
949 718 1088 785 turmam
1111 719 1241 785 atticam

123 827 209 905 λε’ως
232 826 324 909 cujus
346 820 521 906 vestigium
547 828 697 907 superest
711 819 750 885 iu
779 820 941 904 adjectivo
972 817 1180 907 κραταίλεως
1210 831 1244 885 et

121 929 264 1009 fortasse
284 925 321 991 in
341 920 530 1005 λεωπίτρα,
558 921 648 1007 quod
676 920 775 1006 vulgo
804 943 878 987 cum
906 923 999 1000 λεῖος
1025 920 1244 1007 compositum

127 1019 259 1113 putant.
300 1023 358 1095 Ab
376 1022 432 1089 illo
450 1019 486 1089 λί
505 1022 654 1108 proxime
680 1022 781 1088 distat
808 1024 899 1108 quod
919 1021 1130 1107 Phrynichus
1149 1023 1242 1109 App.

127 1150 164 1213 p.
187 1127 239 1191 30.
261 1133 488 1191 commemorat
506 1127 719 1210 spapooaoas
746 1124 785 1191 τὸ
807 1120 868 1195 ὑπ’
895 1122 998 1212 ὀργῆς
1022 1120 1157 1211 σφόδρα
1179 1129 1243 1208 βα-

127 1223 307 1309 ρύνεσθαι·
327 1225 364 1291 τὸ
383 1225 447 1309 γὰρ
465 1221 525 1308 pipi
546 1222 605 1291 ἐντὶ
626 1227 686 1290 τοῖν
706 1221 852 1310 μεγάλου
871 1224 927 1291 κατ’
946 1220 1083 1311 ἰσχυροῦ
1098 1221 1242 1304 τίθεται,

125 1340 159 1390 ct
180 1326 255 1391 hinc
276 1324 416 1391 conflata
436 1325 570 1389 tradunt
589 1321 750 1407 βρίακχος
771 1321 791 1411 ἡ
812 1330 960 1411 βριαρτῦς
983 1320 1186 1406 ίακχάζουσα
1209 1336 1243 1391 et

122 1424 291 1512 βρτίπυος
311 1421 331 1492 d
352 1423 441 1512 μέγα
462 1427 521 1490 καί
541 1422 629 1510 βαρὺ
651 1428 741 1506 βοῶν
767 1426 847 1491 ΕΜ.
869 1427 943 1504 313,
965 1425 1018 1491 26.
1040 1424 1181 1512 βριηρόν
1201 1426 1239 1495 τὸ

120 1523 276 1613 μεγάλως
304 1521 542 1610 κεχαρισμένον
568 1526 652 1589 Hes.
683 1526 773 1609 quod
796 1527 980 1601 Knesterus
1008 1549 1083 1592 cum
1108 1523 1243 1615 ἐρίηρος

121 1628 259 1694 confert.
302 1625 503 1714 Apollonius
532 1647 609 1692 vero
635 1627 725 1691 Adv.
753 1626 826 1693 567.
852 1627 889 1693 id
909 1628 1077 1694 residuum
1098 1627 1243 1694 adverbii

121 1727 278 1814 βριθίως
290 1725 471 1815 (βριθὲως)
489 1748 560 1791 esse
579 1727 732 1805 decernit,
752 1728 933 1817 eademque
951 1753 1103 1818 apocope
1120 1728 1162 1818 ῥςί
1180 1744 1241 1819 p'ro

123 1828 242 1917 ῥᾴδιον
258 1829 327 1894 sive
342 1826 468 1913 ῥᾳδίως
485 1826 564 1905 dici,
586 1849 648 1893 nec
670 1829 820 1895 dissentit
840 1832 958 1900 Strabo
980 1855 1011 1897 v.
1027 1831 1149 1897 I'arall.
1168 1832 1240 1897 119.

123 1930 179 1994 De
195 1916 401 2013 adverbii-sip
421 1927 456 1991 vi
469 1927 624 1995 intentive
636 1951 705 1995 non
721 1931 853 1997 indocte
876 1943 1112 1998 commentatur
1129 1931 1241 1998 Schol.

123 2030 238 2116 Apoll.
259 2027 423 2095 Ill-530.
455 2027 492 2093 τὸ
525 2025 562 2116 νή
591 2029 657 2097 καὶ.
676 2032 831 2119 στέρησιν
860 2033 957 2117 δηλοῖ
988 2031 1045 2096 καλ
1071 2029 1242 2097 ἐπίτασιν·

122 2129 260 2219 νήχυτον
281 2128 373 2214 ὕδωρ
390 2123 621 2209 Ἀπολλώνιός
643 2152 729 2216 φησι
750 2131 787 2195 τὸ
812 2129 1013 2210 πολύχυτον·
1043 2127 1101 2194 καὶ
1129 2124 1243 2210 οἰχίνε-

125 2255 184 2296 τον
199 2230 238 2297 τὸ
260 2226 348 2297 nott
371 2219 587 2307 κατὰἼωνας
608 2230 665 2295 καὶ
686 2226 904 2307 Σικελιώτας·
929 2224 1109 2306 Διονύσιος
1131 2230 1243 2295 Πλα-

126 2329 316 2412 ζομέναις
342 2326 406 2396 ίνα
433 2324 589 2418 ,λύσσαν
621 2323 808 2411 αἰχίνετον
834 2321 908 2418 ἦκα
937 2332 1131 2412 βαλοῦσα,
1157 2352 1241 2414 quae

122 2431 372 2496 Bassaricorum
395 2429 534 2516 scriptor
555 2429 677 2493 dixisse
699 2429 825 2494 videtur
848 2430 889 2495 de
912 2432 1047 2498 Junone
1068 2428 1185 2493 Furias
1208 2431 1242 2497 in

124 2532 224 2597 Lami
244 2532 329 2597 lilius
348 2531 503 2597 incitante
531 2528 586 2597 i'uu
615 2525 739 2598 λύσσαν
766 2528 938 2615 ἐμβάλωσι
958 2541 996 2594 ut
1014 2530 1048 2595 N
1050 2550 1155 2593 onnus
1176 2530 1242 2596 IX.

122 2634 179 2699 38.
202 2632 386 2718 θυγατέρες
416 2630 454 2695 δὲ
478 2625 619 2711 Λάμοιο
644 2627 733 2719 χόλῳ
760 2627 968 2717 βαρυμήυιος
984 2628 1094 2714 Ἥρης
1123 2631 1245 2712 δαιμο-

125 2732 200 2820 νίρς
227 2726 410 2817 κακότητος
436 2728 688 2815 ὲβαιιχείθησαν
716 2727 881 2819 ἱμάσθλῃ,
912 2732 965 2798 vel
986 2732 1027 2797 de
1049 2732 1151 2798 Furia
1170 2732 1245 2820 ipsa

125 2832 176 2900 ἐνί
197 2830 548 2914 λύσσαν-βαλοῦσα,
570 2831 629 2895 sed
653 2827 760 2898 λίσσα
781 2825 936 2913 ἆχύνετος
955 2845 1064 2899 utrum
1081 2834 1244 2920 significet

126 2929 308 3014 ἀδιοίχυτον
331 2931 368 2995 id
388 2939 439 2996 est
459 2929 718 2998 indissolubilem
739 2932 808 2996 sive
833 2932 1049 2999 insanabilem
1074 2958 1116 3000 an
1138 2934 1245 3002 πολύ-

123 3058 224 3116 χυτον
262 3031 330 3096 sive
362 3025 549 3119 ἀμφίχυτον
580 3031 759 3116 dijudicare
793 3031 884 3095 haud
915 3032 999 3097 adeo
1031 3033 1066 3097 in
1098 3035 1244 3121 proclivi.

127 3134 233 3217 Quod
257 3132 425 3205 Nicander
454 3131 585 3219 scripsit
611 3127 788 3217 μαράθοιο
815 3127 952 3217 νήχυτος
984 3125 1096 3220 ἷίρπηξ
1123 3144 1158 3198 et
1184 3156 1245 3220 pro

125 3233 280 3318 νεόχυτος
301 3234 369 3299 sive
390 3229 544 3320 νεήχυτος
569 3231 674 3318 accipi
697 3240 807 3318 potest
834 3243 872 3296 ut
896 3227 1049 3319 ὀρμίνοιο
1073 3233 1128 3321 ucri
1152 3232 1246 3316 χύσις

126 3335 226 3402 Alex.
248 3334 322 3400 615.
345 3344 379 3400 et
399 3356 460 3421 pro
482 3328 675 3415 πολύχυτον,
699 3334 866 3418 quomodo
885 3331 1116 3420 πολυχεύμονα
1136 3331 1246 3424 φύλλα

127 3437 282 3501 dicuntur
309 3435 461 3501 aPsello
486 3435 614 3521 Opusc.
640 3458 674 3522 p.
697 3435 750 3501 30.
779 3436 831 3503 ed.
852 3437 1005 3504 Boisson.
1030 3447 1063 3503 et
1082 3459 1142 3523 pro
1167 3436 1246 3503 sim·

126 3538 207 3625 plici
229 3533 338 3620 χυτός,
360 3558 427 3622 quo
448 3535 700 3601 Andromachus
722 3537 823 3602 utitur
839 3537 1041 3605 Nicandrum
1061 3538 1191 3607 imitans
1212 3541 1246 3607 in

200 3756 247 3821 18)
270 3755 315 3809 lix
338 3752 481 3825 Hesychio
504 3751 679 3815 Λευκόνιτοτ
701 3747 853 3825 λειίλεθρος
875 3751 892 3823 ἢ
914 3753 1082 3828 hordonius
1105 3763 1246 3819 παντελῶς

127 3837 381 3911 ἰξολοθρευόμενος
403 3846 522 3912 apparet
542 3840 607 3895 1000
629 3840 753 3912 quodam
772 3838 957 3914 disceptatum
977 3859 1038 3897 esse
1060 3850 1152 3897 utrum
1177 3846 1247 3895 λεω-

128 3922 244 3994 κόνητος
263 3925 445 3980 scribendum
464 3924 502 3979 sit
522 3944 558 3981 an
578 3921 759 4000 λεωιιόρχιος,
782 3923 854 3981 illud
873 3946 891 3983 a
907 3932 1008 3983 atrurn
1028 3934 1059 3982 ut
1083 3923 1248 3997 Τροτόντμος

130 4009 145 4065 ὃ
166 4005 298 4073 πολλάκις
317 4008 474 4067 ἀπολέσθαι
493 4005 569 4075 citior
590 4017 620 4065 et
642 4006 801 4081 νεοκίνητος
824 4011 842 4066 ἰ.
861 4030 890 4082 q.
910 4008 1062 4083 reimerus,
1087 4010 1206 4063 alterum
1230 4028 1247 4064 a

127 4102 226 4166 πορεῖν
244 4104 275 4150 ut
288 4097 418 4153 Anacreo
437 4097 508 4152 dixit
524 4102 582 4170 τρλς
598 4100 787 4169 κεκορημένον
803 4096 852 4152 τὸν
869 4096 999 4158 πολλάκις
1019 4097 1248 4168 λκσεσαρωμένον

128 4182 210 4235 Euat.
225 4186 284 4248 725,
297 4184 338 4237 30.
356 4202 413 4239 non
431 4183 556 4257 proprie,
574 4190 653 4254 puto,
669 4183 723 4237 sed
733 4181 780 4243 sie
796 4190 828 4236 ut
840 4181 1049 4253 Ἐνκσρεσθείης
1065 4178 1249 4251 ἀπολεσθελης

132 4266 213 4323 Suid.
231 4286 254 4324 0.
271 4263 397 4343 Κόρημα.
1068 4272 1073 4283 “
