2736 4778
164 353 229 417 DE
250 351 518 426 PROSTHESI
537 351 599 415 ET
622 351 883 439 APHAEBESI.
916 350 956 417 C.
972 352 1001 417 Ι.
1034 355 1059 436 ς.
1074 352 1102 416 1.
1154 357 1200 427 15

90 539 158 604 sive
183 534 336 620 σχαλίδες
363 537 399 600 id
426 544 476 599 est
506 534 649 599 furcillae
672 533 839 612 bicornes,
874 535 990 621 quibus
1022 537 1200 623 piscatores

89 640 171 705 retia
190 637 344 705 siccanda
365 636 544 714 sublevant,
567 635 687 701 similes
708 635 807 701 furcis
821 659 1010 703 cancrorum
1028 638 1095 703 sive
1109 640 1202 705 creas

90 753 123 807 et
142 740 219 807 hino
239 740 378 805 fortasse
399 761 516 804 nomen
539 738 686 814 sortitae3
714 739 814 825 vulgo
842 749 949 804 autem
970 737 1121 818 σεάλικες
1142 763 1202 826 ap·

90 844 262 930 pellantur.
285 879 327 891 -·
356 838 605 907 Choeroboseus
634 838 715 907 Can.
743 840 817 907 305.
860 841 941 906 ΕΜ.
964 840 1036 916 160,
1056 840 1085 904 7.
1109 840 1203 929 παρὰ

90 945 130 1012 sd
153 948 231 1012 σπιό
255 942 378 1028 γίνεται
399 936 533 1021 σπάλαξ
554 943 610 1009 καὶ
631 943 832 1032 πλεονασμῷ
851 937 1013 1020 ἀσπάλαξ
1030 939 1085 1007 καὶ
1104 965 1204 1023 μετα-

92 1045 192 1113 θέσει
214 1039 534 1133 ἀσφάλαξ*),,σιι]ιιε
553 1041 657 1108 forma
672 1043 770 1110 attica
788 1039 926 1127 σκάλοψ
945 1041 1045 1107 verbo
1071 1037 1204 1108 σνάλλιι
1305 1057 1311 1076 ·

95 1168 243 1213 connexa
261 1145 357 1211 fidem
383 1144 459 1210 facit
480 1143 675 1236 bisyllabum
700 1144 741 1210 ab
771 1144 896 1230 origine
918 1144 1056 1231 propius
1078 1141 1204 1207 abesse.

91 1248 137 1311 Et
166 1246 206 1311 ab
236 1246 351 1312 eodem
379 1244 480 1312 σπάω
507 1245 651 1312 derivata
678 1257 755 1312 sunt
773 1241 948 1315 Ἄσπαλον
976 1249 1096 1321 σκῦτος
1120 1245 1203 1307 Hes.

92 1348 181 1432 quod
208 1347 350 1418 Vossius
378 1356 455 1434 apte
484 1369 558 1412 cum
586 1345 716 1414 ondans
737 1352 817 1415 eutis
839 1345 1008 1413 contendit
1028 1368 1059 1409 v.
1084 1344 1202 1408 Parull.

92 1472 124 1534 p.
148 1449 199 1515 80.
226 1447 384 1536 σπαίρειν
413 1459 445 1513 et
473 1447 672 1514 homericum
694 1444 873 1532 ἀσπαίρειν
895 1471 924 1512 v.
948 1445 1106 1516 Technol.
1132 1447 1203 1511 134.

91 1544 245 1628 donadac
265 1545 363 1632 ἰχθύς
381 1551 462 1617 Hes.
485 1551 553 1616 sivo
574 1550 638 1616 hoo
660 1549 722 1614 tuit
741 1549 881 1635 piscium
901 1572 1020 1614 nomen
1041 1547 1204 1635 generale,

40 1726 44 1733 Ι
90 1650 179 1715 unde
200 1645 388 1728 ἀσπαλιεάς
408 1651 517 1731 fluxit,
540 1652 609 1718 sive
630 1652 800 1739 proprium
822 1652 891 1736 ejus
912 1651 969 1736 qui
990 1647 1124 1737 σπάρος
1144 1670 1203 1734 ap·

91 1751 245 1838 pellatur3
268 1761 433 1837 postremo
456 1749 661 1830 ἀσπάλαθος
683 1747 818 1820 suaves
841 1754 936 1836 παρὰ
957 1750 995 1817 τά
1018 1755 1108 1839 σπᾷν
1122 1750 1202 1815 ΕΜ.

92 1853 144 1919 cui
166 1853 354 1939 appositum
373 1865 424 1920 est
443 1851 652 1943 σφαλάοσιιν
675 1876 823 1940 pungere
843 1877 874 1918 ν.
897 1852 1023 1919 Techn.
1044 1851 1118 1916 247.
1147 1850 1203 1916 Ab

93 1955 210 2019 eodem
236 1958 314 2021 σπῶ
342 1953 559 2039 (σπαράσσει)
588 1954 748 2040 originem
777 1954 867 2020 ducit
889 1950 1087 2040 ἀσπάραγος
1108 1955 1145 2021 τὸ
1170 1956 1207 2034 ἐξ

93 2051 250 2122 ἀκανθῶν
279 2053 447 2140 φυόμενον
473 2052 575 2140 τραχύ
601 2057 684 2119 Hes.
734 2055 824 2118 Hinc
850 2051 1026 2137 σπάραγος
1055 2075 1147 2121 tuma
1171 2054 1208 2119 in

93 2156 203 2222 Gloss.
227 2166 260 2221 et
281 2152 556 2241 ἕλειοσπάραγον,
580 2152 863 2239 ἀγριοσπάραγον.
913 2152 968 2220 De
991 2150 1208 2238 ἀσπάζεσθαι

94 2256 218 2334 dubita,
241 2255 303 2322 etsi
325 2254 440 2321 Corais
462 2255 506 2321 ad
525 2255 659 2321 Heliod.
684 2254 755 2320 175.
776 2264 919 2320 veterum
939 2255 1131 2322 sententiam
1153 2279 1206 2324 se·

95 2359 213 2443 quitur.
235 2396 277 2406 -
290 2351 495 2441 ’Ἀσπλρνονζ
518 2354 551 2424 οἱ
574 2358 611 2424 δά
632 2355 803 2443 σπλήνιον,
826 2354 963 2438 δύναμιν
985 2354 1051 2440 ἔχει
1073 2361 1207 2446 σπλῆνα

93 2458 205 2547 τήκειν
226 2459 341 2525 Diose.
370 2458 454 2523 Mat.
481 2458 547 2523 ΠΙ.
575 2480 603 2522 e.
639 2458 710 2522 151.
761 2455 846 2522 Cum
873 2455 1007 2545 φάρυγξ
1032 2469 1207 2546 cognatum

94 2572 145 2625 est
165 2558 340 2646 σφάραγος
361 2558 429 2623 sive
454 2552 667 2644 ἀσφάραγος,
698 2558 751 2624 cui
771 2559 982 2624 Herodianus
1013 2582 1066 2647 ap.
1086 2562 1205 2627 Zonar.

96 2685 129 2749 p.
152 2662 227 2728 303.
242 2659 347 2747 ,alpha
369 2658 605 2746 pleonasticum
632 2659 744 2725 tribuit
764 2684 793 2725 v.
814 2662 917 2727 Proll.
936 2662 1009 2728 303.
1052 2662 1206 2729 Praeter·

94 2764 187 2829 mitto
217 2760 340 2849 σπιδὴς
370 2773 404 2826 et
435 2757 596 2846 ἀσπιόής,
625 2763 716 2846 quod
735 2763 791 2846 qui
813 2763 1048 2849 praetulerunt,
1079 2764 1121 2830 ab
1141 2765 1206 2831 alio

94 2864 257 2953 principio
280 2862 485 2929 arcessivisse
502 2862 661 2942 videntur,
685 2875 718 2929 et
736 2886 917 2951 pronomen
935 2865 1093 2931 aeolicum
1110 2891 1206 2955 ασφι,

94 2963 195 3054 dape.
225 3005 264 3017 -
298 2957 410 3031 Tertio
438 2973 513 3030 ante
541 2988 594 3033 os:
623 2959 783 3047 ἀσεαχυς,
809 2962 968 3053 ἀσταφίς,
991 2961 1207 3056 ἀστεροπήθ)

95 3064 322 3154 άσιράβρλος,
349 3078 522 3152 utrumque
543 3087 571 3130 a
601 3066 736 3151 σιρέφιο
758 3066 846 3131 unde
864 3066 1039 3150 στράπτω,
1062 3067 1208 3155 στραβός

96 3184 280 3237 tramenta
293 3180 393 3246 tuem,
416 3164 566 3255 ἀσιράβρ
582 3164 775 3252 ephippium
788 3166 1062 3245 transversarium,
1084 3163 1209 3256 ἂσερά.

94 3273 198 3358 palae
218 3269 365 3338 vertebra
385 3294 415 3337 v.
437 3269 563 3338 Techn.
584 3271 637 3335 41.
658 3279 690 3336 et
711 3269 775 3335 alia
793 3291 878 3355 qnae
901 3267 937 3332 in
954 3268 1055 3336 Proll.
1076 3269 1137 3335 140
1156 3293 1206 3357 sq.

101 3443 435 3455 ——--——-.-—--——.-

166 3543 193 3612 ³)
207 3541 262 3597 Pro
289 3540 458 3598 danaidum
480 3539 562 3598 Paua.
587 3537 650 3596 VII.
671 3541 714 3606 ll,
738 3539 762 3596 7.
801 3541 894 3614 Mosq.
913 3550 943 3598 et
960 3542 1025 3599 Ald.
1044 3541 1206 3620 σφαλάκων,

96 3631 176 3701 quod
194 3630 367 3684 Schubsrtus
383 3628 520 3700 probarit,
540 3626 586 3681 alii
606 3623 788 3699 ἀσφαλάκων.

164 3715 197 3784 ⁴)
210 3714 284 3769 Plat.
299 3713 374 3769 Crat.
388 3716 448 3769 ddi.
467 3714 498 3770 C.
511 3708 636 3784 ἀστραπή
650 3716 756 3785 λέγεται
770 3711 811 3769 du
824 3710 886 3775 rode
896 3702 974 3778 ὦπας
985 3720 1110 3790 στρέφει,
1129 3716 1209 3775 sisic

97 3798 215 3855 dixisset
227 3797 266 3854 ὅτι
279 3803 426 3871 στρέφεται
437 3803 482 3853 καὶ
495 3797 612 3869 arpensi
623 3801 688 3869 loss,
701 3798 820 3855 ridendo
830 3817 927 3856 serum
936 3801 1054 3860 dixisset
1063 3823 1089 3860 v.
1097 3804 1205 3861 Techn.

95 3889 140 3941 u.
171 3885 289 3957 Proprie
315 3885 449 3956 loquutus
470 3892 514 3940 est
528 3885 666 3942 Pindarus
682 3887 762 3942 Nem
783 3886 835 3942 IX.
854 3889 897 3941 ⁴5.
923 3887 1078 3962 ἀστεροπὴν
1097 3892 1204 3952 ἐλέλιξε.

98 3971 198 4027 Orion.
225 3988 253 4044 p.
278 3973 319 4037 ¹7,
341 3973 384 4026 23.
403 3968 556 4044 derspoassi
576 3970 637 4028 κατ’
665 3970 806 4042 ἀποβολὴν
831 3976 878 4028 νοῦ
900 3961 1080 4048 ἶάσιεροπὴ.
1114 3972 1208 4038 Οὕτως

92 4056 264 4130 Ἡρωδιανὸς
279 4058 311 4113 ἒν
331 4060 369 4127 τῷ
385 4061 448 4129 περὶ
466 4061 576 4126 παθῶν,
594 4059 673 4128 quod
689 4060 744 4114 hoo
761 4068 877 4116 auctore
890 4059 1044 4130 iudignum.
1075 4058 1207 4116 Ceterum

96 4160 134 4197 ex
145 4142 235 4199 tribus
254 4141 429 4214 appellativis
447 4139 588 4215 κεραυνός,
607 4142 734 4216 στεροπή,
751 4143 860 4215 βροντή,
880 4147 1000 4199 conficta
1011 4153 1078 4198 sunt
1087 4145 1207 4202 totidem

96 4228 300 4286 fabricatorum
321 4228 434 4284 nomina
447 4225 555 4301 Ἄργης,
578 4227 726 4301 Στερόπης,
747 4228 878 4303 Βρόντην
900 4248 963 4285 nam
979 4230 1084 4288 fulmen
1105 4231 1208 4288 dieitur

96 4312 185 4389 ἀργὴς
201 4312 348 4389 κεραυνός,
365 4315 480 4389 Jupiter
497 4316 656 4387 fulgureus
672 4314 877 4390 doyralpavsos·
1278 4305 1282 4313 ”
