2736 4778
179 342 256 417 2511
469 336 789 406 DISSERTATIO
819 336 866 402 II.
910 336 951 402 Ρ.
973 334 1005 443 Io

180 524 216 590 in
235 522 374 589 Aristot.
389 522 479 587 Part.
498 522 641 588 Animm.
664 523 725 589 IV.
744 523 794 587 10.
816 545 851 608 p.
869 522 943 599 686,
960 522 1012 586 21.
1031 521 1097 586 duo
1117 521 1217 587 codd.
1232 519 1299 604 μό-

181 649 297 692 νοστοι
319 621 479 711 praebent
498 646 559 712 pro
579 628 777 708 μοισσιοῦι,
807 623 898 708 quod
925 622 960 687 in
981 622 1045 687 alio
1069 623 1217 707 ejusdcm
1238 644 1298 687 au-

182 725 279 792 ctoris
299 724 374 790 loco
395 721 576 804 μοιόστιοι
597 724 748 813 scribitur
768 735 805 788 ut
825 724 902 789 alibi
924 721 1199 812 aspidurecgst),
1228 720 1300 790 ded·

182 851 278 905 στεος
311 837 344 891 ot
373 825 506 911 plantae
537 847 656 890 nomen
683 825 942 909 holostcumss).
998 825 1065 889 Pro
1093 819 1299 908 ὄστεογειιξς,

183 928 273 1014 quod
299 927 335 993 in
362 926 451 1014 Top.
470 927 531 994 VI.
552 926 583 990 2.
604 948 638 1013 p.
665 928 737 991 140.
766 948 795 991 a.
820 928 852 992 4.
883 949 924 992 cx
942 926 1083 991 Platone
1104 946 1165 1012 pro
1190 925 1299 1011 speci-

181 1029 270 1095 mine
292 1029 431 1095 ohscurc
453 1027 614 1093 dictorum
635 1028 782 1104 affertur,
803 1026 950 1093 Urbinas
972 1022 1150 1114 ὄστογινης
1171 1048 1298 1115 suppo-

184 1131 249 1197 suit
271 1141 304 1195 et
326 1128 449 1194 adhoc
472 1130 656 1218 exemplum
678 1129 829 1216 dirigitur
850 1128 1074 1215 synthetorum
1093 1149 1170 1214 pars
1194 1129 1301 1211 major

184 1226 372 1318 ὄστοθὴκη,
396 1226 578 1318 ὀστολόγος
599 1240 671 1297 etc.
686 1231 745 1296 sed
765 1231 801 1295 in
818 1254 885 1297 uno
908 1228 1132 1317 Theophrasti
1152 1229 1227 1294 loco
1242 1229 1298 1293 hh.

184 1332 264 1399 VH.
292 1333 323 1396 2.
355 1331 420 1396 duo
449 1332 596 1417 ejusdem
622 1332 825 1398 instrumenti
853 1331 986 1398 nomina
1019 1332 1145 1395 diverse
1178 1330 1301 1416 scripta

185 1442 278 1508 suut,
306 1431 385 1510 τοὺς
413 1427 642 1512 ὄσιεοκόσσος
671 1429 835 1519 ὄστάγρος
863 1435 1010 1500 καλοῦσι.
1054 1433 1184 1496 Horum
1206 1430 1299 1496 alteri

185 1534 331 1623 epsilon,
364 1533 454 1618 quod
486 1533 520 1597 in
550 1531 718 1618 γαλιάγρα
749 1533 954 1621 perduravit,
985 1533 1124 1597 fortasse
1157 1554 1229 1596 eam
1255 1531 1298 1598 ob

184 1656 317 1702 causam
339 1627 501 1699 exemtum
523 1644 572 1698 est
591 1635 668 1719 quia
685 1658 805 1701 nomen
821 1634 1009 1722 appositum
1025 1657 1045 1697 a
1062 1633 1167 1699 voosli
1187 1634 1298 1711 oritur,

183 1736 337 1821 idemque
358 1735 395 1798 fit
416 1735 450 1798 in
472 1735 647 1822 paragogis
665 1746 740 1801 ante
756 1737 901 1802 vocalem
919 1735 1062 1822 syllabae
1079 1735 1300 1823 paragogicae

183 1837 298 1925 utique
318 1857 386 1900 non
407 1857 537 1922 semper
558 1836 617 1900 sed
639 1859 738 1924 saepe
765 1847 803 1901 ut
829 1832 998 1923 ὄστάριοι,
1030 1834 1177 1924 ὄστίιης,
1204 1832 1298 1903 ioht-

182 1960 253 2019 σος,
278 1936 369 2024 quod
389 1936 564 2002 Atticistac
586 1938 771 2023 praeferunt
791 1937 918 2024 vulgari
939 1932 1088 2014 ὀστὲἲιος
1108 1960 1136 2002 v.
1160 1937 1201 2001 ad
1217 1936 1298 2003 Phr.

183 2038 256 2105 262.
279 2038 417 2127 parique
438 2038 656 2104 inconstantia
677 2036 827 2126 ὀστώδης
847 2050 880 2104 et
897 2034 1080 2123 ὄστεώόης,
1104 2038 1299 2120 ἒξοοτιΐζιιι

185 2150 218 2207 et
245 2139 435 2220 ἐξοσιίζειι,
465 2136 654 2220 ἕξοστωσις.
706 2140 792 2207 Cum
821 2135 936 2207 ιἰσιέον
962 2148 995 2203 et
1012 2160 1094 2202 voce
1119 2149 1151 2202 et
1172 2139 1298 2224 signiti-

184 2240 313 2306 cationc
335 2239 488 2325 congruit
508 2231 673 2323 ἷίστρακον
696 2253 729 2307 et
750 2235 886 2327 ὄστρεον
907 2263 937 2304 v.
957 2239 1081 2305 Niclas.
1105 2239 1147 2303 ad
1164 2238 1297 2330 Geopp.

183 2341 281 2409 XVI.
305 2341 336 2406 5.
364 2340 453 2405 unde
484 2340 628 2405 derivata
649 2337 819 2426 ὀστριῗιος
840 2352 873 2406 et
892 2335 1083 2426 σ’σιριιόὸης
1101 2340 1229 2428 epsilon
1245 2364 1299 2408 re·

185 2443 289 2508 tinent
309 2442 393 2508 sicut
415 2441 518 2532 latina
538 2442 671 2506 nomina
691 2456 829 2510 ostreum
854 2453 887 2505 et
907 2453 1011 2507 ostreo
1034 2442 1092 2505 scd
1115 2464 1243 2528 gemma
1264 2445 1299 2509 in

187 2543 294 2630 Orph.
315 2543 406 2608 Lith.
432 2553 567 2608 vocatur
588 2538 743 2630 ὀστρίτης
764 2553 803 2607 ut
819 2538 953 2628 ὄστίιης
972 2553 1004 2605 et
1021 2543 1160 2607 Romani
1178 2558 1299 2612 ostmm

185 2646 337 2710 dixerunt
361 2667 430 2709 non
457 2644 572 2708 cadem
603 2665 667 2727 qua
692 2657 831 2711 ostreum
858 2642 1096 2728 significatione
1120 2645 1179 2707 sed
1202 2644 1299 2709 simili

184 2755 294 2810 tamen
320 2756 358 2809 ut
384 2755 525 2830 cognata
555 2766 628 2809 csse
659 2760 831 2830 agnoscas.
881 2744 1169 2826 Quemadmodum
1200 2742 1300 2813 iovis

183 2847 271 2912 idem
294 2846 476 2934 appellatur
497 2843 614 2911 ὀστέον
635 2855 667 2910 et
688 2842 799 2912 ὄστίον
820 2870 850 2910 v.
867 2847 1009 2912 Ahrcns.
1025 2848 1113 2912 Dial.
1130 2849 1212 2914 Dor.
1226 2849 1298 2913 121.

185 2947 231 3013 sic
260 2948 356 3012 etiam
387 2946 560 3034 leguminis
595 2969 715 3012 nomon
749 2947 868 3033 triplici
898 2949 996 3013 modo
1023 2949 1150 3014 finitur:
1184 2943 1299 3032 iiorcpo

183 3047 323 3116 ποικίλα
348 3041 476 3135 ὄσπρια
497 3048 579 3113 Hes.
603 3043 748 3133 ὄσπριον
778 3049 830 3114 δεῖ
859 3048 966 3134 λέγειν
997 3052 1051 3116 καὶ
1071 3045 1131 3116 oin
1154 3043 1300 3135 iiorroeov

181 3148 262 3215 ΕΜ.
282 3149 354 3227 635,
376 3150 429 3215 48.
451 3150 540 3215 unde
562 3150 780 3236 compositum
803 3149 922 3214 herbae
952 3172 1071 3215 nomeu
1102 3146 1299 3233 ιἰσπρολέισν

184 3259 216 3315 ct
244 3246 464 3336 ὅσπριολὲισν.
509 3248 738 3334 Ὀρνοσιιιὶπος
764 3250 816 3316 bis
838 3252 957 3337 legitur
981 3252 1016 3317 in
1037 3253 1150 3317 Malel.
1175 3251 1298 3318 Chrou.

182 3351 279 3420 VHI.
295 3352 345 3416 84.
369 3353 408 3416 Β.
433 3362 466 3415 ct
484 3351 529 3416 D.
553 3350 611 3415 sed
632 3353 744 3438 paullo
767 3364 843 3438 post
864 3349 1076 3438 eioreottvoio.
1098 3390 1137 3401 —
1159 3354 1213 3417 Dc
1237 3352 1297 3417 ho-

181 3452 302 3517 merico
324 3453 457 3535 μέλιισς
479 3453 619 3538 graviter
641 3464 726 3517 errat
745 3454 825 3519 ΕΜ.
841 3454 919 3532 577,
935 3455 987 3518 46.
1010 3455 1112 3541 Παρὰ
1133 3454 1171 3519 τὸ
1193 3453 1298 3537 μελέα

253 3719 295 3782 18)
313 3717 371 3771 Pro
389 3720 444 3773 hoc
462 3717 614 3793 περιόσιιος
630 3723 735 3794 legitur
752 3722 781 3777 in
794 3723 864 3776 Rus.
879 3725 950 3793 Eph.
965 3724 1001 3776 de
1015 3723 1093 3776 l’srt.
1110 3723 1193 3777 Hom.
1212 3741 1241 3794 p.
1255 3724 1297 3775 25.

182 3811 212 3859 ct
230 3802 348 3874 saepius.

251 3925 296 3993 111)
315 3923 472 3994 Hesychius
497 3921 620 3985 Ὁλοστός
639 3922 701 3986 ὅλος
719 3921 757 3986 ὠς
782 3927 857 3979 ἐστιν
878 3923 932 3987 sic,
953 3932 1036 3996 puto,
1056 3926 1167 3997 scripsit
1187 3923 1300 3985 ὅλοσιος

179 4005 209 4071 ὃς
227 4010 288 4073 ὅλος
307 4011 403 4066 durior
421 4013 503 4065 ἰσιίιν.
540 4010 708 4065 Aristoteles
723 4009 770 4081 qni
789 4010 817 4065 in
833 4010 865 4063 11.
880 4009 960 4066 XXI.
974 4012 1033 4063 251.
1047 4030 1099 4082 pro
1113 4017 1233 4073 μέλανος
1249 4013 1297 4065 ισῦ

179 4100 332 4171 θηρητῆρος
346 4096 491 4168 scripsisse
506 4095 608 4150 dicitur
619 4094 800 4168 ueterrimos,
815 4095 910 4149 nescio
926 4116 960 4150 cn
972 4101 1160 4168 μιλιινοσιίου
1175 4095 1298 4151 volucrit

180 4193 205 4315 ἱ
218 4181 387 4237 nominativo
415 4180 612 4253 μελονὸσιεος,
645 4198 697 4252 pro
724 4198 781 4250 quo
802 4179 971 4251 μελανέσιης
993 4181 1125 4237 scribitur
1150 4183 1178 4237 in
1201 4180 1296 4237 Schol.

206 4278 248 4331 yc.
264 4266 320 4318 itt.
