2736 4778
138 338 203 408 DE
224 334 493 407 PROSTHESI
513 334 575 403 ET
598 333 859 402 APIIAERESI.
888 330 926 401 C.
941 332 986 400 11.
999 337 1034 420 p.
1046 334 1076 399 2.
1125 339 1170 410 51

59 547 164 592 unum
194 536 340 591 remanet
372 521 562 588 adverbium
592 519 711 605 νέρθε,
749 518 839 604 quod
867 520 936 604 jam
966 519 1174 587 absolvimus.
1275 530 1283 562 l

59 628 211 697 Eandem
237 627 385 693 vocalem
415 620 606 711 praeverbio
637 616 700 689 ἕπε’
723 620 899 685 defluxisse
930 621 1086 716 probetpr
1118 645 1175 688 ex·

62 728 171 815 emplo
190 727 288 792 unico
307 722 472 815 φιάλλειν,
495 723 603 790 sihoc
621 744 695 787 cum
714 721 831 788 eodem
843 720 942 787 verbo
961 725 1177 812 compositum

62 840 114 894 est
131 838 166 893 ut
185 824 364 896 dactilico
385 838 418 891 et
437 824 617 902 dactilico,
638 824 679 889 de
694 845 760 909 quo
778 834 914 912 propter
931 823 1177 910 significationis

62 928 310 994 similitudinem
335 927 389 992 vix
410 926 550 992 dubitari
572 925 701 1012 poterit.
745 925 839 991 Idem
860 939 970 991 tamen
993 923 1045 991 bis
1068 926 1178 1005 modo,

60 1055 133 1097 non
166 1028 316 1114 saepius,
351 1028 470 1114 legitur
501 1039 534 1093 et
564 1027 599 1091 in
632 1037 771 1113 utroque
804 1028 878 1094 loco
911 1028 1084 1094 intercedit
1116 1028 1180 1094 alic

60 1132 228 1217 scriptura
253 1127 421 1217 ἔφιάλλειν
452 1138 556 1195 metro
585 1126 762 1213 aequaliter
790 1140 867 1216 apta
881 1129 924 1215 ⁶).
967 1131 1023 1197 De
1047 1131 1179 1198 nomine

59 1233 143 1310 avis,
168 1253 264 1316 quam
279 1232 425 1297 nonnulli
444 1231 577 1297 ardeam
593 1253 666 1297 esse
680 1229 806 1308 volunt,
828 1232 997 1297 contrariis
1014 1245 1179 1320 pugnatur

60 1333 232 1401 sententiis
242 1356 251 1395 ε
254 1330 315 1430 —oi
339 1333 401 1418 μὲν
422 1333 519 1422 παρὰ
540 1331 579 1400 νδ
603 1332 677 1412 ἕλος
703 1324 789 1400 εἶναι
816 1329 956 1411 ἑλωδιός
984 1335 1040 1402 καὶ
1066 1339 1178 1427 τροπῇ

61 1423 241 1515 πολλοῖς
268 1460 287 1519 ρ
314 1429 470 1522 tondete,
499 1430 531 1502 oi
557 1433 594 1501 δὲ
620 1432 715 1516 παρὰ
743 1433 801 1500 triv
830 1431 940 1521 ῥοῖζον
969 1434 1097 1523 ῥοίδιος
1122 1437 1180 1503 καὶ

61 1534 196 1606 ἐντάσει
217 1533 339 1626 ῥῴδιος
359 1534 415 1602 καὶ
435 1535 639 1620 πλεονασμῷ
660 1529 817 1622 ἒρῳδιός·
843 1533 958 1612 Οὕτως
972 1531 1180 1619 Ἡρωδιανὸς

61 1637 98 1705 ἓν
119 1641 169 1725 τῷ
191 1634 271 1723 περὶ
292 1639 419 1703 παθῶν
441 1634 558 1703 Orion.
573 1635 625 1714 57,
639 1634 688 1700 13.
705 1644 739 1701 et
759 1634 792 1699 in
807 1635 908 1701 Exco.
920 1635 1092 1725 Koeeii'p.
1107 1636 1178 1715 186,

65 1739 117 1803 14.
133 1733 343 1824 Ἡρωδιανὸς
368 1733 457 1818 λέγει
481 1733 534 1803 ὁέι
561 1733 675 1822 ὥςπερ
705 1729 775 1803 ἆπδ
805 1739 877 1803 τοῦ,
892 1731 1028 1821 ἁρμόζοι
1055 1738 1179 1824 γίνεται

62 1834 245 1922 ἁρμόδιος,
276 1835 364 1902 οὕτω
393 1833 451 1902 καλ
480 1830 549 1903 ἆπδ
580 1840 639 1903 τοῦ
667 1834 939 1925 δολζιολροιζιὸ)
968 1839 1098 1925 ῥοίδιος
1123 1841 1179 1907 καὶ

63 1941 177 2028 τροπῇ
205 1942 264 2005 τοῦ
279 1924 322 2004 'o‘
338 1933 387 2016 εἷς
406 1923 449 2002 ἶ
471 1933 612 2024 (ρῳδιός
641 1936 704 2024 ααλΙ
724 1937 945 2024 πλεονασμῷ)
973 1936 1115 2026 tepente
1131 1941 1180 2024 1),

63 2061 163 2124 quam
189 2036 383 2103 sententiam
407 2058 547 2121 sequens
567 2037 648 2103 EM.
671 2037 745 2113 380,
765 2036 818 2100 40.
841 2036 879 2103 νδ
902 2035 1039 2126 bodacis,
1064 2039 1181 2124 inquit,

63 2134 110 2216 ὡς
131 2138 194 2222 μὲν
214 2137 305 2222 πρδς
327 2136 386 2224 τὴν
411 2132 593 2223 συνήθειάν
620 2137 709 2204 ἐστιν
733 2132 930 2225 ἆφαίρεοις,
958 2133 1005 2217 ὡς
1031 2139 1068 2207 δδ
1093 2141 1182 2226 πρδς

62 2238 123 2304 ror
151 2234 397 2324 σχηματισμὸν,
431 2228 574 2314 ἐντελές·
605 2236 728 2304 scilicet
760 2232 828 2305 ἀπὸ
859 2243 918 2307 τοῦ
948 2239 1071 2329 ῥοίζου.
1119 2243 1180 2309 Lis

63 2350 134 2406 tota
162 2361 203 2404 ex
232 2337 467 2404 consuetudine
490 2337 629 2424 pendet3
660 2361 735 2405 narn
760 2340 858 2425 etymi
886 2340 1103 2429 investigandi
1129 2346 1182 2412 vin

63 2442 197 2509 occlusa
229 2452 289 2506 est.
343 2439 470 2505 Eadem
507 2438 703 2508 obscuritate
736 2441 863 2508 laboret
895 2463 1016 2510 nomen
1048 2446 1180 2532 plantae

62 2539 277 2630 ἐρύσιμον-
296 2535 390 2618 ἰδίως
417 2540 456 2609 δὲ
481 2545 537 2608 νῦν
565 2536 647 2608 arieti
678 2541 817 2630 λύσιμον
845 2545 943 2612 καλεῖ
968 2539 1049 2613 daeo
1077 2537 1181 2617 voit}
1247 2620 1249 2624 ,

63 2643 176 2712 Schol.
189 2642 263 2709 Nic.
275 2642 371 2708 Alex.
383 2640 457 2708 620.
473 2663 611 2728 quorum
628 2642 709 2708 illud
732 2644 868 2711 similius
890 2656 941 2712 est
961 2645 1062 2715 lutino
1084 2653 1180 2718 trion.

62 2744 243 2811 Homerico
269 2742 430 2829 adjectivo
454 2740 570 2825 λάχεια
591 2743 783 2813 Eustathins
806 2770 839 2834 p.
864 2747 956 2826 1667,
981 2750 1031 2815 12.
1053 2751 1181 2839 epsilon

64 2846 247 2912 detractum
268 2853 394 2923 censet,
417 2843 628 2929 ejusdemque
650 2849 829 2915 sentcntiae
854 2862 903 2915 est
915 2849 1100 2918 Scholiasta
1119 2853 1180 2920 Ni-

63 2947 177 3014 candri
199 2942 402 3033 λαχιῖφλοιος
424 2945 590 3032 explicans
611 2944 845 3036 μινρόφλοιος,
866 2950 920 3015 alii
940 2974 1017 3018 vero
1038 2952 1102 3020 boe
1120 2976 1181 3042 pro

63 3044 273 3135 δασύφλοιος
294 3056 492 3134 acceperunt
513 3059 546 3113 et
566 3045 733 3137 λαχειδής,
756 3071 822 3134 quo
844 3049 932 3115 idem
953 3063 1053 3137 poeta
1072 3053 1182 3133 utitur,

63 3172 124 3237 pro
157 3145 388 3236 λαχανοειδής,
426 3147 691 3232 bomen‘cnmque
726 3149 807 3215 illud
840 3150 988 3216 nonnulli
1012 3147 1184 3244 εἰλακαφος

63 3249 267 3339 interpretati
282 3260 367 3329 sunt,
384 3250 574 3316 Zenodotus
588 3270 665 3315 vero
683 3246 817 3335 ἐλάχεια
835 3250 933 3318 scribi
944 3253 1054 3340 juesit.
1080 3254 1183 3340 Quod

63 3352 97 3418 in
118 3350 233 3421 Schol.
256 3349 329 3416 Pal.
359 3350 403 3417 ad
432 3351 500 3420 Od.
523 3352 588 3419 III.
611 3351 684 3419 316.
712 3353 869 3441 scriptum
896 3365 965 3420 eet:
992 3353 1069 3441 ἐμοὶ
1094 3356 1182 3426 οὕτω

64 3454 160 3522 δοκεῖ
186 3452 233 3521 οὐ
263 3454 283 3520 δ
328 3452 523 3542 δνηϋσλην
552 3448 653 3522 ὃδδν
682 3450 828 3546 ἔλθῃς,
863 3455 1018 3524 indicium
1048 3458 1184 3545 praebet

133 3691 164 3761 t)
186 3691 219 3747 In
239 3691 327 3748 altero
344 3692 420 3760 ioco,
442 3694 491 3749 nbi
505 3700 592 3766 poete
610 3691 701 3747 lusum
720 3701 815 3765 captet
833 3711 848 3750 e
867 3692 1047 3751 similitudine
1063 3698 1183 3754 neminis

65 3771 168 3848 φιάλη,
191 3779 387 3851 paronomasia
405 3779 508 3836 elutior
526 3785 569 3833 est
587 3776 611 3832 si
631 3779 704 3852 ἔργῳ
721 3782 879 3851 φιαλοῦμεν
903 3779 1036 3837 seribitnr
1055 3800 1140 3855 quern
1160 3784 1183 3839 si

65 3864 139 3938 ἔργῳ
153 3861 333 3936 'pretorium

134 3949 165 4018 7)
188 3948 342 4020 Trisyllnbi
364 3948 540 4005 simulacrum
561 3951 700 4023 praebent
719 3950 853 4024 Hesycbii
877 3953 990 4024 glossae
1001 3946 1116 4011 ’Ἀαιδον
1134 3955 1182 4028 ῥα·

66 4035 155 4089 διιδνα
169 4028 300 4090 ειἌσιον
311 4036 441 4111 ροδιῶνα.
458 4034 491 4090 ln
497 4035 682 4108 Hipponactis
690 4036 801 4108 Fragm.
808 4036 884 4093 LIX.
891 4040 950 4093 523.
959 4038 1185 4096 emendationem

68 4121 96 4174 in
108 4119 263 4192 proecdosi
276 4120 447 4193 propositam
465 4120 532 4195 παρ’
549 4119 662 4196 Ἀρήνην
677 4129 861 4196 praeceperat
880 4120 1109 4179 Schneidewinns
1127 4143 1184 4181 me·

65 4205 121 4260 rito
141 4205 273 4261 laudatur
295 4224 314 4260 a
330 4205 458 4272 Lehrsio,
482 4206 531 4277 qni
552 4209 588 4263 de
609 4205 659 4264 illo
679 4208 738 4264 sris
758 4207 871 4264 nomine
890 4207 1047 4264 accuratius
1069 4211 1127 4283 egit
1147 4213 1184 4266 nd

66 4289 224 4348 nemum.
240 4308 270 4364 p.
285 4293 325 4344 55.

929 4379 973 4446 4‘
