2736 4778
380 347 445 412 DE
472 345 763 416 METATHESI.
800 346 902 415 0.11.
924 350 950 433 ι.
965 347 997 413 5.
1170 354 1242 429 521
1309 430 1314 437 ,

130 554 202 597 cum
239 531 487 619 praepositione
520 531 740 619 compositum
772 530 999 608 erediderunt;
1038 543 1128 619 patet
1167 556 1244 601 vero

128 655 333 720 paronymon
356 654 429 697 esse
453 643 489 697 ut
511 628 670 720 ἐκκλησία
690 630 897 720 ἐκκλησιάζω
917 633 1042 710 atalia,
1066 656 1151 718 quae
1164 636 1245 720 quia

126 733 266 820 simplici
294 742 422 811 carent,
445 733 566 820 pariter
594 733 694 800 modo
723 733 918 800 intrinsecus
955 744 1116 819 augentur
1143 737 1243 804 modo

126 837 339 900 extrinsecus.
382 833 496 922 Alphe
514 846 546 900 et
563 834 631 899 iota
643 836 811 900 transverti
824 859 938 922 parum
958 834 1116 923 probatur
1135 858 1243 905 exem·

126 938 183 1024 plo
206 936 332 1003 inEM.
346 936 418 1014 172,
433 936 464 1002 5.
488 936 617 1023 prolato
637 929 684 1014 ὦς
703 936 798 1020 παρὰ
817 937 856 1004 τὸ
877 933 989 1005 πολλά
1009 934 1136 1022 γίνεται
1158 939 1244 1004 πολ-

127 1037 208 1103 λάκι
227 1035 288 1104 καὶ
308 1030 406 1122 ὀλίγα
429 1032 571 1124 ὀλιγάκι,
593 1035 675 1104 δέκα
698 1033 813 1103 δεκάκι
836 1036 894 1104 καί
914 1036 1010 1124 παρὰ
1023 1036 1100 1123 (ιδ)
1118 1031 1244 1106 τούτων

127 1138 283 1223 depascis
308 1133 459 1216 τουτάκι,
497 1133 583 1206 οὕτω
613 1135 711 1225 παρὰ
736 1136 774 1204 ιδ
806 1132 891 1205 αίσά
925 1135 1046 1206 αιἰτάκι
1073 1136 1132 1205 καὶ
1157 1126 1244 1207 κατά

126 1231 300 1305 ἀντίθεσιν
331 1231 451 1305 αὐτίκα
478 1238 558 1305 ΕΜ.
596 1239 674 1316 172,
706 1238 736 1302 5.
779 1239 865 1304 Nam
893 1236 1043 1320 δεκάκις,
1080 1235 1240 1328 ὀλιγάκις,

125 1332 280 1415 δισσάκις
307 1349 368 1404 eto.
395 1351 471 1406 sunt
505 1338 660 1405 adverbia
686 1341 862 1405 numeralia
894 1363 978 1425 quae
1008 1343 1240 1429 interrogativo

126 1435 271 1516 ποσάκις
296 1442 499 1527 respondent
523 1441 643 1528 partim
667 1437 779 1524 γενικά
812 1440 880 1507 sive
917 1442 1077 1509 indefiniti
1114 1445 1241 1512 numeri

123 1539 242 1623 partim
263 1539 355 1618 finiti,
378 1564 463 1659 quse
483 1536 604 1628 μερικά
630 1551 803 1619 vocantur,
832 1542 891 1606 sed
916 1537 1035 1611 αὐτίκα
1060 1547 1241 1632 temporale

123 1650 175 1705 est
195 1639 273 1706 item
294 1652 328 1706 ut
350 1638 488 1709 τουτάκι
507 1641 598 1728 quod
621 1640 733 1706 dorice
753 1641 872 1709 dicitur
893 1666 953 1729 pro
973 1640 1060 1712 τότε.
1105 1644 1242 1714 Certum

123 1761 200 1805 vero
223 1752 274 1806 est
294 1741 527 1829 Epicharmum
550 1755 582 1810 et
604 1742 812 1829 Sophronam
834 1766 894 1831 pro
919 1745 1095 1828 βαπτίζειν
1117 1747 1241 1817 dixisse

123 1839 310 1924 βατιάζιιν.
355 1843 409 1908 De
431 1844 648 1911 transfusione
673 1844 838 1911 literarum
868 1873 889 1912 α
912 1857 945 1912 et
969 1871 987 1912 ι·
1009 1869 1115 1914 sermo
1133 1860 1189 1922 est
1207 1850 1242 1917 in

122 1939 198 2007 loeo
220 1942 378 2010 lacunoso
400 1945 480 2011 ΕΜ
499 1947 550 2023 71,
568 1946 621 2012 32.
645 1939 823 2014 άλυκτίιον·
847 1938 988 2013 άλλό
953 1971 1009 2011 σοι
1031 1946 1102 2012 ἔστι
1124 1945 1239 2032 παρά·

126 2039 301 2128 δειγμα(
284 2070 302 2110 ο
340 2043 467 2131 κίρκος,
520 2039 601 2113 lilla
641 2044 680 2111 τὸ
719 2040 886 2112 ilos-rema
926 2039 1101 2112 σἰλικτίιον.
1174 2047 1241 2115 Hic

125 2142 213 2207 enim
234 2156 373 2231 apparet
396 2147 437 2212 de
460 2145 589 2211 duobus
610 2146 664 2232 agi
686 2143 872 2212 metathesis
894 2143 1079 2231 generibus,
1102 2169 1241 2232 quorum

124 2267 226 2310 unum
256 2249 402 2313 vocalem
431 2258 465 2313 et
494 2269 672 2314 consonam
701 2247 847 2330 ejusdem
877 2246 1021 2331 syllabae
1048 2251 1240 2336 transponit,

123 2346 261 2413 alterum
280 2350 410 2415 vocales
434 2349 634 2415 diversarum
655 2348 860 2435 syllabarum.
903 2348 995 2414 Illius
1012 2351 1179 2435 specimen
1190 2362 1241 2417 est

125 2449 246 2530 κρίκος,
280 2449 377 2535 hujus
407 2449 542 2515 verbum
575 2448 729 2516 creticum
761 2449 852 2533 quod
878 2449 1067 2535 Hesychius
1101 2453 1240 2518 servavit

117 2541 271 2615 Ἀλοκτεῖ
291 2545 434 2617 ὑλακτεῖ.
478 2552 583 2639 Apud
605 2551 746 2616 eundem
767 2573 828 2638 pro
838 2545 1028 2631 Ἀστσλάζιι
1048 2553 1147 2620 λυπεῖ
1168 2549 1238 2636 (λά-

123 2648 191 2732 ζει)
216 2649 301 2732 μετὰ
330 2653 506 2735 κλαυθμοῦ
533 2652 706 2739 corrigitur
734 2646 928 2732 άσταλίζεμ
964 2651 1017 2717 eui
1044 2652 1158 2720 similis
1188 2664 1265 2729 eat¹

122 2750 290 2836 corruptio
312 2747 475 2839 Λσκάδης
496 2776 556 2840 pro
578 2748 743 2840 Λακύδης
763 2753 798 2817 in
818 2751 916 2817 codd.
930 2752 1060 2818 Aelian.
1083 2755 1129 2819 H.
1148 2756 1236 2832 Anu.

122 2851 202 2916 VII.
224 2852 277 2918 41.
321 2853 375 2918 De
395 2853 500 2940 epsilo
530 2867 562 2920 et
590 2865 644 2920 eta
674 2853 836 2920 contraria
866 2851 979 2918 dicunt
1000 2853 1112 2921 Schol.
1134 2856 1236 2922 Dion.

123 2953 268 3019 Gramm.
298 2954 375 3032 793,
403 2956 456 3021 21.
490 2948 611 3044 ἤρεμος
638 2956 696 3022 καί
728 2952 813 3020 κατὰ
842 2948 1025 3034 μετάθεσιν
1054 2950 1176 3042 ἔρημος
1206 2967 1237 3022 et

122 3054 203 3118 ΕΜ.
213 3054 289 3131 436,
308 3055 363 3121 43.
387 3053 509 3142 ἐρημία
531 3050 614 3121 καθ’
640 3049 826 3139 ὑπέρθεσιν
847 3046 978 3137 ἠρεμία.
1009 3054 1106 3119 Haec
1127 3058 1236 3122 verbo-
1308 3138 1311 3143 ,

123 3175 197 3220 τιικι
222 3168 267 3222 ιιι
296 3160 388 3239 copia
418 3175 518 3222 σοιιο.
574 3155 642 3220 Ριο
671 3151 877 3241 θηλυμίτρης
913 3150 1036 3216 librarii
1065 3153 1236 3237 aliquoties

123 3257 325 3342 seripserunt
346 3250 562 3344 θηλύμητρις.
605 3252 822 3339 Peregrinum
847 3254 898 3317 est
920 3247 1024 3319 Ἰνδία
1042 3253 1238 3340 ,μεσημβρία

125 3352 325 3434 Μακεδόνες
345 3358 428 3421 Hes.
452 3355 516 3420 hoo
540 3364 590 3420 est
606 3350 731 3421 Ἔνδία.
774 3355 805 3418 Ε
826 3353 955 3419 turbido
975 3355 1065 3418 fonte
1088 3354 1238 3419 haustum

123 3458 260 3523 dixerim
283 3459 374 3544 quod
395 3457 476 3524 ΕΜ.
499 3457 577 3534 631,
599 3456 652 3520 49.
680 3465 790 3520 narrat
811 3449 1034 3539 ὅρμασται
1002 3450 1072 3521 άπὸ
1093 3460 1154 3522 τοῦ
1176 3450 1237 3541 άρ-

120 3553 214 3642 μόζω
226 3555 347 3646 ἥρμοσι
334 3583 408 3641 μαι,
428 3556 467 3625 τὰ
482 3557 593 3647 τρίτον
605 3552 772 3646 ἥρμοσται
789 3549 1011 3641 ὖπερθίσει’
997 3553 1164 3644 όρμησται
1179 3555 1239 3624 καὶ

121 3661 267 3749 συστολῇ
280 3661 338 3725 τοῦ
362 3684 381 3748 η
395 3682 574 3746 ορμασται,
591 3656 683 3743 quod
696 3656 806 3742 potius
828 3653 870 3719 ab
892 3650 1024 3742 ἓρμάζιι
1041 3655 1237 3725 declinatum

122 3770 182 3825 est
204 3760 296 3826 Inter
307 3780 417 3837 voces,
435 3780 519 3844 quae
533 3780 553 3822 a
566 3757 692 3844 syllaba
705 3784 747 3846 κη
764 3758 921 3835 oriuntur,
939 3757 1098 3845 positum
1100 3771 1150 3826 est
1165 3767 1237 3848 Κη·

121 3859 245 3948 ροβίιον
256 3860 337 3928 ΕΜ.
350 3859 459 3938 5127
463 3859 544 3925 .sed
565 3859 720 3927 refellitur
739 3859 851 3926 addito
865 3859 989 3928 Cratini
1007 3882 1103 3927 versu
1116 3871 1149 3926 et
1166 3860 1238 3925 aliis

121 3962 204 4030 locis
215 3967 225 4007 ¹
236 3963 279 4048 ⁶).
313 3962 407 4027 Idem
426 3985 460 4049 p.
473 3961 524 4040 87,
539 3955 605 4027 6.'
586 3957 753 4051 αμύρητον
770 3987 809 4029 το
798 3955 1072 4030 ἇτίλεστον·”
1037 3984 1166 4049 ιιρηται
1189 3954 1238 4038 είς

194 4200 297 4269 16)οι
311 4209 428 4256 accentu
447 4216 520 4271 quae
532 4198 602 4254 dicit
618 4199 733 4253 turbata
744 4204 809 4251 sunt
826 4199 850 4251 ιι
865 4191 905 4265 μὴ
923 4188 979 4268 ίίρα
996 4191 1151 4270 κεριεκιικὴ
1165 4196 1239 4252 ἔστιν

122 4284 217 4341 ἔννοια
228 4285 308 4341 ἕνεκα
322 4283 528 4358 lauriacensi
541 4281 626 4354 ὑγιῶς
638 4279 775 4352 ὀξύνεται,
794 4298 878 4353 quem
890 4287 1037 4335 acoentum
1054 4282 1142 4338 habet
1152 4301 1240 4356 κηρυ-
