2736 4778
201 372 266 437 DE
289 367 559 438 PROSTHESI
581 366 644 431 ET
667 367 930 435 APHAERESI.
964 366 1003 434 Ο.
1014 368 1093 436 VH.
1132 373 1218 449 ,101

104 554 348 623 inventiuncula
360 562 411 617 est
424 571 546 615 nomen
557 544 717 633 ομερδνὸς
733 548 874 613 enodare
889 551 1045 616 conantio.
1064 552 1220 621 Ζαλαίνο)

106 658 144 722 ιδ
171 654 333 740 μιοραίπο
364 651 450 714 siout
476 651 583 726 Δαλίς
605 644 720 731 μιαρός
746 649 829 713 Ηεε.
857 650 1008 735 oongrnit
1034 673 1108 716 oum
1131 647 1221 738 ἢλός,

106 751 215 840 ἠλεός,
238 751 435 838 ἇλεόφρων,
456 743 607 838 ἠλίθιος,
631 742 815 837 ἧλέματος,
844 749 936 833 quod
957 750 1095 836 simplex
1117 761 1223 817 estut

106 850 308 938 αὐτόματος.
351 850 444 914 Ηαεε
464 849 612 914 nonnulli
633 849 677 914 od
698 845 762 936 61η
784 840 937 916 referunt.

195 987 238 1051 V.
280 979 381 1062 Θδμα
398 981 435 1048 ἐκ
452 984 511 1048 τοῦ
527 980 599 1065 ἅμα
615 985 817 1070 πλεονασμῷ
834 988 895 1051 τοῦ
909 971 953 1050 εἶ
962 982 1000 1049 τὸ
1013 983 1077 1070 γὰρ
1093 984 1225 1061 πυκνῶς

109 1082 281 1169 γινόμενον
306 1077 368 1168 ὑφ’
400 1081 457 1148 ἕνα
482 1082 604 1168 καιρδν
632 1082 755 1167 γίνεται
784 1085 894 1170 Epim.
923 1085 951 1149 I.
977 1084 1053 1161 451,
1081 1086 1110 1148 l.
1143 1082 1224 1148 ΕΜ.

109 1186 185 1263 442,
211 1185 258 1249 17.
279 1184 337 1249 sed
357 1182 412 1249 hio
438 1183 567 1249 diverso
587 1181 683 1267 signa
705 1204 845 1268 sequeno
864 1207 897 1270 p.
917 1185 967 1262 75,
986 1185 1017 1250 9.
1039 1184 1111 1266 δι’μα
1129 1181 1225 1266 παρὰ

108 1285 147 1352 ιδ
179 1283 285 1365 θαμά.
341 1284 403 1348 Illa
430 1283 622 1369 Tryphonis
651 1283 811 1349 sententio
837 1286 899 1349 init
922 1287 1035 1375 Apoll.
1066 1287 1107 1351 de
1135 1282 1224 1350 Adv.

105 1385 179 1451 563.
203 1383 284 1450 haec
308 1382 466 1449 Characis
487 1384 597 1471 Epim.
620 1383 648 1447 I.
672 1383 742 1448 199.
770 1395 803 1449 et
820 1386 991 1473 Apollonii
1016 1387 1136 1473 ipsius,
1167 1383 1224 1470 qui

104 1485 290 1570 frequentin
318 1485 536 1551 derivatorum
562 1486 675 1549 nititur
696 1484 786 1550 theto
805 1487 964 1551 tuentium
987 1488 1129 1565 θαμέες,
1159 1493 1226 1551 θα-

102 1587 213 1670 μειαί,
236 1586 381 1670 θαμινά,
406 1587 554 1671 θαμίζω,
574 1586 691 1671 hisque
712 1586 899 1651 addendum
920 1587 1048 1651 videtur
1072 1584 1225 1671 Θάμυρις

106 1684 293 1774 πανήγυρις
322 1688 404 1750 Ηεε.
435 1698 467 1750 et
496 1686 627 1767 θάμνος
660 1687 860 1772 (densetum)
890 1687 986 1772 παρὰ
1012 1688 1050 1754 τὸ
1078 1682 1176 1768 θαμά
1203 1683 1225 1753 δ’

106 1787 178 1854 ἔστι
201 1790 335 1865 πυκνῶς
354 1788 448 1852 Eunt.
473 1787 566 1866 1554,
590 1787 642 1852 62.
666 1789 725 1854 εει]
747 1789 775 1854 εἰ
796 1811 865 1854 rem
880 1811 901 1852 a
918 1789 1019 1876 stirpe
1036 1787 1224 1874 repetimus,

109 1887 180 1966 ἅμα
196 1908 263 1953 rma
278 1884 395 1970 (ὁμοῦ)
417 1889 571 1974 primitivi
592 1889 728 1955 similius
744 1901 794 1955 est
810 1913 909 1976 quom
925 1888 1020 1964 θαμά
1037 1893 1224 1974 [requenter.

106 1989 188 2053 Fuit
217 1990 314 2055 etiam
342 2012 462 2054 nomen
488 1991 658 2076 proprium
687 1990 837 2075 ancipitis
868 1989 1063 2074 scripturae,
1092 1989 1133 2052 de
1158 2008 1224 2071 quo

107 2093 203 2156 Ειιει1
224 2089 299 2166 296,
321 2091 352 2153 2.
376 2090 411 2156 ἐν
431 2095 471 2179 τῇ
490 2089 660 2178 παροιμίᾳ
682 2089 835 2175 Θάμυρις
851 2089 1006 2171 μαίνεται
1024 2083 1227 2166 unicium·

109 2215 163 2270 ριν
192 2187 345 2276 ἔγραψαν
376 2191 451 2272 δι’χα
484 2194 545 2258 τοῦ
573 2179 619 2256 5.-
649 2191 704 2256 De
734 2190 797 2255 hoe
827 2187 909 2252 nihil
930 2189 1083 2254 constitui
1105 2197 1225 2274 potest.

108 2289 295 2374 Conjunote
324 2312 399 2355 oum
426 2290 496 2368 ἅμα
519 2290 657 2377 Trypho
685 2291 726 2356 de
744 2291 839 2355 Paos.
865 2314 898 2379 p.
921 2290 973 2356 34.
1001 2302 1034 2356 et
1055 2290 1225 2378 Joeephus

107 2392 143 2454 in
170 2391 315 2478 Synops.
345 2416 377 2479 p.
406 2391 479 2457 566.
507 2391 549 2455 ad
575 2392 762 2479 prostheoin
788 2393 931 2457 referunt
960 2385 1061 2476 οὖρος
1088 2397 1225 2481 θοῦρος,

108 2492 171 2557 eed
201 2491 284 2556 haee
315 2493 457 2579 disparia
485 2492 645 2580 principia
672 2493 793 2558 habent
821 2489 953 2577 ὀρνδναι
978 2507 1011 2557 et
1032 2499 1159 2574 θορεῖν.
1184 2530 1226 2543 -

114 2590 324 2660 Θειλδπεδον
341 2593 424 2661 κατὰ
442 2592 654 2675 πλεονασμὸν
671 2596 790 2660 πεδίον
805 2592 842 2659 rei
861 2593 934 2674 ἔχον
953 2595 1029 2680 ἕλην
1046 2593 1101 2669 (al.
1120 2589 1225 2681 ei'ipv)

109 2692 190 2761 Sch.
221 2693 289 2760 Od.
320 2693 399 2760 VII.
429 2695 500 2759 123.
536 2692 700 2760 Choerob.
734 2693 816 2760 Can.
845 2696 892 2760 II.
923 2696 996 2761 219.
1033 2707 1146 2782 aptum
1177 2704 1228 2760 ert

108 2796 249 2860 Homeri
282 2793 390 2860 verbis
419 2795 440 2860 1.
472 2817 499 2860 c.
529 2790 736 2862 θειλόπεδον
768 2796 920 2885 τέρσεται
951 2793 1067 2884 ἠελίῳ,
1107 2795 1226 2883 quibus

81 2897 315 2982 ‚significatur
336 2918 412 2960 oreo
433 2895 544 2982 aprico
565 2906 599 2959 et
620 2892 807 2983 εἱληθερής,
829 2918 895 2961 uno
917 2896 1017 2962 verbo
1041 2894 1226 2972 εἳλδπεδον,

108 2996 204 3082 qnod
219 2997 328 3084 ipsum
342 2996 595 3062 Doederleiniuo
614 2997 734 3076 (Redeo
751 2999 816 3061 und
833 3000 998 3080 Ausraetze
1014 2996 1056 3060 Τ.
1073 2997 1119 3061 Π.
1136 2996 1226 3081 295.)

109 3100 259 3163 Homero
287 3097 492 3163 reddendum
517 3106 627 3183 putot,
657 3106 799 3158 ceterum
824 3117 892 3160 non
913 3095 1032 3180 legitur
1052 3097 1114 3160 nisi
1137 3097 1229 3183 opud

111 3199 289 3284 scriptores
298 3198 479 3284 Byzantioe
491 3197 606 3262 oetntio
618 3193 819 3261 Scholiastas
836 3207 869 3259 et
880 3195 1150 3283 Glosoographos
1163 3197 1226 3283 Ν).

111 3300 201 3363 Illud
222 3299 345 3364 indocti
368 3301 502 3384 quidam
527 3319 588 3384 pro
612 3295 803 3381 trioyntheto
826 3296 1024 3363 habuerunt:
1055 3299 1092 3364 rr}
1116 3296 1228 3366 θειλό-

111 3403 216 3467 πεδον
244 3399 412 3485 σύγκειται
437 3397 521 3465 κατά
546 3423 638 3476 τινας
658 3400 754 3481 παρὰ
773 3396 810 3461 τὸ
830 3395 962 3484 δίρθρον
982 3394 1156 3484 οὖδέτερον
1172 3401 1228 3468 καὶ
1350 3433 1356 3442 ·

111 3502 171 3587 τὴν
199 3498 290 3587 εἵλην
319 3498 375 3565 καὶ
404 3499 443 3566 τὸ
470 3499 588 3577 πέδον,
615 3489 666 3576 οἷς
695 3498 750 3564 καὶ
781 3492 913 3583 ἀρέσκει
941 3497 1144 3569 θειλόπεδον
1174 3497 1229 3570 ἇεὶ

110 3595 192 3668 ὕνιν
221 3595 356 3687 ὄρθρον
382 3599 569 3687 προφέρειν
599 3596 644 3676 ὡς
674 3595 862 3682 ἐγκειμένου
887 3604 949 3667 τοῦ
977 3595 1124 3688 ὄρθρου·
1149 3599 1228 3671 οὐδὲ

110 3697 131 3789 ἡ
155 3697 302 3784 9οἱιερος
324 3698 418 3768 εἴποι
445 3724 496 3777 τις
519 3698 573 3766 ἵνα
601 3698 647 3786 μὴ
669 3703 884 3785 βαρβαρικῶς
914 3698 1109 3790 δι’δολεοχοιή
1131 3705 1226 3770 Euat.

113 3802 207 3879 1513,
234 3801 286 3866 32.
329 3800 496 3867 Artioulus
527 3822 600 3865 enm
629 3799 771 3885 genitivo
799 3812 833 3866 et
862 3803 933 3868 aliis
952 3803 1080 3870 casibus
1103 3827 1226 3890 prono·

184 4034 228 4102 13)
241 4032 399 4105 Hesychius
409 4034 563 4092 Ἐλάνιεδον
576 4039 687 4106 τέμενος
701 4065 731 4074 -
743 4031 880 4107 'Epinesia
897 4029 915 4087 ἃ
935 4031 1012 4107 ἡμεῖς
1030 4032 1162 4107 troardo,
1178 4036 1227 4094 illo

111 4118 225 4174 nomine
243 4119 364 4175 {osterse
385 4115 530 4177 εῑλδπεδον
548 4119 717 4191 significavit
735 4127 766 4173 nt
782 4120 921 4175 Homerus
940 4125 1053 4189 τέμενος
1070 4125 1227 4178 οἲνοπέδοιο

112 4204 201 4273 dixit;
224 4201 362 4276 ὲρᾶπεδον
378 4224 445 4262 vero
464 4205 487 4261 oi
505 4225 567 4262 oom
587 4208 636 4275 ἔρα
655 4205 839 4277 compositum
857 4211 915 4267 ert,
933 4207 1011 4274 quod
1029 4205 1104 4262 idem
1122 4227 1173 4282 pro
1192 4212 1228 4279 γῆ

112 4291 221 4347 dietum
236 4290 360 4359 invenit,
377 4291 447 4347 nihil
463 4292 558 4348 differt
575 4310 593 4347 ε
608 4286 733 4360 γήπεδον
750 4287 939 4345 rolisundium.
