2736 4778
191 1123 258 1207 De
290 1125 619 1236 orthographiae
650 1121 843 1208 Graecae
873 1126 1170 1210 inconstantia.

607 1346 758 1356 -ι--ι

215 1514 233 1597 ἕ
259 1512 285 1579 l.
329 1479 536 1579 Percenscnti
557 1511 634 1577 mibi
654 1493 751 1577 varia
764 1511 820 1577 illa
841 1513 1063 1579 vocabulorum
1092 1512 1125 1577 in
1157 1513 1244 1593 prin-

130 1614 210 1695 cipio
233 1621 402 1696 augmenta
423 1621 457 1681 et
478 1616 511 1681 in
534 1615 619 1681 exitu
648 1613 838 1680 detrimenta
870 1614 941 1696 plus
974 1614 1072 1679 semel
1104 1615 1244 1679 taedium
1361 1683 1364 1687 ,

129 1715 270 1797 obrepsit
291 1718 429 1800 suscepti
439 1718 557 1783 laboris
580 1721 613 1782 et
634 1721 816 1782 consumtae
837 1717 870 1782 in
891 1717 942 1782 his
963 1716 1104 1781 minutiis
1119 1734 1244 1797 operae,

128 1835 230 1900 neque
252 1837 314 1884 non
335 1838 461 1900 vereor,
494 1838 534 1885 ne
556 1818 641 1914 idem
663 1819 790 1903 saepius
818 1819 968 1885 acciderit
998 1818 1170 1884 lectoribus
1203 1819 1244 1885 ad

128 1922 364 2001 grammaticam
385 1922 560 2003 palentiam
582 1920 720 1986 nondum
743 1922 821 1987 satis
844 1921 994 1987 ederatis.
1039 1919 1102 1988 Sed
1139 1922 1243 1988 detre-

130 2024 209 2087 ctari
230 2029 338 2089 tamen
358 2024 438 2090 haec
449 2023 591 2106 quaestio
612 2041 675 2088 non
696 2024 808 2104 potuit,
830 2024 905 2106 quia
925 2041 1001 2105 pars
1022 2023 1244 2088 estdoctrinae

127 2125 353 2208 pathologicae,
374 2125 443 2192 hac*
455 2130 562 2191 autem
579 2125 728 2191 universa
748 2126 947 2208 technologia
960 2126 1073 2191 nititur
1093 2130 1244 2208 tanquam

126 2225 337 2294 iumdamanto.
386 2227 433 2294 Ac
455 2227 482 2293 si
504 2228 552 2294 vir
574 2247 714 2294 summae
736 2229 770 2295 in
790 2227 952 2310 republica
973 2229 1171 2295 auctoritatis
1192 2247 1242 2295 re-

126 2349 258 2412 rumque
279 2330 486 2395 maximarum
505 2398 512 2407 ,,
520 2329 792 2397 administratione
825 2332 996 2411 distentus,
1030 2333 1071 2412 si,
1104 2333 1241 2413 inquam,

125 2433 272 2498 Valerius
304 2432 443 2498 Messala
475 2449 612 2513 persona
649 2451 708 2499 sua
743 2452 806 2500 non
845 2434 1008 2516 indignum
1044 2434 1169 2516 putavit
1203 2434 1243 2499 de

123 2536 217 2600 litera
239 2533 262 2600 S
282 2535 398 2600 librum
411 2535 607 2601 conscribere
620 2536 820 2618 singularem,
842 2536 920 2618 quid
939 2536 1069 2602 tandem
1090 2554 1148 2602 nos
1171 2555 1239 2602 um-

123 2639 261 2704 braticos
284 2638 570 2720 pudeatquaerere
592 2641 624 2702 et
636 2637 809 2719 disputare,
830 2642 938 2703 utrum
958 2638 1047 2720 prins
1068 2644 1179 2704 natum
1200 2639 1243 2703 sit

125 2738 207 2828 κάρη
230 2760 270 2806 an
293 2737 449 2828 κάρηνον,
472 2739 630 2805 rectiusne
653 2734 779 2825 ἀτρέμα
802 2740 958 2806 scribatur
979 2746 1053 2807 ante
1075 2760 1242 2808 consonam
1332 2762 1336 2769 ·

123 2864 163 2909 an
187 2829 367 2929 ἆτ’ρέμαᾷ
398 2840 432 2905 Si
454 2841 642 2922 qnisautem
664 2847 813 2907 nontam
835 2842 1046 2918 bocmirctur,
1070 2844 1153 2925 quod
1170 2848 1239 2908 tan·

122 2952 190 3012 tum
212 2963 306 3011 curae
328 2942 550 3008 vocabulorum
568 2943 740 3023 segmentis
763 2948 796 3009 et
818 2943 959 3024 apicibus
981 2943 1241 3031 impenderimus,

121 3067 216 3130 quam
239 3047 324 3129 quod
341 3044 534 3126 quaestionis
544 3043 710 3110 institutae
733 3063 829 3127 saepe
850 3045 956 3110 nullus
978 3045 1239 3127 exitusrepertus

127 3150 178 3229 sit,
201 3149 274 3214 huic
295 3147 517 3230 respondeam,
539 3146 599 3213 boc
619 3146 814 3213 incommodo
835 3165 898 3212 non
919 3148 1020 3212 solum
1041 3148 1120 3213 illud
1142 3166 1240 3229 genus

124 3250 354 3329 vocabulorum,
377 3250 462 3331 quod
483 3267 503 3314 a
522 3267 574 3314 me
596 3253 767 3315 tractam
789 3253 847 3330 est,
869 3248 1022 3329 laborare,
1046 3250 1239 3315 seduniver-

123 3372 177 3419 sae
199 3352 267 3419 iere
290 3353 483 3420 Graecorum
505 3351 756 3434 orthographiae,
779 3355 930 3434 quantum
952 3369 991 3416 en
1013 3352 1130 3417 nostris
1151 3352 1240 3418 libris
1300 3430 1303 3443 Ι

125 3456 270 3538 cognosci
291 3457 402 3538 possit,
424 3473 495 3521 eam
505 3454 747 3520 inconstantiam
769 3472 848 3534 esse,
872 3457 909 3519 nt
930 3454 1006 3536 qnid
1027 3471 1151 3536 quoqne
1173 3454 1240 3520 loco
1284 3486 1288 3495 ,

124 3558 324 3624 scribendum
346 3560 389 3624 sit
408 3559 448 3625 in.
462 3559 582 3624 incerto
592 3556 771 3639 relinquere
793 3574 941 3638 cogamur
962 3576 1023 3622 non
1046 3557 1147 3622 solum
1167 3576 1240 3638 pro-

122 3664 194 3742 pter
216 3659 416 3726 librariorum
437 3660 627 3742 multiplices
639 3658 860 3738 dissensiones,
884 3658 941 3724 sed
962 3659 1144 3740 etiamqnia
1163 3661 1239 3725 scri-
1277 3648 1282 3657 ’

121 3769 229 3844 ptores
251 3763 313 3844 ipsi
345 3763 456 3829 eadem
489 3762 641 3829 vocabula
673 3761 749 3827 alibi
780 3761 874 3827 aliter
906 3759 1117 3828 conformasse
1148 3780 1238 3842 repe-

123 3867 247 3931 riuntur
268 3883 330 3931 non
352 3864 445 3929 modo
467 3865 561 3929 metri
583 3862 717 3929 invitatu
744 3867 778 3929 et
798 3864 951 3946 impulsu,
985 3864 1042 3929 sed
1064 3865 1159 3929 etism
1180 3864 1240 3931 boc

121 3968 244 4034 vinculo
267 3967 370 4033 soluti.
421 3965 615 4042 Quibusnam
637 3971 744 4034 autem
764 3956 879 4034 finibus
900 3965 980 4031 haec
994 3965 1126 4031 libertas
1147 3983 1238 4047 rega·

126 4075 187 4149 tur,
210 4088 272 4135 non
294 4069 378 4134 inter
399 4085 506 4135 omnes
528 4069 681 4135 convenit.
726 4070 820 4151 Angli
841 4068 969 4151 quidem
990 4066 1089 4133 critici
1104 4066 1240 4132 Dawesii

125 4174 216 4255 signa
238 4174 363 4255 sequuti
386 4178 419 4238 et
439 4169 581 4237 nonnulli
594 4176 774 4238 nostrorum
796 4172 829 4236 in
850 4171 1042 4237 scenicorum
1065 4169 1189 4251 fabulis,
1212 4173 1240 4236 si

126 4276 202 4358 quid
223 4276 256 4342 in
278 4276 389 4342 eodem
410 4292 559 4342 versuum
581 4291 696 4357 genere
728 4273 922 4358 reperissent
955 4274 1079 4340 diverse
1111 4273 1238 4356 dictum,
1346 4305 1351 4315 ·
