2736 4778
221 370 284 434 ns
306 367 579 455 Proernam
600 366 662 429 nr
684 320 946 434 sennium.
980 366 1018 433 o.
1032 369 1110 434 vn.
1166 369 1240 445 ιιι

120 557 217 622 Euat.
232 552 326 629 1077,
348 550 402 615 64.
416 550 473 629 ὅθ)
515 549 559 612 ln
575 547 712 613 Aristot.
733 547 845 612 Probl.
858 548 956 614 XVI.
975 551 1007 616 4.
1029 556 1100 628 τοῖς
1121 552 1240 639 ξυρου-

120 657 237 739 ιιιένοις
261 653 314 737 (id
337 660 387 715 est
411 644 688 731 ύπσσυρσμένσις)
712 648 756 716 τὰ
778 649 877 733 σκέλη
898 650 955 714 καὶ
977 640 1022 714 ὧν
1042 651 1118 728 τούς
1142 651 1240 719 καλύ-

123 767 234 839 :ipone
254 747 496 837 ύφαριιάζσνσι
516 749 783 815 Hemsterhusius
807 751 850 814 ad
872 749 958 814 Poll.
979 749 1027 814 X.
1048 750 1102 820 48.
1123 750 1241 817 σκολύ-

124 868 234 937 ίιρσυς
258 851 394 937 corrigit
416 872 458 915 ex
476 850 623 915 Platonis
644 852 718 917 loco
746 849 778 918 αλ
803 851 846 916 τὰ
868 847 1059 934 σκολύθρια
1079 855 1144 917 τῶν
1164 854 1243 934 μιλ-

125 954 251 1021 λύννων
272 949 524 1038 καθιζήσεσθαι
545 948 776 1031 ὑποσπῶντες,
802 952 909 1036 sigma
934 952 1157 1017 antecedentis
1183 974 1243 1016 vo·

126 1054 237 1120 cabuli
260 1052 441 1119 iterandum
467 1064 565 1117 ratus.
611 1052 761 1119 Eandem
785 1053 913 1117 literam
934 1052 1124 1117 Meinekius
1146 1052 1242 1119 Com.

127 1157 262 1241 Fragm.
288 1154 327 1219 Τ.
347 1154 406 1220 IV.
431 1153 502 1219 124.
529 1166 649 1219 temere
676 1155 848 1241 repetitam
874 1155 1059 1241 suspicatur
1087 1159 1123 1221 iu
1147 1175 1242 1221 versu

129 1260 241 1323 incerti
255 1267 366 1338 poetae
381 1254 607 1333 κασσικιύίσις
623 1252 868 1337 σκαλαβιύταις.
900 1256 1012 1342 Vulgo
1029 1256 1115 1321 enim
1133 1256 1239 1321 stellio

125 1353 321 1440 καλαβιύσης
344 1364 479 1421 vocatur
499 1378 530 1419 v.
549 1356 683 1424 Jacobs.
706 1357 750 1421 ed
763 1357 838 1422 Ael.
850 1357 923 1422 220.
941 1369 974 1423 et
983 1358 1104 1424 Graeci
1125 1358 1240 1423 novitii

123 1479 189 1521 non
207 1478 279 1522 raro
298 1479 466 1523 consonae
482 1456 597 1543 kappa
615 1459 800 1544 praefigunt
817 1459 922 1543 sigma
938 1457 1075 1525 σκύπσω
1095 1459 1239 1524 dicentes

124 1580 185 1644 pro
208 1555 335 1632 κύησιν,
356 1559 460 1644 σκύνα
484 1558 601 1644 pulvis,
626 1556 766 1644 σκεβρύς
791 1582 851 1647 pro
870 1582 996 1631 curvus.
1030 1560 1101 1627 Sed
1115 1562 1241 1626 σκαλα-

121 1655 249 1738 petram
268 1658 390 1743 iegitur
411 1657 508 1723 etiam
529 1658 563 1723 in
576 1659 757 1746 Nicephori
779 1660 911 1726 scholiis
930 1662 973 1726 ad
990 1662 1108 1746 Syncs.
1120 1685 1153 1748 p.
1165 1662 1239 1728 363.

123 1761 167 1824 Α.
193 1759 251 1824 ubi
276 1782 391 1825 versus
416 1759 471 1824 ille
501 1783 542 1824 ex
570 1760 708 1825 oraculis
730 1760 907 1827 Chaldaeis
929 1763 1106 1849 profertur,
1134 1786 1239 1849 eaque

124 1861 286 1949 scriptura
299 1859 545 1928 convenientior
560 1872 609 1925 est
623 1861 819 1946 veriloqui03
841 1863 994 1929 namhoc
1011 1864 1240 1928 animalculum

124 1984 234 2028 muros
256 1962 405 2050 subrepit
425 1961 567 2046 ideoque
590 1985 610 2026 a
624 1962 779 2029 Simeone
799 1965 849 2028 M.
873 1961 1070 2048 τοιχσβάιης
1092 1965 1240 2028 nomina-

125 2074 187 2139 tur,
218 2060 429 2146 σκαλσβασιά
458 2074 567 2127 autem
589 2062 708 2126 dicitur
739 2060 760 2147 ἡ
788 2062 846 2129 ἐπὶ
871 2069 931 2128 τοῦ
956 2062 1084 2145 ιείχσνς
1106 2060 1242 2151 drudel-

125 2187 222 2246 χησις
243 2163 342 2229 Psell.
367 2162 402 2227 in
424 2164 520 2229 Vers.
542 2162 641 2226 Polit.
663 2185 694 2227 v.
717 2163 790 2227 279.
814 2186 847 2249 p.
865 2163 938 2228 214.
962 2163 1003 2228 Τ.
1024 2164 1089 2229 ΙΙΙ.
1112 2165 1241 2230 Anecd.

124 2264 236 2329 Boias.
257 2262 314 2329 ubi
338 2264 490 2329 meliores
506 2263 603 2328 codd.
620 2260 808 2345 καλσβασία
826 2263 1000 2351 praebent3
1023 2268 1241 2348 σκαλσβατεὶν

129 2364 264 2449 κλίμακι
294 2359 487 2449 ἀναβαίνειν
514 2367 597 2429 Hes.
626 2387 656 2428 ν.
687 2364 810 2429 Techn.
841 2365 914 2431 392.
963 2366 1052 2430 Hinc
1077 2368 1172 2431 venio
1198 2368 1241 2430 ad

126 2465 286 2531 vocabula
307 2487 393 2550 quae
414 2465 562 2551 pluribus
584 2465 690 2530 modis
708 2466 791 2530 inter
812 2489 848 2530 se
870 2466 1024 2529 differunt
1051 2488 1113 2530 nec
1134 2480 1241 2531 tamen

125 2566 293 2631 affinitatis
319 2567 463 2654 speciem
485 2578 609 2632 exuunt
632 2578 670 2631 ut
691 2568 814 2654 κνέφας
835 2575 869 2631 et
888 2572 1030 2652 σκνῖφος
1051 2567 1089 2633 τὸ
1112 2565 1241 2644 σκότος,

125 2674 321 2747 σκνισσῖσς,
344 2666 566 2754 ἐσισκνιφσῐιν
586 2679 619 2732 et
640 2667 703 2732 alia
721 2667 868 2752 ejusdem
889 2667 999 2752 stirpis
1022 2666 1147 2731 Techn.
1166 2666 1240 2732 315.

125 2790 147 2830 a
164 2765 261 2848 κνίζω
280 2764 401 2844 κνινιύς
415 2768 484 2832 sive
499 2765 640 2852 σκνιφύς
656 2778 688 2833 et
702 2767 831 2851 κίμβιξ,
849 2765 1001 2850 κιμβεία,
1019 2779 1052 2832 et
1066 2767 1108 2832 ab
1125 2768 1241 2833 eodem

124 2866 227 2931 verbo
245 2867 367 2935 Κνῖόαι
384 2870 532 2955 σκνῆφαι
551 2870 633 2934 Hes.
664 2867 786 2946 Σκίναξ
806 2867 928 2954 leporis
950 2867 1118 2954 epitheton
1140 2891 1241 2955 supra

124 2969 263 3033 allatum
289 2967 327 3034 C.
351 2968 380 3033 Ι.
408 2971 434 3053 ξ.
458 2971 506 3048 1.,
536 2971 626 3055 quod
651 2968 761 3036 Schol.
786 2969 860 3032 Nic.
887 2968 951 3032 Th.
974 2968 1047 3032 575.
1073 2965 1243 3053 εἰαίνητσς

125 3071 371 3156 interpretatur,
403 3092 471 3136 non
500 3071 663 3137 diversum
693 3079 742 3132 est
770 3090 791 3130 a
819 3067 936 3146 κίνόαξ
962 3063 1132 3151 chalamac
1158 3070 1241 3133 Hes.

126 3171 222 3237 ldem
250 3170 383 3248 ίίύλλας
414 3169 542 3251 σκύλαξ
566 3167 712 3244 Ἠλεῖοι,
743 3164 889 3234 Σκύλλαν
920 3166 979 3234 τὸν
1011 3165 1111 3245 κύνα,
1146 3190 1243 3252 quam

199 3359 245 3424 50)
258 3356 314 3411 llic
327 3357 425 3413 sellam
441 3355 595 3430 plicatilem
612 3355 748 3409 denotare
765 3351 885 3419 videtur,
903 3370 976 3426 quae
988 3351 1102 3425 proprie
1115 3350 1244 3416 ὀκλαδίας

126 3448 245 3494 vocatur
261 3440 346 3494 idest
361 3442 463 3512 δίφρος
476 3444 714 3512 συγκεκλασμίκος
727 3440 792 3494 Sch.
803 3440 875 3511 qu.
888 3441 963 3492 1³81.
978 3438 1036 3491 sive
1054 3432 1170 3499 πτυκιύς
1185 3435 1242 3493 ἀπὸ

127 3530 178 3580 rori
193 3525 328 3580 ὀκλιῖσθαι
341 3527 486 3595 (aldedus)
501 3522 568 3578 Hcs.
582 3524 713 3595 idemque
728 3531 867 3595 σκίμπους
882 3522 937 3577 (lici
949 3521 1054 3595 potuit,
1067 3540 1131 3576 nam
1144 3526 1242 3594 σκίψαι.

121 3622 159 3682 pt
176 3609 289 3664 ὀκλάσαι
307 3629 461 3683 synonyma
479 3618 545 3665 sunt
562 3612 631 3666 Hes.
667 3610 760 3680 Vulgo
779 3616 872 3663 antem
890 3611 944 3663 hoc
964 3607 1077 3663 nomine
1095 3627 1152 3665 non
1172 3611 1244 3665 sella

127 3696 261 3770 plicatilis
282 3699 441 3753 declaratur
457 3698 510 3754 sed
526 3699 660 3768 grabatus
679 3695 738 3751 sive
752 3696 843 3749 lectus
855 3694 975 3765 pedibus
988 3694 1139 3751 humilibus
1155 3696 1243 3751 raris-

125 3802 200 3853 qne3
217 3790 354 3854 σκίμπους
367 3782 397 3839 τὸ
406 3782 502 3856 χωλὸν
515 3776 681 3856 κραββύασν
694 3779 770 3855 παρὰ
784 3776 815 3835 τὸ
828 3779 970 3852 σκαμβσύς
984 3781 1058 3852 ἔχειν
1069 3779 1131 3845 τούς
1142 3779 1244 3840 reddar·

127 3866 289 3937 σκιμβιὶζαν
306 3867 362 3940 γὰρ
379 3867 411 3924 τὸ
424 3872 577 3940 χωλαίνειν
595 3867 662 3923 Sch.
679 3867 730 3923 Ar.
748 3865 844 3922 Nubb.
855 3868 916 3922 252.
947 3865 1079 3937 Synesius
1097 3874 1190 3919 tamen
1209 3865 1244 3917 de

127 3956 222 4025 Regu.
240 3974 268 4026 p.
286 3957 328 4010 23.
352 3956 389 4011 Ι).
411 3962 560 4025 utrumque
581 3971 682 4013 nomen
704 3951 852 4024 conjunxit
876 3956 931 4007 mir
950 3949 1115 4007 ἀκολούθων
1135 3951 1162 4003 σί
1184 3947 1246 4010 τοὺς

120 4038 293 4113 χθαμαλσύς
310 4043 530 4111 σκιμαοδίσκους
546 4038 676 4100 ὀκλαδίας
693 4043 833 4111 φέροντες.
865 4036 945 4093 Haec
962 4045 1056 4091 autern
1075 4032 1244 4089 conveniunt

128 4130 257 4199 eoquod
275 4127 464 4183 claudicantes
482 4120 649 4189 ὀκλαίόνιαν
665 4123 791 4196 speciem
808 4125 956 4194 praebent.
989 4117 1144 4188 Scimpodii
1162 4138 1245 4190 syno-

126 4230 234 4282 nymon
251 4221 294 4267 est
309 4209 445 4282 ἀσκάνται
461 4212 518 4267 sive
535 4209 658 4278 σκὰκθης
674 4211 794 4265 fortasse
808 4226 871 4263 cnm
886 4210 986 4263 eodem
1000 4204 1141 4275 adjectivo
1154 4223 1248 4279 σκαμ-

126 4295 177 4365 βὸς
194 4315 359 4352 connexum.
