2736 4778
130 354 196 426 DE
216 353 344 426 ALIIS
368 352 606 425 SYNCOPAE
629 353 902 425 GENEMBUS.
928 352 967 424 C.
979 352 1006 423 Ῑ.
1025 358 1051 444 ξ.
1063 352 1091 424 1.
1119 358 1190 436 351

81 544 177 609 codd.
199 543 323 609 Athen.
347 544 375 607 1.
400 543 450 607 14.
473 542 519 607 D.
536 543 653 606 Zonar.
669 542 752 606 Lex.
766 541 858 606 1262.
894 543 1073 608 Herodian.
1083 545 1193 633 Epim.

81 648 131 712 73.
163 656 195 712 et
222 644 300 710 alibi
330 644 488 731 scriptum
516 655 582 721 eet,
612 643 727 708 merito
755 644 925 707 damnatur
946 667 975 709 v,
999 646 1118 711 Pumll.
1142 648 1192 714 13.

80 745 309 833 Καλαμαάλης
325 756 358 810 et
371 740 643 833 καλαμαολητής,
657 743 798 832 τελώνης
814 756 846 809 et
861 741 1059 833 τελωοήιης,
1076 743 1193 829 ἰχθυο-

79 848 194 936 θήρας
216 861 249 913 et
270 843 520 934 ἰχθοοθρρητνξρ
542 846 664 911 nullam
686 846 737 909 vel
754 867 920 932 syncopae
938 845 989 909 vel
1008 846 1194 933 epenthesis

82 951 304 1038 suspicionem
335 946 507 1034 praebent;
534 969 609 1011 nam
635 969 718 1032 quae
747 946 879 1011 concisa
898 945 1064 1026 videntur,
1093 971 1133 1013 eu
1154 971 1195 1014 ex

81 1052 213 1116 nomine
236 1063 268 1117 et
288 1049 386 1115 verbo
408 1048 589 1135 composita
611 1061 702 1125 sunt3
730 1071 814 1133 quae
831 1046 955 1131 syllaba
971 1049 1045 1134 plus
1062 1049 1195 1130 habent,

82 1174 102 1215 ο
132 1152 237 1217 verbis
272 1150 461 1239 compositis
498 1150 657 1227 derivata,
691 1149 747 1215 ills
778 1149 911 1235 quidem
945 1162 982 1213 ut
1012 1146 1192 1239 άρτάπτῃς,

81 1251 280 1340 φρεάττλης,
303 1249 521 1340 πιννοτήρης,
546 1249 627 1316 haec
653 1261 690 1315 ut
713 1246 926 1338 οἱνορθητάς,
955 1250 1191 1341 μελοποιητής,

79 1350 339 1440 κνιοσοοηρητάς
363 1365 424 1418 etc.
456 1353 586 1417 Horum
616 1352 697 1416 nihil
728 1351 859 1417 affertur
888 1351 947 1415 sed
969 1350 1072 1417 simile
1095 1354 1191 1438 quid-

80 1455 155 1518 dam
183 1453 218 1517 in
245 1455 319 1521 cod.
348 1456 446 1522 Voss.
477 1454 558 1518 ΕΜ.
580 1453 654 1531 354,
677 1454 729 1518 29.
752 1450 892 1538 binicus
913 1447 983 1518 άττὸ
1009 1457 1067 1520 τοῦ
1091 1452 1192 1520 ἐπατ-

80 1552 180 1643 τητής
201 1560 371 1645 ουγκοτιῇ,
396 1578 461 1640 quo
485 1553 675 1620 obscuriora
696 1565 772 1618 sunt
797 1550 958 1639 μεταίτρς
987 1566 1020 1618 et
1049 1554 1192 1639 οροςαί-

81 1681 137 1741 της
160 1656 227 1721 sive
248 1652 482 1745 ττροςαωητής.
525 1657 604 1720 Alia
632 1678 708 1722 vero
736 1658 849 1721 fictura
872 1665 922 1718 eut
941 1655 1109 1720 nominum
1131 1652 1192 1724 αὐ-

78 1756 265 1842 τοκράτωρ,
295 1756 546 1843 κοομοκράτωρ,
585 1757 841 1845 παντοκράτωρ,
880 1779 1019 1841 quorum
1053 1758 1193 1845 primum

79 1871 194 1923 tractet
214 1858 293 1924 ΕΜ.
316 1860 388 1936 173,
413 1859 464 1923 29.
492 1858 600 1923 verbis
625 1858 817 1944 amputatis:
844 1852 1077 1945 αὐτοκράτωρε
1104 1884 1190 1944 μεμ-

79 1962 180 2027 πτέον
209 1952 267 2027 οὐκ
291 1961 350 2047 τὴν
379 1959 561 2045 συνήθειαν
583 1958 640 2025 ἑοὶ
661 1964 719 2025 τοὺ
741 1953 986 2044 αὐτοκράτορος
1010 1954 1191 2042 ‹immotos-

78 2060 174 2144 παρὰ
202 2060 240 2127 τά
272 2058 405 2145 κράτωρ
434 2055 608 2146 κραιήτωρ
643 2052 726 2124 εἶναι
761 2060 904 2141 λέγεται·
934 2060 1029 2142 παρὰ
1061 2060 1122 2143 γὰρ
1153 2060 1192 2128 τὸ

79 2159 204 2246 κραίκω
237 2160 307 2228 ἐστὶ
338 2156 486 2247 κράιτωρ
516 2156 574 2224 καὶ
602 2155 637 2224 ἐν
662 2159 817 2226 συνθέσει
847 2152 1071 2243 αὐτοκράτωρ.
1115 2162 1192 2229 Ηοα

78 2263 178 2348 igitur
199 2286 258 2348 pro
281 2257 513 2345 αὐτοκράοτωρ
543 2260 740 2325 successisse
766 2258 892 2335 statuit3
920 2281 995 2323 nam
1018 2261 1045 2325 si
1067 2261 1107 2326 ab
1131 2257 1191 2331 αὐ-

79 2370 229 2447 τοκρατιῦ
271 2361 448 2427 derivatum
485 2372 587 2440 esset,
628 2356 882 2447 αὐτοκρατήτωρ
920 2361 985 2426 dici
1027 2363 1190 2434 debuisse.

77 2466 185 2530 Aliter
211 2487 288 2531 vero
317 2464 426 2550 Epim.
456 2462 584 2528 1.·145.
623 2458 692 2530 άπὸ
725 2466 784 2528 τοῦ
814 2457 941 2550 dolens
967 2457 1105 2551 άφέτωρ
1134 2470 1191 2536 καὶ

79 2563 219 2654 άφήτωρ
243 2563 287 2643 ὡς
308 2560 515 2652 αὐτοκράιης
536 2558 762 2650 αὐτοκράτωρ.
805 2565 853 2628 At
880 2558 1022 2651 άφήτωρ
1045 2587 1065 2629 α
1089 2568 1190 2635 verbo

79 2668 240 2755 primitivo
275 2667 319 2733 ἕω
353 2665 521 2731 descendit
561 2675 598 2729 ut
627 2662 745 2749 πάτωρ
782 2665 901 2730 Purull.
935 2666 1008 2731 428.
1048 2667 1190 2757 κτάτωρ,

78 2765 212 2852 δκύτωρ,
234 2765 357 2856 ῥύτωρ,
378 2762 506 2854 φάιωρ,
526 2788 556 2830 v.
572 2765 717 2833 Meinek.
733 2766 809 2832 Del.
822 2768 895 2832 202.
915 2768 975 2833 sed
991 2769 1080 2835 verbi
1096 2770 1190 2858 κράω

76 2871 200 2935 nullum
227 2867 400 2954 vestigium
427 2878 527 2945 extat3
557 2892 656 2954 quare
679 2870 884 2934 statuendum
906 2881 956 2935 est
977 2866 1190 2957 αὐτοκράτωρ

78 2972 239 3058 adjectivo
272 2964 476 3057 αὐτοκρατής
505 2969 648 3035 affictum
679 2993 751 3035 esse
787 2984 823 3034 ut
859 2965 1004 3057 ἀκρατής
1035 2968 1188 3058 ἀκράτωρ

77 3099 107 3139 v.
138 3073 258 3138 Parall.
286 3073 360 3137 273.
397 3094 472 3135 nam
504 3071 642 3157 simplex
671 3071 818 3156 κράτωρ,
852 3070 941 3153 quod
971 3067 1081 3135 Schol.
1109 3072 1189 3137 Eur.

75 3176 152 3240 Hic.
171 3174 243 3239 279.
267 3175 431 3261 poeticum
453 3172 548 3248 dicit,
571 3181 604 3236 et
626 3168 786 3257 κρατοράα
812 3171 928 3236 aetatis
951 3182 1026 3235 sunt
1049 3171 1189 3238 infimae.

74 3278 147 3343 Nec
170 3276 354 3341 accedimus
376 3272 554 3340 sententiae
576 3272 656 3338 EM.
683 3271 761 3351 369,
786 3273 838 3338 49.
865 3272 1001 3360 ἕραοοάς
1029 3273 1124 3358 παρὰ
1151 3273 1189 3343 τὸ

75 3375 245 3461 ἐρατεινάς
266 3374 352 3443 κατὰ
367 3373 550 3462 ουγκοπήκ·
572 3397 648 3439 nam
665 3386 701 3438 ut
716 3373 779 3439 hoc
798 3374 838 3440 ab
856 3372 976 3461 ἐρατός
994 3376 1191 3462 productum

75 3490 142 3556 est,
175 3478 222 3543 itn
248 3477 330 3543 illud
356 3498 376 3540 a
400 3474 498 3540 verbo
521 3477 611 3560 quod
634 3477 720 3541 idem
742 3476 865 3541 indicat
880 3476 953 3552 379,
976 3476 1006 3541 5.
1037 3471 1106 3545 άπὸ
1127 3481 1191 3546 τοῦ

75 3581 140 3666 ἐρῶ
171 3576 315 3666 ἕραοοάς.
365 3578 420 3643 De
449 3577 581 3662 syllabis
613 3566 655 3645 τά
684 3589 717 3642 et
745 3565 797 3644 ’τω
814 3578 893 3641 haee
916 3578 1101 3665 accepimus
1121 3603 1189 3647 non

74 3679 269 3767 ignobilium
305 3690 472 3745 auctorum
498 3680 635 3767 placitu:
667 3674 762 3745 οὐδὲν
791 3675 840 3756 εἷς
868 3667 920 3758 ἐἷς
952 3681 1050 3767 λῆγον
1080 3676 1187 3766 ὐόομα

76 3782 160 3867 ictio
179 3779 260 3865 μίαν
283 3783 449 3869 συλλαβὴν
464 3777 636 3867 ἀρσενικὸν
654 3769 734 3866 τρὶ-ι
752 3779 999 3870 connitimur
1022 3781 1060 3849 τὸ
1081 3784 1188 3850 coin-v

71 3884 200 3969 χαρίεις
235 3882 437 3968 σημειῶδες·
471 3879 489 3948 ὁ
525 3882 638 3961 μέντοι
663 3875 847 3963 Ἀνακρέων
885 3880 1053 3970 χαριτάεις
1095 3876 1189 3949 εἶπεν

73 3980 227 4062 άποδούς
253 3984 290 4048 τὰ
320 3981 447 4063 ἐντελὲς
473 3987 513 4070 τῇ
542 3981 630 4062 λέξει
655 3980 835 4048 Herodian.
859 3983 953 4049 Mon.
980 4005 1014 4069 p.
1039 3982 1088 4046 14.
1109 4004 1187 4067 syn-

74 4107 181 4172 copen
211 4084 399 4171 significans
424 4096 461 4150 ut
484 4086 564 4151 ΕΜ.
595 4085 651 4161 34,
677 4086 730 4150 41.
765 4084 875 4171 Epim.
903 4083 948 4146 Il.
977 4083 1050 4148 328.
1087 4107 1188 4169 qnare

72 4185 240 4271 χαριτάεις
270 4210 335 4272 quo
363 4187 473 4255 Sohol.
500 4188 540 4252 B.
567 4188 609 4252 ad
633 4185 671 4251 Il.
695 4186 810 4252 XVII.
832 4185 885 4249 49.
915 4185 961 4249 uti
983 4208 1050 4250 non
1072 4185 1187 4266 timuit,

74 4279 321 4377 άκαλοράτερον
347 4289 505 4354 dicituro
528 4286 763 4356 Choerobosco
787 4285 869 4354 Cen.
892 4287 965 4368 204,
987 4288 1038 4354 23.
1069 4287 1186 4361 Zonar.
