2736 4778
210 357 268 424 DE
291 355 536 437 SYNAERESI,
558 355 760 424 DillERESI
781 361 840 424 etc
874 358 961 427 P.IL
984 358 1072 427 en
1096 360 1123 446 5.
1140 359 1165 428 l.
1211 358 1251 425 73

132 522 285 606 probatur
315 522 375 588 hcc
407 522 461 588 illo
494 540 589 588 versu
621 518 657 590 ἐν
695 523 819 588 πολίων
859 519 1004 612 πίσυρας
1042 521 1251 614 συναείρεται

131 623 270 705 ἵππους.
314 626 376 694 Hie
397 626 481 692 enim
502 645 565 692 non
580 623 742 715 consipere
752 626 786 692 id
797 631 848 692 est
859 622 1037 694 συνάπτειν
1048 626 1251 710 significatur,

132 732 188 797 sed
212 725 362 818 συνάγειν
385 730 451 795 sive
474 728 693 818 συναγείρειν,
716 731 812 814 idque
832 730 937 814 ipsum
958 731 1077 808 indicet
1096 733 1253 814 scriptura

132 835 263 916 annuus
295 831 529 922 συναγείρεται.
588 833 627 899 In
660 834 760 899 altero
792 833 861 899 loco
894 834 924 900 X
950 833 1023 915 499,
1056 835 1110 901 ubi
1142 834 1252 902 Ulixes

131 957 228 1021 equos
248 937 347 1004 Rhesi
369 944 477 1022 captos
499 938 633 1004 habenis
657 939 740 1006 inter
763 955 798 1003 se
820 937 965 1018 devincit,
999 937 1058 1004 σὺν
1092 934 1120 1005 δ’
1144 931 1253 1025 ἤειρεν

131 1037 234 1124 ίμᾶσι,
248 1042 410 1108 commode
431 1042 566 1125 intelligi
586 1046 693 1125 potest
714 1040 846 1130 συνῄρει
864 1040 1106 1129 comprehendit.
1150 1043 1251 1110 Pleri-

131 1163 193 1227 que
216 1139 341 1233 ἀείρειν
374 1145 544 1211 thematico
578 1138 650 1232 ι’ίρω
678 1143 849 1210 subiiciunt
870 1144 949 1210 duas
972 1146 1133 1228 complexo
1155 1147 1251 1230 signi·

130 1245 301 1328 flectiones,
335 1230 637 1329 nnam'extcllendi,
671 1266 752 1330 quae
775 1266 814 1314 er
835 1247 986 1314 derivatis
1009 1244 1113 1337 αίρω,
1148 1243 1250 1335 ἀείρω

130 1352 336 1434 cognoscitur,
360 1351 493 1418 alterurn
516 1351 656 1434 aptandi,
678 1351 837 1432 iungendi,
860 1351 944 1416 unde
966 1356 1110 1435 tempore
1124 1352 1252 1435 oblique

129 1447 261 1543 ἤραρεν,
287 1446 407 1542 ἥρω’)
440 1460 474 1520 et
504 1470 665 1537 paragoge
686 1449 854 1542 ἇραρίσκω
887 1458 945 1518 cte.
969 1452 1021 1536 [ct
1044 1454 1133 1536 142,
1165 1454 1249 1522 infra

128 1574 194 1638 cap.
224 1556 313 1643 1115
339 1556 380 1644 l].
435 1557 480 1623 Et
512 1558 574 1624 huc
606 1556 747 1624 nonnulli
779 1556 928 1638 redigunt
959 1574 1082 1637 nomen,
1116 1557 1156 1623 de
1188 1577 1251 1641 quo

127 1659 180 1725 hic
211 1661 329 1743 agitur:
342 1725 352 1743 ,
367 1653 470 1749 Ὦρος
492 1661 591 1746 λέγει’
606 1659 657 1727 ὅτι
692 1660 783 1745 παρὰ
817 1659 855 1726 τὸ
879 1653 965 1743 ὁμοῦ
987 1653 1141 1749 ἆρνγρίναι
1164 1658 1250 1746 γίνε-

128 1788 183 1829 ται
207 1763 245 1828 τὸ
269 1759 333 1850 ίίαρ
368 1764 442 1847 (scr.
466 1755 543 1849 ὄίσρ)
564 1763 620 1830 καὶ
643 1764 727 1830 κατὰ
749 1758 933 1852 ίσιίρθεσιν
965 1755 1030 1850 ίίσρ
1064 1763 1138 1844 (Str.
1170 1755 1250 1851 ίίαρ)

129 1862 183 1930 καί
206 1863 290 1930 κατὰ
313 1865 518 1954 συναλοιφὴν
541 1857 588 1954 rip
610 1866 682 1932 EM.
704 1865 777 1936 823.
800 1865 850 1933 40.
902 1865 1040 1933 Causam
1060 1865 1247 1932 metathesis

128 1966 261 2034 reddere
294 1973 426 2034 conetur
455 1968 551 2035 schol.
583 1969 670 2052 Lips.
703 1970 723 2035 l.
752 1988 777 2036 c.
814 1969 902 2037 ἔστιν
935 1963 1042 2053 ὄνομα
1076 1961 1176 2057 ἄορας
1209 2006 1246 2019 -

129 2069 184 2135 διὰ
223 2070 282 2158 τὴν
323 2067 517 2156 σι’μπιωσιν
562 2071 649 2160 πρὸς
681 2073 724 2139 ch
764 2064 829 2161 ἆορ
860 2070 898 2139 τὸ
933 2070 1030 2158 ξίφος
1065 2070 1250 2156 μετατεθὲν

127 2173 258 2260 γέγονεν
291 2169 404 2263 ὄαρες,
438 2175 473 2254 ἐξ
500 2164 733 2262 σίν,ὀαρισιίνς
766 2171 784 2265 ἦ
819 2170 947 2257 ὁμιλία,
983 2175 1181 2263 συναιριθίν
1211 2174 1249 2245 ὀί

128 2266 186 2362 rip.
232 2275 407 2360 Symptosis
429 2279 607 2360 exemplum
628 2280 681 2346 hic
701 2278 838 2346 fumasse
859 2279 1011 2346 assumsit
1032 2297 1070 2344 ex
1085 2278 1145 2346 Ort
1156 2279 1249 2346 XVII

127 2378 190 2446 222
213 2376 346 2462 αἰτίζων
369 2376 526 2462 ἀκόλους,
562 2376 623 2448 σίυι
656 2375 762 2470 ίίσρας
785 2377 864 2450 οίόἑ
887 2381 1038 2469 λέβητας.
1105 2383 1143 2449 Id
1165 2384 1248 2450 enim

126 2484 267 2549 nonnulli
289 2480 369 2573 ξίφη
391 2484 649 2567 interpretantur,
683 2485 760 2552 nihil
783 2483 894 2551 cilensi
927 2503 1043 2568 genere
1064 2487 1248 2568 masculino,

125 2586 210 2669 quod
220 2585 398 2670 Hesychius
414 2587 487 2654 hinc
509 2589 663 2655 enotavit:
678 2581 805 2677 ’Ἀορας
818 2585 899 2678 ξίφη
911 2584 1100 2677 ἀρσενικῶς,
1123 2590 1177 2656 alii
1189 2590 1249 2671 τὰς

126 2682 196 2755 ἀπὸ
218 2692 284 2755 τῶν
306 2685 441 2775 ἆγαίνιον
463 2690 714 2776 λαμβανσμίνας
730 2683 997 2779 ἆθλαγυναίνιας.
1040 2693 1069 2758 A
1091 2694 1248 2762 cunnus

126 2797 274 2858 neutrum
296 2793 494 2878 ahhorret⁴),
528 2795 585 2862 sed
607 2793 808 2877 amphibolia,
843 2797 933 2862 cuius
956 2796 1122 2864 emendas
1144 2797 1248 2881 matis

125 2894 179 2961 ille
201 2896 326 2962 roceles
349 2898 560 2980 transpositas
582 2914 654 2963 esse
676 2902 829 2978 summat,
852 2899 884 2963 in
906 2899 1021 2965 ceteris
1042 2900 1120 2966 locis
1143 2900 1246 2966 cleve·

124 3003 177 3063 tur
198 2998 304 3065 verbis
328 3000 545 3080 circumiectis,
578 3014 682 3082 neque
714 2998 790 3064 alibi
811 3001 863 3066 rel
886 3001 1010 3083 gladius
1032 2994 1097 3090 ὅαρ
1120 3003 1244 3084 dicitur,
1334 3062 1337 3067 .

123 3103 174 3167 vel
195 3102 310 3170 mulier
332 3096 411 3190 inp,
446 3104 508 3170 nisi
543 3102 625 3169 iorte
646 3103 772 3186 ignotus
795 3109 920 3185 auctor,
953 3122 1047 3186 quern
1068 3104 1246 3189 Hesychius

124 3205 281 3287 sequitur,
315 3199 415 3292 ἂόρες
447 3213 596 3292 γενναίαις
628 3206 794 3288 usurpare
829 3226 888 3289 pro
916 3199 1014 3294 ίίορες
1046 3214 1103 3289 pe'r
1124 3214 1246 3291 tropen.

127 3300 250 3396 Τὸᾶορ
272 3310 300 3374 si
322 3328 432 3376 ensem
453 3309 559 3376 balteo
581 3327 769 3392 suspensum
792 3310 918 3390 indicat,
941 3319 1049 3378 servat
1061 3314 1246 3379 memoriam

122 3410 212 3477 verbi
235 3406 409 3499 ἆρνγρίνοι,
445 3413 502 3479 sed
524 3413 565 3493 si,
598 3417 637 3479 ut
657 3413 786 3496 saepius
806 3411 857 3493 fit,
891 3414 1063 3482 destricto
1086 3420 1119 3482 et
1139 3422 1245 3482 erecto

123 3513 247 3592 dieitur,
282 3515 323 3580 ed
357 3516 491 3582 alteram
523 3517 684 3599 prototypi
716 3514 994 3599 significationem,
1017 3537 1098 3601 quae
1119 3525 1171 3586 est
1191 3538 1245 3586 ex·

122 3615 262 3697 tollendi,
285 3617 435 3699 erigendi,
458 3619 644 3699 revolvitur3
678 3612 824 3703 idemque
845 3638 960 3687 nomen
982 3621 1096 3689 dehinc
1118 3623 1159 3690 cd
1180 3623 1244 3690 elia

192 3910 221 3972 3)
246 3914 387 3965 Homerico
415 3911 522 3984 ίπῆρσα
547 3913 678 3967 accedunt
691 3909 805 3985 Ἐνῆρσε
823 3910 965 3987 ἐφήρμοσε
985 3916 1070 3982 seu,
1097 3910 1245 3987 Κίναρσον

121 3993 301 4101 καιοίκίειρσν
326 4001 453 4068 Ηεεγοίι,
487 4007 513 4054 et
539 4001 734 4054 substantivum
752 3997 890 4072 πυίίρννγς
943 4003 1013 4055 Hinc
1034 4000 1120 4056 dinen
1136 4003 1247 4057 tollendi

121 4087 231 4140 verbnm
249 4104 311 4157 ηρα.

190 4189 217 4254 l)
247 4187 339 4243 Tertia
355 4195 399 4243 est
414 4191 596 4257 interpretatio
613 4191 780 4244 mansueto
793 4191 874 4245 ductu
892 4189 1028 4262 τρίποδες,
1047 4195 1110 4263 quin
1127 4194 1243 4264 tripodes

121 4268 246 4350 (ἄπυροι)
268 4285 295 4333 et
319 4279 444 4333 mulieres
472 4277 598 4330 donorum
620 4277 822 4330 Homericorum
841 4279 1137 4345 pretiosissimorum:
1168 4283 1243 4352 μίγα

122 4368 206 4415 νεῖται
226 4356 331 4417 sector
349 4357 365 4426 ἢ
383 4367 495 4433 τρίπους
514 4360 541 4430 ἠὲ
559 4359 630 4434 γυνή
646 4365 678 4418 ll.
696 4365 774 4418 xxlr
792 4359 851 4422 16⁴.
