2736 4778
251 355 299 431 58
612 349 930 418 DISSERTATIO
965 350 991 416 1.

250 534 445 624 repetimus3
471 535 570 600 semel
588 534 665 600 item
687 551 762 604 ante
784 537 1025 625 diphthongum
1038 536 1073 601 in
1088 534 1233 623 perlecto
1256 530 1362 616 ἔοικα,

251 637 342 724 quod
374 636 473 724 prisci
502 657 567 700 una
595 658 669 702 curn
691 634 812 717 ἔολπα,
839 637 956 725 ἔοργα,
981 633 1093 722 ἑώρων
1119 647 1180 702 ete.
1204 634 1248 701 ad
1268 635 1362 722 pleo-

249 761 397 805 nasmum
416 736 634 823 retenmtw).
677 739 791 805 Nostri
813 761 892 806 sero
913 738 1001 806 docti
1028 737 1119 804 hisce
1141 735 1290 804 omnibus
1311 737 1362 802 di·

250 863 379 928 gamma
407 837 568 905 aeolicum
594 850 627 905 et
653 842 872 928 antepositum
899 840 974 908 huic
996 852 1206 927 augmentum
1227 838 1361 926 syllabi-

249 965 324 1008 cum
351 940 521 1028 assignant
550 964 580 1006 v.
604 941 793 1037 Hoffmann.
812 943 948 1027 Quaest.
973 943 1073 1008 Hom.
1095 941 1136 1006 P.
1158 941 1210 1010 IV
1211 990 1219 1007 .
1242 963 1270 1007 ο.
1295 940 1361 1007 ΠΙ.

249 1057 282 1111 et
309 1045 371 1112 lV.
399 1067 420 1108 a
447 1064 513 1128 qua
542 1043 740 1128 cogitatione
767 1044 815 1109 illi
841 1045 925 1111 adeo
955 1042 1052 1110 alieni
1080 1043 1169 1110 luere
1197 1054 1233 1109 ut
1252 1043 1363 1130 ipsum

248 1141 348 1214 siiuds
382 1145 472 1211 vel
462 1169 497 1211 m
528 1145 609 1211 duas
635 1168 733 1212 voces
752 1146 938 1213 dirimerent
956 1145 1008 1212 vel
1027 1144 1159 1232 ypsilon
1181 1143 1361 1233 pleonasti-

248 1270 323 1314 cum
344 1246 464 1313 habere
486 1257 677 1319 statuerunt.
711 1250 936 1335 Augrnentum
952 1260 1060 1314 autem
1079 1245 1158 1313 solis
1175 1245 1362 1332 relinquunt

248 1349 355 1415 verbis
384 1373 405 1416 a
431 1372 575 1416 consona
603 1350 782 1418 orientibus
812 1353 896 1436 λέγω
926 1332 1053 1436 ilsyov
1083 1370 1167 1435 quae
1204 1348 1296 1413 aliter
1325 1370 1361 1415 se

249 1448 379 1529 habent,
401 1473 462 1538 pro
484 1462 599 1519 natura
619 1452 740 1519 vocalis
762 1453 890 1540 epsilon
909 1452 1100 1541 excipientis
1117 1449 1297 1538 explicant:
1321 1450 1359 1518 ιδ

249 1548 384 1641 ἑήνδανε
414 1553 470 1622 καί
500 1549 614 1641 ἑώρων
645 1550 706 1622 οὖν.
739 1554 774 1622 ἐκ
807 1555 948 1634 κλιιιεινς
979 1550 1050 1623 ἀλλ’
1085 1553 1121 1622 ἐκ
1147 1555 1360 1636 πλεονασμοῖ

247 1655 325 1719 Arc.
355 1653 428 1720 197.
457 1665 490 1720 et
518 1654 566 1720 sio
596 1665 714 1721 cetera.
761 1657 874 1741 Atque
902 1655 946 1721 ad
973 1653 1057 1720 hanc
1083 1652 1272 1742 opinionem
1292 1652 1359 1717 lor-

249 1767 335 1822 tasse
357 1755 488 1823 deducti
517 1768 593 1822 sunt
616 1778 654 1823 ea
675 1779 710 1822 re
732 1757 823 1842 quod
844 1756 1044 1844 temporibus
1068 1755 1240 1841 modisque
1262 1775 1359 1842 prae·

249 1856 383 1945 ponitur
409 1857 450 1923 iis
479 1858 536 1943 qui
563 1868 789 1944 augmentum,
823 1859 913 1945 quod
938 1858 1037 1945 vulgo
1058 1859 1104 1922 ita
1126 1856 1258 1936 dicitur,
1289 1875 1360 1922 non

247 1959 418 2047 recipiunt.
478 1960 667 2026 Praesentis
710 1961 893 2048 exemplum
931 1959 1087 2048 proponit
1122 1957 1360 2026 Grammaticus

246 2061 352 2129 Bastii
381 2060 424 2128 ad
443 2060 544 2150 Greg.
567 2062 640 2129 676.
670 2059 727 2128 ubi
750 2074 814 2130 tres
836 2061 1004 2130 constituit
1024 2059 1205 2148 prosthesis
1231 2058 1360 2146 species

247 2156 382 2252 δοτικὴν
404 2157 533 2246 ἑώρων,
561 2161 764 2252 ἒώνιγμαι·’
752 2164 885 2263 ιωνικὴν
909 2162 953 2244 ὡς
973 2189 1008 2231 ον
1031 2167 1078 2251 aqi
1101 2161 1249 2231 δωθοΐισι
1272 2155 1357 2248 παρ’

242 2257 434 2350 Ἡροδότῳ,
463 2262 640 2349 ποιητικὴν
667 2259 714 2342 ὡς
735 2253 811 2344 ἕεις,
831 2263 934 2352 ἕρκεα.
977 2266 1101 2333 Verum
1122 2261 1186 2329 hoc
1209 2257 1360 2330 suessos

249 2358 371 2426 alibro
399 2359 558 2428 mendoso
588 2361 706 2429 hausit
759 2364 827 2432 Pro
856 2363 1031 2433 κανιάσοω
1056 2363 1218 2431 Artemid.
1250 2363 1279 2429 1.
1305 2361 1359 2428 66.

247 2460 384 2544 Reiffius
405 2487 440 2551 p.
462 2463 535 2529 267.
557 2465 705 2552 reposuit
725 2488 881 2535 καιασσιο
902 2464 992 2553 quod
1006 2466 1096 2552 apud
1111 2465 1198 2532 hunc
1219 2464 1359 2551 scripto·

248 2587 316 2630 rem
329 2564 449 2652 legitur
464 2564 612 2653 saepius;
628 2565 844 2632 indubitatum
859 2590 935 2634 vero
953 2577 1003 2633 est
1017 2563 1190 2647 κατεάξαι
1181 2590 1216 2631 ιιι
1230 2566 1359 2651 evang.

246 2665 367 2733 Matth.
389 2666 478 2733 unde
500 2666 702 2754 Apollinaris
725 2668 840 2734 sumsit
858 2669 981 2736 Psalm.
1003 2668 1133 2734 XLIV.
1145 2669 1197 2734 23.
1219 2665 1360 2753 Antiqui

248 2766 333 2835 hanc
353 2766 540 2856 prosthesin
563 2790 630 2834 non
651 2769 877 2836 admittunt
845 2771 909 2836 nisi
931 2780 1005 2836 ante
1028 2796 1061 2846 ο,
1090 2794 1122 2837 ει
1149 2781 1181 2834 et
1204 2795 1227 2847 ι,
1246 2768 1360 2855 δέργω,

247 2868 420 2952 ἐέλδομαι,
443 2868 623 2951 didacum,
645 2868 849 2952 s'ss'dopusst
833 2871 950 2950 storto,
980 2893 1118 2957 quorum
1139 2871 1279 2958 primum
1301 2892 1359 2936 sx-

247 2969 357 3058 signat
383 2969 635 3040 Choeroboscus
665 2969 761 3039 Orth.
790 2972 862 3040 268.
892 2973 981 3041 Gud.
1014 2974 1092 3051 182,
1121 2974 1174 3038 41.
1197 2966 1360 3041 ἀδύνατον

248 3068 334 3140 ἔνθα
362 3066 569 3159 ἀμετάβολον
597 3067 735 3164 ἀφώνου
756 3078 954 3162 προηγεῖιαι
977 3077 1046 3161 πρὸ
1068 3078 1127 3141 τοῦ
1149 3069 1360 3157 ἀμεταβόλου

210 3180 217 3193 ‘
247 3174 321 3244 οἵαν
351 3174 478 3264 δήποτε
505 3175 690 3264 δίφθογγον
711 3171 908 3263 εὑρεθῆναι·
935 3171 1162 3262 §sapuerimus
1183 3170 1222 3241 ιδ
1248 3169 1359 3259 εἶ’ργιο,

246 3274 334 3363 ὅπερ
356 3273 388 3341 οἳ
412 3275 553 3342 παλαιοὶ
583 3273 832 3362 ἅναλογώιερον
854 3274 938 3343 κατὰ
964 3274 1114 3344 διάλυσιν
1136 3265 1232 3342 slrros
1255 3273 1359 3361 ἐέργω

248 3385 280 3441 et
307 3399 348 3441 ex
375 3374 438 3440 hoo
466 3374 609 3440 Zonaras
638 3375 711 3440 643.
742 3373 840 3460 εἴργοι
873 3375 994 3442 lactum
1016 3397 1089 3442 esse
1109 3375 1249 3441 affirmat
1273 3370 1359 3441 κατὰ

248 3477 441 3560 αρδσινΗ).
491 3475 545 3541 Ι)ο
575 3473 675 3542 ἔδαιον
702 3476 773 3560 jam
804 3474 926 3542 dictum
954 3490 1013 3544 est.
1062 3477 1241 3543 Medorum
1273 3473 1358 3541 obli·

247 3595 385 3660 quorum
397 3576 505 3642 nullus
524 3586 590 3641 tam
606 3575 759 3663 frequens
779 3586 830 3642 est
844 3600 942 3663 quam
961 3578 1169 3667 participium
1185 3576 1359 3643 verborum

248 3698 332 3763 quas
359 3678 486 3766 epsilon
506 3678 541 3745 in
563 3678 725 3769 principio
745 3679 876 3761 habent,
900 3679 1034 3770 ἐέργων,
1057 3677 1263 3771 ἐεργόμενος,
1288 3677 1360 3746 aa·

243 3820 586 3831 ————-——-

318 3887 362 3958 to)
376 3885 422 3943 Sic
435 3885 499 3943 EM.
515 3887 574 3953 3503
589 3888 632 3942 st.
646 3892 676 3942 et
686 3884 749 3954 slii3
768 3881 904 3957 epectasis
921 3882 1081 3957 appellatur
1097 3881 1126 3937 in
1137 3882 1247 3937 Anscd.
1261 3879 1356 3937 Oxou.

245 3971 278 4029 Τ.
293 3971 341 4029 lV.
357 3975 415 4028 17³.
430 3975 507 4045 quod
518 3992 620 4030 nomen
633 3989 805 4029 reservamus
823 3968 1080 4044 proschemstismo.

316 4061 358 4127 17)
372 4059 437 4115 Duo
451 4056 540 4132 epsila
552 4057 581 4115 in
593 4068 639 4116 sta
651 4065 795 4114 contracta
807 4055 913 4111 invenit
921 4053 1076 4126 Hesychius
1095 4049 1196 4131 ἥρχαιο
1208 4057 1358 4126 audetque

246 4150 276 4197 at
295 4141 442 4215 ἢλδόμιναι
458 4161 511 4218 pro
529 4145 599 4200 estc.
635 4145 694 4199 Sed
713 4145 767 4197 hoo
785 4140 879 4199 ficticii
894 4141 984 4195 similo
999 4148 1031 4195 ut
1042 4135 1118 4210 ἦὶπω
1132 4140 1273 4198 Choerob.
1287 4138 1357 4196 Can.

247 4229 306 4307 592,
323 4228 366 4281 32.
383 4246 448 4284 nam
464 4237 511 4286 sta
531 4237 597 4286 ante
616 4229 752 4303 liquidam
770 4245 832 4285 cum
848 4233 925 4285 muta
943 4226 972 4283 in
988 4226 1066 4286 initio
1080 4244 1180 4285 vocum
1195 4231 1276 4284 extra
1288 4242 1357 4297 sug·

246 4319 369 4370 mantum
381 4333 438 4370 non
453 4314 600 4388 reperitur.
