<?xml version="1.0" encoding="UTF-8"?>
<!DOCTYPE html PUBLIC "-//W3C//DTD XHTML 1.0 Transitional//EN"
    "http://www.w3.org/TR/xhtml1/DTD/xhtml1-transitional.dtd">
<html xmlns="http://www.w3.org/1999/xhtml" xml:lang="en" lang="en">
 <head>
  <title>
</title>
<meta http-equiv="Content-Type" content="text/html;charset=utf-8" />
  <meta name='ocr-system' content='tesseract 3.04.00' />
  <meta name='ocr-capabilities' content='ocr_page ocr_carea ocr_par ocr_line ocrx_word'/>
</head>
<body>
  <div class='ocr_page' id='page_1' title='image "./pathologiaegrae00lobegoog_0604.png"; bbox 0 0 2736 4778; ppageno 0'>
   <div class='ocr_carea' id='block_1_1' title="bbox 126 330 873 431">
    <p class='ocr_par' dir='ltr' id='par_1_1' title="bbox 126 330 873 431">
     <span class='ocr_line' id='line_1_1' title="bbox 126 330 873 431; baseline -0.016 -18"><span class='ocrx_word' id='word_1_1' title='bbox 126 338 200 431; x_wconf 81' lang='lat' dir='ltr'><strong>soe</strong></span> <span class='ocrx_word' id='word_1_2' title='bbox 279 375 321 427; x_wconf 89' lang='lat'><strong>·.</strong></span> <span class='ocrx_word' id='word_1_3' title='bbox 457 330 803 423; x_wconf 74' lang='grc' dir='ltr'><strong>Ιιιιοοιιιιιιιιο</strong></span> <span class='ocrx_word' id='word_1_4' title='bbox 830 332 873 405; x_wconf 87' lang='lat' dir='ltr'><strong>v.</strong></span> 
     </span>
    </p>
   </div>
   <div class='ocr_carea' id='block_1_2' title="bbox 124 517 1239 1119">
    <p class='ocr_par' dir='ltr' id='par_1_2' title="bbox 124 517 1239 1119">
     <span class='ocr_line' id='line_1_2' title="bbox 126 517 1238 613; baseline -0.007 -20"><span class='ocrx_word' id='word_1_5' title='bbox 126 535 194 593; x_wconf 86' lang='lat' dir='ltr'><strong>erat</strong></span> <span class='ocrx_word' id='word_1_6' title='bbox 216 534 254 590; x_wconf 89' lang='lat' dir='ltr'><strong>ut</strong></span> <span class='ocrx_word' id='word_1_7' title='bbox 278 529 534 613; x_wconf 76' lang='grc' dir='ltr'><strong><em>συγκακουργεῖν</em></strong></span> <span class='ocrx_word' id='word_1_8' title='bbox 554 533 626 600; x_wconf 85' lang='lat' dir='ltr'><strong>aut,</strong></span> <span class='ocrx_word' id='word_1_9' title='bbox 658 522 735 609; x_wconf 89' lang='lat' dir='ltr'><strong>quia</strong></span> <span class='ocrx_word' id='word_1_10' title='bbox 757 520 822 589; x_wconf 87' lang='lat' dir='ltr'><strong>boc</strong></span> <span class='ocrx_word' id='word_1_11' title='bbox 846 518 971 587; x_wconf 84' lang='lat' dir='ltr'><strong>abusu</strong></span> <span class='ocrx_word' id='word_1_12' title='bbox 991 517 1133 585; x_wconf 86' lang='lat' dir='ltr'><strong>alienum</strong></span> <span class='ocrx_word' id='word_1_13' title='bbox 1157 528 1238 596; x_wconf 81' lang='lat' dir='ltr'><strong>erat,</strong></span> 
     </span>
     <span class='ocr_line' id='line_1_3' title="bbox 127 621 1237 714; baseline -0.004 -20"><span class='ocrx_word' id='word_1_14' title='bbox 127 627 174 695; x_wconf 90' lang='lat' dir='ltr'><strong>sic</strong></span> <span class='ocrx_word' id='word_1_15' title='bbox 199 635 236 692; x_wconf 87' lang='lat' dir='ltr'><strong>ut</strong></span> <span class='ocrx_word' id='word_1_16' title='bbox 259 624 314 691; x_wconf 89' lang='lat' dir='ltr'><strong>ille</strong></span> <span class='ocrx_word' id='word_1_17' title='bbox 341 624 424 691; x_wconf 82' lang='lat' dir='ltr'><strong>dixit</strong></span> <span class='ocrx_word' id='word_1_18' title='bbox 449 623 697 714; x_wconf 70' lang='lat' dir='ltr'>praepositione</span> <span class='ocrx_word' id='word_1_19' title='bbox 728 621 956 689; x_wconf 73' lang='lat' dir='ltr'><strong>adverbialiter</strong></span> <span class='ocrx_word' id='word_1_20' title='bbox 983 621 1109 709; x_wconf 80' lang='lat' dir='ltr'><strong>posite,</strong></span> <span class='ocrx_word' id='word_1_21' title='bbox 1142 622 1237 707; x_wconf 82' lang='lat' dir='ltr'><strong>eujus</strong></span> 
     </span>
     <span class='ocr_line' id='line_1_4' title="bbox 126 722 1236 815; baseline -0.005 -20"><span class='ocrx_word' id='word_1_22' title='bbox 126 728 313 795; x_wconf 88' lang='lat' dir='ltr'><strong>antimeriae</strong></span> <span class='ocrx_word' id='word_1_23' title='bbox 344 727 494 815; x_wconf 85' lang='lat' dir='ltr'><strong>exempla</strong></span> <span class='ocrx_word' id='word_1_24' title='bbox 525 724 664 814; x_wconf 86' lang='lat' dir='ltr'><strong>plurima</strong></span> <span class='ocrx_word' id='word_1_25' title='bbox 698 725 899 791; x_wconf 86' lang='lat' dir='ltr'><strong>demonstrat</strong></span> <span class='ocrx_word' id='word_1_26' title='bbox 929 722 1121 795; x_wconf 72' lang='lat' dir='ltr'><strong>Thesaurus</strong></span> <span class='ocrx_word' id='word_1_27' title='bbox 1147 744 1176 790; x_wconf 84' lang='lat' dir='ltr'><strong>s.</strong></span> <span class='ocrx_word' id='word_1_28' title='bbox 1206 746 1236 790; x_wconf 74' lang='lat' dir='ltr'><strong>v.</strong></span> 
     </span>
     <span class='ocr_line' id='line_1_5' title="bbox 124 824 1239 916; baseline -0.004 -19"><span class='ocrx_word' id='word_1_29' title='bbox 124 827 199 901; x_wconf 80' lang='grc' dir='ltr'><strong>Σάν.</strong></span> <span class='ocrx_word' id='word_1_30' title='bbox 241 831 287 897; x_wconf 87' lang='lat' dir='ltr'><strong>Et</strong></span> <span class='ocrx_word' id='word_1_31' title='bbox 308 828 349 895; x_wconf 89' lang='lat' dir='ltr'><strong>de</strong></span> <span class='ocrx_word' id='word_1_32' title='bbox 370 828 441 895; x_wconf 88' lang='lat' dir='ltr'><strong>aliie</strong></span> <span class='ocrx_word' id='word_1_33' title='bbox 463 849 595 914; x_wconf 87' lang='lat' dir='ltr'><strong>quoque</strong></span> <span class='ocrx_word' id='word_1_34' title='bbox 623 825 920 916; x_wconf 85' lang='lat' dir='ltr'><strong>praepositionibus</strong></span> <span class='ocrx_word' id='word_1_35' title='bbox 948 848 1049 914; x_wconf 82' lang='lat' dir='ltr'><strong>saepe</strong></span> <span class='ocrx_word' id='word_1_36' title='bbox 1070 824 1239 893; x_wconf 80' lang='lat' dir='ltr'><strong>dubitatur</strong></span> 
     </span>
     <span class='ocr_line' id='line_1_6' title="bbox 125 927 1238 1017; baseline -0.004 -18"><span class='ocrx_word' id='word_1_37' title='bbox 125 944 233 999; x_wconf 90' lang='lat' dir='ltr'><strong>utrum</strong></span> <span class='ocrx_word' id='word_1_38' title='bbox 252 928 351 996; x_wconf 87' lang='lat' dir='ltr'><strong>verbo</strong></span> <span class='ocrx_word' id='word_1_39' title='bbox 376 928 610 1017; x_wconf 82' lang='lat' dir='ltr'><strong>agglutinanda</strong></span> <span class='ocrx_word' id='word_1_40' title='bbox 632 928 696 995; x_wconf 85' lang='lat' dir='ltr'><strong>sint</strong></span> <span class='ocrx_word' id='word_1_41' title='bbox 716 951 759 995; x_wconf 83' lang='lat' dir='ltr'><strong>an</strong></span> <span class='ocrx_word' id='word_1_42' title='bbox 777 927 926 1007; x_wconf 84' lang='lat' dir='ltr'><strong>absolute</strong></span> <span class='ocrx_word' id='word_1_43' title='bbox 943 927 1118 995; x_wconf 80' lang='lat' dir='ltr'><strong>scribenda</strong></span> <span class='ocrx_word' id='word_1_44' title='bbox 1134 928 1185 994; x_wconf 89' lang='lat' dir='ltr'><strong>sie</strong></span> <span class='ocrx_word' id='word_1_45' title='bbox 1201 939 1238 995; x_wconf 92' lang='lat' dir='ltr'><strong>ut</strong></span> 
     </span>
     <span class='ocr_line' id='line_1_7' title="bbox 124 1024 1239 1119; baseline -0.004 -20"><span class='ocrx_word' id='word_1_46' title='bbox 124 1024 270 1099; x_wconf 80' lang='lat' dir='ltr'><strong>adverbii</strong></span> <span class='ocrx_word' id='word_1_47' title='bbox 301 1031 376 1097; x_wconf 92' lang='lat' dir='ltr'><strong>loco</strong></span> <span class='ocrx_word' id='word_1_48' title='bbox 411 1053 485 1097; x_wconf 87' lang='lat' dir='ltr'><strong>esse</strong></span> <span class='ocrx_word' id='word_1_49' title='bbox 517 1042 685 1119; x_wconf 72' lang='lat' dir='ltr'><strong>appareat.</strong></span> <span class='ocrx_word' id='word_1_50' title='bbox 737 1030 869 1099; x_wconf 80' lang='lat' dir='ltr'>Primus</span> <span class='ocrx_word' id='word_1_51' title='bbox 902 1030 1092 1119; x_wconf 81' lang='lat' dir='ltr'><strong>scrupulum</strong></span> <span class='ocrx_word' id='word_1_52' title='bbox 1124 1030 1239 1117; x_wconf 89' lang='lat' dir='ltr'><strong>injecit</strong></span> 
     </span>
    </p>
   </div>
   <div class='ocr_carea' id='block_1_3' title="bbox 120 1130 1264 4376">
    <p class='ocr_par' dir='ltr' id='par_1_3' title="bbox 120 1130 1264 4376">
     <span class='ocr_line' id='line_1_8' title="bbox 125 1130 1236 1221; baseline -0.005 -16"><span class='ocrx_word' id='word_1_53' title='bbox 125 1132 327 1205; x_wconf 86' lang='lat' dir='ltr'><strong>Abreeohius</strong></span> <span class='ocrx_word' id='word_1_54' title='bbox 357 1133 393 1199; x_wconf 89' lang='lat' dir='ltr'><strong>in</strong></span> <span class='ocrx_word' id='word_1_55' title='bbox 419 1130 542 1201; x_wconf 79' lang='lat' dir='ltr'><strong>Aescln</strong></span> <span class='ocrx_word' id='word_1_56' title='bbox 565 1131 716 1221; x_wconf 87' lang='lat' dir='ltr'><strong>Choepb.</strong></span> <span class='ocrx_word' id='word_1_57' title='bbox 741 1133 816 1201; x_wconf 91' lang='grc'><strong>301.</strong></span> <span class='ocrx_word' id='word_1_58' title='bbox 845 1133 902 1201; x_wconf 79' lang='grc' dir='ltr'><strong>καὶ</strong></span> <span class='ocrx_word' id='word_1_59' title='bbox 929 1131 1127 1221; x_wconf 63' lang='lat' dir='ltr'><strong>speraretur</strong></span> <span class='ocrx_word' id='word_1_60' title='bbox 1154 1156 1236 1219; x_wconf 79' lang='grc' dir='ltr'><strong><em>χρη-</em></strong></span> 
     </span>
     <span class='ocr_line' id='line_1_9' title="bbox 125 1228 1236 1323; baseline -0.005 -19"><span class='ocrx_word' id='word_1_61' title='bbox 125 1234 239 1323; x_wconf 73' lang='grc' dir='ltr'>μάτων</span> <span class='ocrx_word' id='word_1_62' title='bbox 262 1228 380 1322; x_wconf 76' lang='grc' dir='ltr'>άχηνία</span> <span class='ocrx_word' id='word_1_63' title='bbox 405 1234 562 1301; x_wconf 88' lang='lat' dir='ltr'><strong>dissolute</strong></span> <span class='ocrx_word' id='word_1_64' title='bbox 584 1232 729 1300; x_wconf 88' lang='lat' dir='ltr'><strong>scribens</strong></span> <span class='ocrx_word' id='word_1_65' title='bbox 753 1232 837 1320; x_wconf 79' lang='grc' dir='ltr'><strong><em>πρὸς</em></strong></span> <span class='ocrx_word' id='word_1_66' title='bbox 858 1232 978 1314; x_wconf 77' lang='grc' dir='ltr'>πιέζει.</span> <span class='ocrx_word' id='word_1_67' title='bbox 1020 1233 1065 1299; x_wconf 90' lang='lat' dir='ltr'><strong>Id</strong></span> <span class='ocrx_word' id='word_1_68' title='bbox 1089 1234 1125 1299; x_wconf 92' lang='lat' dir='ltr'><strong>in</strong></span> <span class='ocrx_word' id='word_1_69' title='bbox 1145 1256 1236 1301; x_wconf 88' lang='lat' dir='ltr'><strong>com-</strong></span> 
     </span>
     <span class='ocr_line' id='line_1_10' title="bbox 126 1328 1236 1429; baseline -0.002 -24"><span class='ocrx_word' id='word_1_70' title='bbox 126 1336 273 1429; x_wconf 90' lang='lat' dir='ltr'><strong>pluribus</strong></span> <span class='ocrx_word' id='word_1_71' title='bbox 297 1334 530 1402; x_wconf 77' lang='lat' dir='ltr'>Demosthenis</span> <span class='ocrx_word' id='word_1_72' title='bbox 554 1335 636 1402; x_wconf 89' lang='lat' dir='ltr'><strong>locis</strong></span> <span class='ocrx_word' id='word_1_73' title='bbox 658 1335 838 1407; x_wconf 71' lang='lat' dir='ltr'><strong>introduxit</strong></span> <span class='ocrx_word' id='word_1_74' title='bbox 857 1334 1066 1414; x_wconf 86' lang='lat' dir='ltr'><strong>Dindorfius,</strong></span> <span class='ocrx_word' id='word_1_75' title='bbox 1095 1328 1236 1423; x_wconf 81' lang='grc' dir='ltr'>άποιρό·</span> 
     </span>
     <span class='ocr_line' id='line_1_11' title="bbox 127 1430 1234 1525; baseline -0.004 -18"><span class='ocrx_word' id='word_1_76' title='bbox 127 1443 228 1519; x_wconf 80' lang='grc' dir='ltr'><strong>κάλος</strong></span> <span class='ocrx_word' id='word_1_77' title='bbox 245 1436 332 1525; x_wconf 82' lang='grc' dir='ltr'><strong><em>πρὸς</em></strong></span> <span class='ocrx_word' id='word_1_78' title='bbox 350 1434 462 1516; x_wconf 77' lang='grc' dir='ltr'>ἔδοξεν</span> <span class='ocrx_word' id='word_1_79' title='bbox 478 1430 572 1516; x_wconf 73' lang='grc' dir='ltr'>εἶναι,</span> <span class='ocrx_word' id='word_1_80' title='bbox 595 1436 653 1525; x_wconf 71' lang='grc' dir='ltr'><strong>τὴν</strong></span> <span class='ocrx_word' id='word_1_81' title='bbox 670 1433 780 1505; x_wconf 78' lang='grc' dir='ltr'><strong>οἰκίον</strong></span> <span class='ocrx_word' id='word_1_82' title='bbox 796 1434 884 1519; x_wconf 83' lang='grc' dir='ltr'><strong><em>πρὸς</em></strong></span> <span class='ocrx_word' id='word_1_83' title='bbox 902 1435 1002 1516; x_wconf 68' lang='grc' dir='ltr'>ἕξεις,</span> <span class='ocrx_word' id='word_1_84' title='bbox 1024 1432 1113 1521; x_wconf 80' lang='grc' dir='ltr'><strong><em>πρὸς</em></strong></span> <span class='ocrx_word' id='word_1_85' title='bbox 1128 1433 1234 1516; x_wconf 66' lang='grc' dir='ltr'><strong>ἔλαχε,</strong></span> 
     </span>
     <span class='ocr_line' id='line_1_12' title="bbox 127 1536 1234 1628; baseline 0 -25"><span class='ocrx_word' id='word_1_86' title='bbox 127 1541 217 1628; x_wconf 85' lang='lat' dir='ltr'><strong>quod</strong></span> <span class='ocrx_word' id='word_1_87' title='bbox 238 1536 436 1627; x_wconf 83' lang='lat' dir='ltr'><strong>approbavit</strong></span> <span class='ocrx_word' id='word_1_88' title='bbox 453 1536 649 1605; x_wconf 86' lang='lat' dir='ltr'><strong>Sobaeferus</strong></span> <span class='ocrx_word' id='word_1_89' title='bbox 667 1538 760 1625; x_wconf 86' lang='lat' dir='ltr'><strong>App.</strong></span> <span class='ocrx_word' id='word_1_90' title='bbox 783 1536 824 1603; x_wconf 96' lang='grc' dir='ltr'><strong>Τ.</strong></span> <span class='ocrx_word' id='word_1_91' title='bbox 836 1536 897 1605; x_wconf 92' lang='lat' dir='ltr'><strong>IV.</strong></span> <span class='ocrx_word' id='word_1_92' title='bbox 909 1536 961 1603; x_wconf 88' lang='grc'><strong>80.</strong></span> <span class='ocrx_word' id='word_1_93' title='bbox 981 1536 1136 1621; x_wconf 76' lang='lat' dir='ltr'><strong>idemque</strong></span> <span class='ocrx_word' id='word_1_94' title='bbox 1149 1536 1234 1603; x_wconf 90' lang='lat' dir='ltr'><strong>Din-</strong></span> 
     </span>
     <span class='ocr_line' id='line_1_13' title="bbox 127 1632 1235 1725; baseline -0.005 -15"><span class='ocrx_word' id='word_1_95' title='bbox 127 1643 249 1710; x_wconf 89' lang='lat' dir='ltr'><strong>dorlius</strong></span> <span class='ocrx_word' id='word_1_96' title='bbox 269 1642 305 1707; x_wconf 91' lang='lat' dir='ltr'><strong>in</strong></span> <span class='ocrx_word' id='word_1_97' title='bbox 325 1638 463 1708; x_wconf 84' lang='lat' dir='ltr'><strong>Arietid.</strong></span> <span class='ocrx_word' id='word_1_98' title='bbox 487 1639 548 1707; x_wconf 90' lang='lat' dir='ltr'><strong>Or.</strong></span> <span class='ocrx_word' id='word_1_99' title='bbox 566 1638 696 1707; x_wconf 87' lang='lat' dir='ltr'>XLVI.</span> <span class='ocrx_word' id='word_1_100' title='bbox 717 1638 792 1707; x_wconf 80' lang='lat'><strong>259.</strong></span> <span class='ocrx_word' id='word_1_101' title='bbox 815 1637 857 1703; x_wconf 83' lang='lat' dir='ltr'><strong>T.</strong></span> <span class='ocrx_word' id='word_1_102' title='bbox 873 1638 920 1703; x_wconf 91' lang='lat'><strong>11.</strong></span> <span class='ocrx_word' id='word_1_103' title='bbox 943 1637 1031 1724; x_wconf 83' lang='lat'><strong>(194,</strong></span> <span class='ocrx_word' id='word_1_104' title='bbox 1052 1636 1100 1725; x_wconf 82' lang='lat'><strong>6.)</strong></span> <span class='ocrx_word' id='word_1_105' title='bbox 1123 1632 1235 1705; x_wconf 76' lang='lat' dir='ltr'><strong>rederi·</strong></span> 
     </span>
     <span class='ocr_line' id='line_1_14' title="bbox 121 1734 1233 1839; baseline -0.004 -29"><span class='ocrx_word' id='word_1_106' title='bbox 121 1768 198 1839; x_wconf 82' lang='grc' dir='ltr'><strong>Ιοντι</strong></span> <span class='ocrx_word' id='word_1_107' title='bbox 219 1737 367 1835; x_wconf 67' lang='lat' dir='ltr'><strong>business</strong></span> <span class='ocrx_word' id='word_1_108' title='bbox 393 1740 451 1807; x_wconf 80' lang='grc' dir='ltr'><strong>καὶ</strong></span> <span class='ocrx_word' id='word_1_109' title='bbox 475 1739 563 1823; x_wconf 80' lang='grc' dir='ltr'><strong><em>πρὸς</em></strong></span> <span class='ocrx_word' id='word_1_110' title='bbox 587 1734 664 1830; x_wconf 73' lang='grc' dir='ltr'>ᾔδει</span> <span class='ocrx_word' id='word_1_111' title='bbox 689 1738 788 1823; x_wconf 80' lang='grc' dir='ltr'>χάριν</span> <span class='ocrx_word' id='word_1_112' title='bbox 815 1739 947 1827; x_wconf 73' lang='lat' dir='ltr'><strong>scripsit</strong></span> <span class='ocrx_word' id='word_1_113' title='bbox 973 1760 1034 1827; x_wconf 87' lang='lat' dir='ltr'><strong>pro</strong></span> <span class='ocrx_word' id='word_1_114' title='bbox 1062 1735 1233 1827; x_wconf 71' lang='grc' dir='ltr'>προςῄάει,</span> 
     </span>
     <span class='ocr_line' id='line_1_15' title="bbox 129 1838 1233 1930; baseline -0.003 -20"><span class='ocrx_word' id='word_1_115' title='bbox 129 1854 162 1911; x_wconf 91' lang='lat' dir='ltr'><strong>et</strong></span> <span class='ocrx_word' id='word_1_116' title='bbox 187 1842 223 1907; x_wconf 93' lang='lat' dir='ltr'><strong>in</strong></span> <span class='ocrx_word' id='word_1_117' title='bbox 242 1840 420 1930; x_wconf 88' lang='lat' dir='ltr'><strong>Posidippi</strong></span> <span class='ocrx_word' id='word_1_118' title='bbox 441 1838 587 1907; x_wconf 87' lang='lat' dir='ltr'><strong>versibus</strong></span> <span class='ocrx_word' id='word_1_119' title='bbox 608 1840 731 1907; x_wconf 83' lang='lat' dir='ltr'><strong>Athen.</strong></span> <span class='ocrx_word' id='word_1_120' title='bbox 752 1841 818 1907; x_wconf 88' lang='lat' dir='ltr'><strong>IX.</strong></span> <span class='ocrx_word' id='word_1_121' title='bbox 838 1842 912 1908; x_wconf 92' lang='grc'><strong>377.</strong></span> <span class='ocrx_word' id='word_1_122' title='bbox 932 1838 1233 1925; x_wconf 52' lang='lat' dir='ltr'><strong>&amp;loir-smec-</strong></span> 
     </span>
     <span class='ocr_line' id='line_1_16' title="bbox 120 1936 1234 2034; baseline -0.008 -21"><span class='ocrx_word' id='word_1_123' title='bbox 120 1942 266 2034; x_wconf 74' lang='grc' dir='ltr'><strong>βάλλῃς,</strong></span> <span class='ocrx_word' id='word_1_124' title='bbox 282 1943 339 2011; x_wconf 79' lang='grc' dir='ltr'><strong>καὶ</strong></span> <span class='ocrx_word' id='word_1_125' title='bbox 355 1941 441 2024; x_wconf 82' lang='grc' dir='ltr'><strong><em>πρὸς</em></strong></span> <span class='ocrx_word' id='word_1_126' title='bbox 457 1937 608 2029; x_wconf 64' lang='lat' dir='ltr'><strong>indrede</strong></span> <span class='ocrx_word' id='word_1_127' title='bbox 625 1936 719 2023; x_wconf 84' lang='grc' dir='ltr'>άπει,</span> <span class='ocrx_word' id='word_1_128' title='bbox 735 1943 825 2029; x_wconf 94' lang='lat' dir='ltr'><strong>quod</strong></span> <span class='ocrx_word' id='word_1_129' title='bbox 836 1940 1024 2009; x_wconf 83' lang='lat' dir='ltr'><strong>Meinekius</strong></span> <span class='ocrx_word' id='word_1_130' title='bbox 1036 1939 1079 2009; x_wconf 83' lang='lat' dir='ltr'><strong>T.</strong></span> <span class='ocrx_word' id='word_1_131' title='bbox 1088 1940 1152 2009; x_wconf 90' lang='lat' dir='ltr'><strong>IV.</strong></span> <span class='ocrx_word' id='word_1_132' title='bbox 1162 1938 1234 2005; x_wconf 76' lang='lat'><strong>521.</strong></span> 
     </span>
     <span class='ocr_line' id='line_1_17' title="bbox 128 2038 1234 2134; baseline -0.008 -19"><span class='ocrx_word' id='word_1_133' title='bbox 128 2069 196 2115; x_wconf 89' lang='lat' dir='ltr'><strong>non</strong></span> <span class='ocrx_word' id='word_1_134' title='bbox 219 2042 360 2134; x_wconf 90' lang='lat' dir='ltr'><strong>recepit,</strong></span> <span class='ocrx_word' id='word_1_135' title='bbox 387 2041 525 2132; x_wconf 87' lang='lat' dir='ltr'><strong>ipseque</strong></span> <span class='ocrx_word' id='word_1_136' title='bbox 546 2041 742 2111; x_wconf 87' lang='lat' dir='ltr'><strong>Sohaelerus</strong></span> <span class='ocrx_word' id='word_1_137' title='bbox 767 2044 803 2109; x_wconf 92' lang='lat' dir='ltr'><strong>in</strong></span> <span class='ocrx_word' id='word_1_138' title='bbox 820 2042 933 2130; x_wconf 79' lang='lat' dir='ltr'><strong>Longi</strong></span> <span class='ocrx_word' id='word_1_139' title='bbox 954 2043 1047 2111; x_wconf 87' lang='lat' dir='ltr'><strong>Past.</strong></span> <span class='ocrx_word' id='word_1_140' title='bbox 1065 2041 1094 2107; x_wconf 89' lang='lat' dir='ltr'>L</span> <span class='ocrx_word' id='word_1_141' title='bbox 1116 2041 1170 2107; x_wconf 79' lang='lat' dir='ltr'><strong>bl.</strong></span> <span class='ocrx_word' id='word_1_142' title='bbox 1190 2038 1234 2127; x_wconf 79' lang='grc' dir='ltr'><strong>μὴ</strong></span> 
     </span>
     <span class='ocr_line' id='line_1_18' title="bbox 121 2140 1264 2236; baseline -0.004 -20"><span class='ocrx_word' id='word_1_143' title='bbox 121 2141 186 2216; x_wconf 78' lang='grc' dir='ltr'><strong>1καὶ</strong></span> <span class='ocrx_word' id='word_1_144' title='bbox 206 2143 537 2236; x_wconf 77' lang='grc' dir='ltr'><strong>προςκοταγέλαστοι</strong></span> <span class='ocrx_word' id='word_1_145' title='bbox 555 2145 699 2231; x_wconf 74' lang='grc' dir='ltr'>γένοιντο</span> <span class='ocrx_word' id='word_1_146' title='bbox 718 2144 800 2213; x_wconf 91' lang='lat' dir='ltr'><strong>nibil</strong></span> <span class='ocrx_word' id='word_1_147' title='bbox 816 2144 955 2214; x_wconf 74' lang='lat' dir='ltr'><strong>novavit.</strong></span> <span class='ocrx_word' id='word_1_148' title='bbox 991 2143 1061 2211; x_wconf 85' lang='lat' dir='ltr'><strong>Alii</strong></span> <span class='ocrx_word' id='word_1_149' title='bbox 1076 2164 1153 2211; x_wconf 85' lang='lat' dir='ltr'><strong>vero</strong></span> <span class='ocrx_word' id='word_1_150' title='bbox 1170 2140 1234 2217; x_wconf 84' lang='lat' dir='ltr'><strong>dis-</strong></span> <span class='ocrx_word' id='word_1_151' title='bbox 1261 2140 1264 2144; x_wconf 47' lang='grc'>“</span> 
     </span>
     <span class='ocr_line' id='line_1_19' title="bbox 121 2244 1234 2338; baseline -0.004 -22"><span class='ocrx_word' id='word_1_152' title='bbox 121 2248 325 2338; x_wconf 78' lang='lat' dir='ltr'><strong>junctionem</strong></span> <span class='ocrx_word' id='word_1_153' title='bbox 353 2245 436 2311; x_wconf 88' lang='lat' dir='ltr'><strong>adeo</strong></span> <span class='ocrx_word' id='word_1_154' title='bbox 465 2245 682 2313; x_wconf 85' lang='lat' dir='ltr'><strong>necessariam</strong></span> <span class='ocrx_word' id='word_1_155' title='bbox 712 2247 875 2317; x_wconf 82' lang='lat' dir='ltr'><strong>duxerunt</strong></span> <span class='ocrx_word' id='word_1_156' title='bbox 903 2259 941 2315; x_wconf 91' lang='lat' dir='ltr'><strong>ut</strong></span> <span class='ocrx_word' id='word_1_157' title='bbox 967 2245 1138 2336; x_wconf 88' lang='lat' dir='ltr'><strong>proprium</strong></span> <span class='ocrx_word' id='word_1_158' title='bbox 1168 2244 1234 2311; x_wconf 84' lang='lat' dir='ltr'><strong>dia·</strong></span> 
     </span>
     <span class='ocr_line' id='line_1_20' title="bbox 128 2343 1235 2436; baseline -0.004 -19"><span class='ocrx_word' id='word_1_159' title='bbox 128 2349 232 2418; x_wconf 85' lang='lat' dir='ltr'><strong>stolae</strong></span> <span class='ocrx_word' id='word_1_160' title='bbox 259 2346 389 2435; x_wconf 87' lang='lat' dir='ltr'><strong>signum</strong></span> <span class='ocrx_word' id='word_1_161' title='bbox 411 2345 670 2435; x_wconf 82' lang='lat' dir='ltr'><strong>interponerent:</strong></span> <span class='ocrx_word' id='word_1_162' title='bbox 697 2349 756 2419; x_wconf 85' lang='grc' dir='ltr'><strong>καὶ</strong></span> <span class='ocrx_word' id='word_1_163' title='bbox 777 2346 877 2417; x_wconf 83' lang='grc' dir='ltr'>τοῦτό</span> <span class='ocrx_word' id='word_1_164' title='bbox 904 2372 961 2419; x_wconf 88' lang='grc' dir='ltr'>σοι</span> <span class='ocrx_word' id='word_1_165' title='bbox 984 2344 1056 2436; x_wconf 77' lang='grc' dir='ltr'>ἥξει</span> <span class='ocrx_word' id='word_1_166' title='bbox 1082 2343 1235 2433; x_wconf 67' lang='grc' dir='ltr'><strong>τάγαθὸν</strong></span> 
     </span>
     <span class='ocr_line' id='line_1_21' title="bbox 127 2444 1235 2539; baseline -0.004 -20"><span class='ocrx_word' id='word_1_167' title='bbox 127 2450 185 2519; x_wconf 79' lang='grc' dir='ltr'><strong>καὶ</strong></span> <span class='ocrx_word' id='word_1_168' title='bbox 212 2444 467 2537; x_wconf 78' lang='grc' dir='ltr'>πρὸς,εἶὸήσιις</span> <span class='ocrx_word' id='word_1_169' title='bbox 489 2447 586 2536; x_wconf 81' lang='grc' dir='ltr'>χάριν</span> <span class='ocrx_word' id='word_1_170' title='bbox 610 2450 726 2536; x_wconf 86' lang='lat' dir='ltr'><strong>Synes.</strong></span> <span class='ocrx_word' id='word_1_171' title='bbox 750 2451 791 2517; x_wconf 89' lang='lat' dir='ltr'><strong>de</strong></span> <span class='ocrx_word' id='word_1_172' title='bbox 810 2451 917 2538; x_wconf 78' lang='lat' dir='ltr'><strong>Regu.</strong></span> <span class='ocrx_word' id='word_1_173' title='bbox 939 2473 973 2539; x_wconf 90' lang='lat' dir='ltr'><strong>p.</strong></span> <span class='ocrx_word' id='word_1_174' title='bbox 987 2450 1037 2517; x_wconf 66' lang='lat'><strong>14</strong></span> <span class='ocrx_word' id='word_1_175' title='bbox 1054 2450 1099 2517; x_wconf 85' lang='lat' dir='ltr'><strong>A.</strong></span> <span class='ocrx_word' id='word_1_176' title='bbox 1141 2449 1235 2515; x_wconf 84' lang='lat' dir='ltr'><strong>Hanc</strong></span> 
     </span>
     <span class='ocr_line' id='line_1_22' title="bbox 127 2548 1235 2640; baseline -0.003 -22"><span class='ocrx_word' id='word_1_177' title='bbox 127 2551 285 2618; x_wconf 89' lang='lat' dir='ltr'><strong>rationem</strong></span> <span class='ocrx_word' id='word_1_178' title='bbox 315 2548 343 2615; x_wconf 89' lang='lat' dir='ltr'><strong>si</strong></span> <span class='ocrx_word' id='word_1_179' title='bbox 371 2548 609 2636; x_wconf 87' lang='lat' dir='ltr'><strong>amplectimur,</strong></span> <span class='ocrx_word' id='word_1_180' title='bbox 642 2552 677 2618; x_wconf 93' lang='lat' dir='ltr'><strong>in</strong></span> <span class='ocrx_word' id='word_1_181' title='bbox 705 2552 829 2621; x_wconf 81' lang='lat' dir='ltr'><strong>Teletis</strong></span> <span class='ocrx_word' id='word_1_182' title='bbox 857 2554 913 2620; x_wconf 80' lang='lat' dir='ltr'><strong>Fr.</strong></span> <span class='ocrx_word' id='word_1_183' title='bbox 944 2576 998 2640; x_wconf 88' lang='lat' dir='ltr'><strong>ep.</strong></span> <span class='ocrx_word' id='word_1_184' title='bbox 1025 2550 1119 2619; x_wconf 84' lang='lat' dir='ltr'><strong>Stob.</strong></span> <span class='ocrx_word' id='word_1_185' title='bbox 1146 2550 1235 2617; x_wconf 85' lang='lat' dir='ltr'><strong>Flor.</strong></span> 
     </span>
     <span class='ocr_line' id='line_1_23' title="bbox 127 2650 1235 2743; baseline -0.004 -20"><span class='ocrx_word' id='word_1_186' title='bbox 127 2652 274 2723; x_wconf 86' lang='lat' dir='ltr'><strong>XCVII.</strong></span> <span class='ocrx_word' id='word_1_187' title='bbox 295 2652 347 2717; x_wconf 89' lang='lat'><strong>31.</strong></span> <span class='ocrx_word' id='word_1_188' title='bbox 375 2673 410 2738; x_wconf 88' lang='lat' dir='ltr'><strong>p.</strong></span> <span class='ocrx_word' id='word_1_189' title='bbox 432 2651 512 2730; x_wconf 72' lang='lat'><strong>524,</strong></span> <span class='ocrx_word' id='word_1_190' title='bbox 538 2653 590 2720; x_wconf 89' lang='grc'><strong>37.</strong></span> <span class='ocrx_word' id='word_1_191' title='bbox 620 2655 738 2723; x_wconf 81' lang='grc' dir='ltr'>δοῦλον</span> <span class='ocrx_word' id='word_1_192' title='bbox 765 2654 877 2741; x_wconf 64' lang='grc' dir='ltr'><strong>ἕτερον</strong></span> <span class='ocrx_word' id='word_1_193' title='bbox 904 2650 1129 2741; x_wconf 64' lang='lat' dir='ltr'><strong>speraretur</strong></span> <span class='ocrx_word' id='word_1_194' title='bbox 1159 2650 1235 2743; x_wconf 77' lang='grc' dir='ltr'><strong>κτή-</strong></span> 
     </span>
     <span class='ocr_line' id='line_1_24' title="bbox 128 2752 1237 2842; baseline -0.002 -21"><span class='ocrx_word' id='word_1_195' title='bbox 128 2760 274 2833; x_wconf 85' lang='grc' dir='ltr'><strong>σασ9αι,</strong></span> <span class='ocrx_word' id='word_1_196' title='bbox 297 2752 587 2842; x_wconf 75' lang='lat' dir='ltr'><strong>praepositionem,</strong></span> <span class='ocrx_word' id='word_1_197' title='bbox 608 2776 692 2841; x_wconf 88' lang='lat' dir='ltr'><strong>quae</strong></span> <span class='ocrx_word' id='word_1_198' title='bbox 712 2754 870 2821; x_wconf 87' lang='lat' dir='ltr'><strong>infinitivo</strong></span> <span class='ocrx_word' id='word_1_199' title='bbox 891 2754 1102 2842; x_wconf 85' lang='lat' dir='ltr'><strong>adjungenda</strong></span> <span class='ocrx_word' id='word_1_200' title='bbox 1122 2755 1185 2827; x_wconf 87' lang='lat' dir='ltr'><strong>erit</strong></span> <span class='ocrx_word' id='word_1_201' title='bbox 1204 2766 1237 2820; x_wconf 87' lang='lat' dir='ltr'><strong>ut</strong></span> 
     </span>
     <span class='ocr_line' id='line_1_25' title="bbox 128 2850 1236 2945; baseline 0.005 -26"><span class='ocrx_word' id='word_1_202' title='bbox 128 2852 240 2945; x_wconf 86' lang='lat' dir='ltr'><strong>paullo</strong></span> <span class='ocrx_word' id='word_1_203' title='bbox 264 2864 339 2919; x_wconf 90' lang='lat' dir='ltr'><strong>ante</strong></span> <span class='ocrx_word' id='word_1_204' title='bbox 367 2876 400 2942; x_wconf 90' lang='lat' dir='ltr'><strong>p.</strong></span> <span class='ocrx_word' id='word_1_205' title='bbox 418 2854 496 2933; x_wconf 84' lang='grc'><strong>523,</strong></span> <span class='ocrx_word' id='word_1_206' title='bbox 519 2855 572 2922; x_wconf 89' lang='grc'><strong>48.</strong></span> <span class='ocrx_word' id='word_1_207' title='bbox 603 2850 785 2925; x_wconf 68' lang='lat' dir='ltr'><strong>nutritios</strong></span> <span class='ocrx_word' id='word_1_208' title='bbox 812 2858 1034 2943; x_wconf 79' lang='grc' dir='ltr'>προςτρέφιι,</span> <span class='ocrx_word' id='word_1_209' title='bbox 1063 2858 1236 2945; x_wconf 85' lang='lat' dir='ltr'><strong>separatim</strong></span> 
     </span>
     <span class='ocr_line' id='line_1_26' title="bbox 129 2954 1235 3047; baseline 0 -23"><span class='ocrx_word' id='word_1_210' title='bbox 129 2954 305 3024; x_wconf 86' lang='lat' dir='ltr'><strong>scribemus</strong></span> <span class='ocrx_word' id='word_1_211' title='bbox 332 2967 487 3042; x_wconf 89' lang='lat' dir='ltr'><strong>tanquam</strong></span> <span class='ocrx_word' id='word_1_212' title='bbox 513 2955 716 3038; x_wconf 84' lang='lat' dir='ltr'><strong>adverbium,</strong></span> <span class='ocrx_word' id='word_1_213' title='bbox 746 2959 835 3045; x_wconf 90' lang='lat' dir='ltr'><strong>quod</strong></span> <span class='ocrx_word' id='word_1_214' title='bbox 861 2958 1030 3025; x_wconf 80' lang='lat' dir='ltr'><strong>manifesto</strong></span> <span class='ocrx_word' id='word_1_215' title='bbox 1055 2958 1235 3047; x_wconf 86' lang='lat' dir='ltr'><strong>depreben-</strong></span> 
     </span>
     <span class='ocr_line' id='line_1_27' title="bbox 131 3058 1237 3148; baseline 0.004 -23"><span class='ocrx_word' id='word_1_216' title='bbox 131 3060 217 3126; x_wconf 91' lang='lat' dir='ltr'><strong>ditur</strong></span> <span class='ocrx_word' id='word_1_217' title='bbox 237 3060 272 3125; x_wconf 92' lang='lat' dir='ltr'><strong>in</strong></span> <span class='ocrx_word' id='word_1_218' title='bbox 292 3058 430 3126; x_wconf 86' lang='lat' dir='ltr'><strong>Aristid.</strong></span> <span class='ocrx_word' id='word_1_219' title='bbox 451 3059 581 3128; x_wconf 90' lang='lat' dir='ltr'><strong>XLVI.</strong></span> <span class='ocrx_word' id='word_1_220' title='bbox 603 3060 677 3128; x_wconf 88' lang='grc'><strong>367.</strong></span> <span class='ocrx_word' id='word_1_221' title='bbox 700 3059 741 3128; x_wconf 93' lang='grc' dir='ltr'><strong>Τ.</strong></span> <span class='ocrx_word' id='word_1_222' title='bbox 758 3061 805 3127; x_wconf 90' lang='grc' dir='ltr'><strong>Π.</strong></span> <span class='ocrx_word' id='word_1_223' title='bbox 829 3062 916 3146; x_wconf 88' lang='grc'><strong>(284,</strong></span> <span class='ocrx_word' id='word_1_224' title='bbox 938 3062 984 3147; x_wconf 90' lang='grc'><strong>9.)</strong></span> <span class='ocrx_word' id='word_1_225' title='bbox 1005 3060 1045 3129; x_wconf 79' lang='grc' dir='ltr'><strong>τὸ</strong></span> <span class='ocrx_word' id='word_1_226' title='bbox 1067 3067 1147 3148; x_wconf 78' lang='grc' dir='ltr'>γοῦν</span> <span class='ocrx_word' id='word_1_227' title='bbox 1169 3063 1237 3143; x_wconf 78' lang='grc' dir='ltr'>ἐξο-</span> 
     </span>
     <span class='ocr_line' id='line_1_28' title="bbox 128 3159 1236 3252; baseline 0 -21"><span class='ocrx_word' id='word_1_228' title='bbox 128 3167 374 3250; x_wconf 72' lang='grc' dir='ltr'><strong>στρακισθῆναι</strong></span> <span class='ocrx_word' id='word_1_229' title='bbox 403 3160 462 3228; x_wconf 81' lang='grc' dir='ltr'><strong>καὶ</strong></span> <span class='ocrx_word' id='word_1_230' title='bbox 490 3159 579 3247; x_wconf 81' lang='grc' dir='ltr'><strong><em>πρός</em></strong></span> <span class='ocrx_word' id='word_1_231' title='bbox 608 3189 661 3250; x_wconf 71' lang='grc' dir='ltr'><strong>γε,</strong></span> <span class='ocrx_word' id='word_1_232' title='bbox 691 3160 722 3232; x_wconf 83' lang='lat' dir='ltr'><strong>ei</strong></span> <span class='ocrx_word' id='word_1_233' title='bbox 746 3161 878 3249; x_wconf 80' lang='grc' dir='ltr'>βούλει,</span> <span class='ocrx_word' id='word_1_234' title='bbox 910 3168 999 3252; x_wconf 75' lang='grc' dir='ltr'><strong>φυγῇ</strong></span> <span class='ocrx_word' id='word_1_235' title='bbox 1030 3164 1236 3252; x_wconf 70' lang='grc' dir='ltr'>ζημιωθῆναι</span> 
     </span>
     <span class='ocr_line' id='line_1_29' title="bbox 128 3260 1236 3352; baseline 0.003 -24"><span class='ocrx_word' id='word_1_236' title='bbox 128 3261 247 3350; x_wconf 78' lang='grc' dir='ltr'><strong>κέρδος</strong></span> <span class='ocrx_word' id='word_1_237' title='bbox 266 3260 441 3351; x_wconf 49' lang='lat' dir='ltr'><strong>(pyrinei.</strong></span> <span class='ocrx_word' id='word_1_238' title='bbox 458 3262 517 3329; x_wconf 89' lang='lat' dir='ltr'><strong>sed</strong></span> <span class='ocrx_word' id='word_1_239' title='bbox 541 3263 688 3351; x_wconf 81' lang='lat' dir='ltr'><strong>proxime</strong></span> <span class='ocrx_word' id='word_1_240' title='bbox 716 3276 794 3352; x_wconf 84' lang='lat' dir='ltr'><strong>post</strong></span> <span class='ocrx_word' id='word_1_241' title='bbox 818 3288 909 3332; x_wconf 91' lang='lat' dir='ltr'><strong>more</strong></span> <span class='ocrx_word' id='word_1_242' title='bbox 935 3278 1091 3332; x_wconf 86' lang='lat' dir='ltr'><strong>consueto</strong></span> <span class='ocrx_word' id='word_1_243' title='bbox 1121 3264 1236 3351; x_wconf 88' lang='lat' dir='ltr'><strong>adjun-</strong></span> 
     </span>
     <span class='ocr_line' id='line_1_30' title="bbox 127 3358 1236 3456; baseline 0.004 -26"><span class='ocrx_word' id='word_1_244' title='bbox 127 3365 215 3452; x_wconf 86' lang='lat' dir='ltr'><strong>gitur</strong></span> <span class='ocrx_word' id='word_1_245' title='bbox 242 3362 340 3431; x_wconf 86' lang='lat' dir='ltr'><strong>verbo</strong></span> <span class='ocrx_word' id='word_1_246' title='bbox 371 3358 388 3429; x_wconf 84' lang='grc' dir='ltr'>ὁ</span> <span class='ocrx_word' id='word_1_247' title='bbox 417 3364 454 3433; x_wconf 78' lang='grc' dir='ltr'><strong>δὲ</strong></span> <span class='ocrx_word' id='word_1_248' title='bbox 478 3362 593 3449; x_wconf 84' lang='grc' dir='ltr'>Κίμων</span> <span class='ocrx_word' id='word_1_249' title='bbox 625 3363 876 3453; x_wconf 68' lang='grc' dir='ltr'><strong><em>ἐξωστρακίσθη</em></strong></span> <span class='ocrx_word' id='word_1_250' title='bbox 905 3367 980 3449; x_wconf 79' lang='grc' dir='ltr'><strong>μὲν,</strong></span> <span class='ocrx_word' id='word_1_251' title='bbox 1014 3369 1102 3456; x_wconf 69' lang='grc' dir='ltr'><strong>φυγῇ</strong></span> <span class='ocrx_word' id='word_1_252' title='bbox 1134 3365 1171 3433; x_wconf 81' lang='grc' dir='ltr'><strong>δὲ</strong></span> <span class='ocrx_word' id='word_1_253' title='bbox 1201 3358 1236 3434; x_wconf 77' lang='grc' dir='ltr'><strong>οὐ</strong></span> 
     </span>
     <span class='ocr_line' id='line_1_31' title="bbox 129 3461 1235 3557; baseline 0.004 -25"><span class='ocrx_word' id='word_1_254' title='bbox 129 3464 406 3557; x_wconf 74' lang='grc' dir='ltr'>οιροςιζημιιάθρ,</span> <span class='ocrx_word' id='word_1_255' title='bbox 428 3488 535 3553; x_wconf 87' lang='lat' dir='ltr'><strong>neque</strong></span> <span class='ocrx_word' id='word_1_256' title='bbox 559 3467 650 3534; x_wconf 84' lang='lat' dir='ltr'><strong>aliter</strong></span> <span class='ocrx_word' id='word_1_257' title='bbox 671 3468 708 3533; x_wconf 89' lang='lat' dir='ltr'><strong>fit</strong></span> <span class='ocrx_word' id='word_1_258' title='bbox 728 3466 763 3533; x_wconf 90' lang='lat' dir='ltr'><strong>in</strong></span> <span class='ocrx_word' id='word_1_259' title='bbox 784 3465 943 3533; x_wconf 87' lang='lat' dir='ltr'><strong>similibus</strong></span> <span class='ocrx_word' id='word_1_260' title='bbox 965 3465 1024 3550; x_wconf 76' lang='grc' dir='ltr'><strong>οὔχ</strong></span> <span class='ocrx_word' id='word_1_261' title='bbox 1045 3464 1141 3546; x_wconf 72' lang='grc' dir='ltr'><strong>ὅπως</strong></span> <span class='ocrx_word' id='word_1_262' title='bbox 1163 3461 1235 3557; x_wconf 77' lang='grc' dir='ltr'><em>ἠδί-</em></span> 
     </span>
     <span class='ocr_line' id='line_1_32' title="bbox 128 3561 1238 3658; baseline 0 -25"><span class='ocrx_word' id='word_1_263' title='bbox 128 3589 243 3657; x_wconf 74' lang='grc' dir='ltr'><strong>κησεν·</strong></span> <span class='ocrx_word' id='word_1_264' title='bbox 267 3561 352 3633; x_wconf 67' lang='lat' dir='ltr'><strong>utut</strong></span> <span class='ocrx_word' id='word_1_265' title='bbox 380 3566 434 3635; x_wconf 82' lang='grc' dir='ltr'><strong>καὶ</strong></span> <span class='ocrx_word' id='word_1_266' title='bbox 460 3569 737 3658; x_wconf 73' lang='grc' dir='ltr'>προςιυεργὲιησε</span> <span class='ocrx_word' id='word_1_267' title='bbox 757 3569 859 3637; x_wconf 92' lang='lat' dir='ltr'><strong>Diod.</strong></span> <span class='ocrx_word' id='word_1_268' title='bbox 881 3567 983 3635; x_wconf 89' lang='lat' dir='ltr'><strong>XIII.</strong></span> <span class='ocrx_word' id='word_1_269' title='bbox 1008 3570 1061 3634; x_wconf 86' lang='grc'><strong>22.</strong></span> <span class='ocrx_word' id='word_1_270' title='bbox 1085 3562 1238 3657; x_wconf 68' lang='grc' dir='ltr'><strong>ἦδίκηταί</strong></span> 
     </span>
     <span class='ocr_line' id='line_1_33' title="bbox 127 3664 1236 3762; baseline -0.001 -28"><span class='ocrx_word' id='word_1_271' title='bbox 127 3693 178 3747; x_wconf 78' lang='grc' dir='ltr'>τις</span> <span class='ocrx_word' id='word_1_272' title='bbox 200 3666 249 3746; x_wconf 83' lang='grc' dir='ltr'><strong>εἷς</strong></span> <span class='ocrx_word' id='word_1_273' title='bbox 269 3668 397 3751; x_wconf 72' lang='grc' dir='ltr'><em>παῖδας</em></span> <span class='ocrx_word' id='word_1_274' title='bbox 423 3664 499 3737; x_wconf 77' lang='lat' dir='ltr'><strong>dtt&#39;</strong></span> <span class='ocrx_word' id='word_1_275' title='bbox 524 3666 596 3754; x_wconf 78' lang='grc' dir='ltr'><strong>οὐχὶ</strong></span> <span class='ocrx_word' id='word_1_276' title='bbox 618 3666 637 3759; x_wconf 78' lang='grc' dir='ltr'><em>ἦ</em></span> <span class='ocrx_word' id='word_1_277' title='bbox 660 3671 736 3762; x_wconf 67' lang='grc' dir='ltr'><strong>γυνὴ</strong></span> <span class='ocrx_word' id='word_1_278' title='bbox 759 3673 1000 3759; x_wconf 77' lang='grc' dir='ltr'>προςηδιίιηται</span> <span class='ocrx_word' id='word_1_279' title='bbox 1022 3670 1148 3737; x_wconf 89' lang='lat' dir='ltr'><strong>Himer.</strong></span> <span class='ocrx_word' id='word_1_280' title='bbox 1168 3667 1236 3737; x_wconf 83' lang='lat' dir='ltr'><strong>Ecl.</strong></span> 
     </span>
     <span class='ocr_line' id='line_1_34' title="bbox 126 3766 1236 3863; baseline 0.005 -29"><span class='ocrx_word' id='word_1_281' title='bbox 126 3768 188 3863; x_wconf 77' lang='lat' dir='ltr'><strong>IV.</strong></span> <span class='ocrx_word' id='word_1_282' title='bbox 211 3770 248 3847; x_wconf 85' lang='lat'><strong>3,</strong></span> <span class='ocrx_word' id='word_1_283' title='bbox 275 3768 325 3832; x_wconf 82' lang='lat'><strong>94.</strong></span> <span class='ocrx_word' id='word_1_284' title='bbox 354 3768 445 3850; x_wconf 75' lang='grc' dir='ltr'>χίλια</span> <span class='ocrx_word' id='word_1_285' title='bbox 470 3766 613 3839; x_wconf 75' lang='grc' dir='ltr'><strong>τάλαντα</strong></span> <span class='ocrx_word' id='word_1_286' title='bbox 641 3766 789 3840; x_wconf 76' lang='grc' dir='ltr'><strong>ἀνάλισκε</strong></span> <span class='ocrx_word' id='word_1_287' title='bbox 816 3772 874 3840; x_wconf 79' lang='grc' dir='ltr'><strong>καὶ</strong></span> <span class='ocrx_word' id='word_1_288' title='bbox 900 3771 947 3841; x_wconf 76' lang='grc' dir='ltr'>ἔτι</span> <span class='ocrx_word' id='word_1_289' title='bbox 974 3770 1086 3839; x_wconf 81' lang='grc' dir='ltr'>πολλὰ</span> <span class='ocrx_word' id='word_1_290' title='bbox 1114 3796 1236 3859; x_wconf 84' lang='grc' dir='ltr'>προςο·</span> 
     </span>
     <span class='ocr_line' id='line_1_35' title="bbox 129 3868 1239 3961; baseline -0.002 -24"><span class='ocrx_word' id='word_1_291' title='bbox 129 3872 238 3959; x_wconf 74' lang='grc' dir='ltr'>φείλει</span> <span class='ocrx_word' id='word_1_292' title='bbox 261 3868 367 3936; x_wconf 85' lang='lat' dir='ltr'><strong>Thuo.</strong></span> <span class='ocrx_word' id='word_1_293' title='bbox 383 3870 461 3937; x_wconf 87' lang='lat' dir='ltr'><strong>VIL</strong></span> <span class='ocrx_word' id='word_1_294' title='bbox 479 3870 531 3936; x_wconf 90' lang='grc'><strong>48.</strong></span> <span class='ocrx_word' id='word_1_295' title='bbox 554 3872 739 3956; x_wconf 90' lang='lat' dir='ltr'><strong>quodcum</strong></span> <span class='ocrx_word' id='word_1_296' title='bbox 759 3874 895 3957; x_wconf 74' lang='grc' dir='ltr'>προςὲτι</span> <span class='ocrx_word' id='word_1_297' title='bbox 919 3873 1109 3942; x_wconf 83' lang='lat' dir='ltr'><strong>commutari</strong></span> <span class='ocrx_word' id='word_1_298' title='bbox 1131 3883 1239 3961; x_wconf 87' lang='lat' dir='ltr'><strong>potest</strong></span> 
     </span>
     <span class='ocr_line' id='line_1_36' title="bbox 129 3970 1238 4061; baseline 0.001 -23"><span class='ocrx_word' id='word_1_299' title='bbox 129 3998 189 4040; x_wconf 89' lang='lat' dir='ltr'><strong>nec</strong></span> <span class='ocrx_word' id='word_1_300' title='bbox 215 3984 323 4039; x_wconf 87' lang='lat' dir='ltr'><strong>tamen</strong></span> <span class='ocrx_word' id='word_1_301' title='bbox 344 3970 420 4038; x_wconf 87' lang='lat' dir='ltr'><strong>ideo</strong></span> <span class='ocrx_word' id='word_1_302' title='bbox 444 3970 552 4037; x_wconf 87' lang='lat' dir='ltr'><strong>divelli</strong></span> <span class='ocrx_word' id='word_1_303' title='bbox 576 3971 683 4040; x_wconf 84' lang='lat' dir='ltr'><strong>debet.</strong></span> <span class='ocrx_word' id='word_1_304' title='bbox 706 4010 747 4022; x_wconf 88' lang='lat'>-</span> <span class='ocrx_word' id='word_1_305' title='bbox 772 3973 930 4039; x_wconf 85' lang='lat' dir='ltr'><strong>Adverbii</strong></span> <span class='ocrx_word' id='word_1_306' title='bbox 954 3975 1057 4043; x_wconf 78' lang='grc' dir='ltr'><strong>ἐνίοτε</strong></span> <span class='ocrx_word' id='word_1_307' title='bbox 1080 3975 1238 4061; x_wconf 83' lang='lat' dir='ltr'><strong>originem</strong></span> 
     </span>
     <span class='ocr_line' id='line_1_37' title="bbox 128 4064 1237 4163; baseline 0.005 -23"><span class='ocrx_word' id='word_1_308' title='bbox 128 4074 436 4163; x_wconf 70' lang='lat' dir='ltr'><strong>1⁴:1›im.11.199‚3.</strong></span> <span class='ocrx_word' id='word_1_309' title='bbox 459 4072 599 4163; x_wconf 87' lang='lat' dir='ltr'><strong>explicat</strong></span> <span class='ocrx_word' id='word_1_310' title='bbox 619 4072 725 4140; x_wconf 88' lang='lat' dir='ltr'><strong>verbis</strong></span> <span class='ocrx_word' id='word_1_311' title='bbox 744 4075 897 4141; x_wconf 87' lang='lat' dir='ltr'><strong>mutilatis</strong></span> <span class='ocrx_word' id='word_1_312' title='bbox 921 4076 1025 4145; x_wconf 77' lang='grc' dir='ltr'>ἐνίοτε</span> <span class='ocrx_word' id='word_1_313' title='bbox 1048 4075 1103 4143; x_wconf 80' lang='grc' dir='ltr'>διά</span> <span class='ocrx_word' id='word_1_314' title='bbox 1125 4064 1237 4145; x_wconf 59' lang='lat' dir='ltr'><strong>soris·</strong></span> 
     </span>
     <span class='ocr_line' id='line_1_38' title="bbox 129 4172 1237 4262; baseline 0.003 -20"><span class='ocrx_word' id='word_1_315' title='bbox 129 4178 233 4262; x_wconf 79' lang='grc' dir='ltr'><strong>ηγάρ</strong></span> <span class='ocrx_word' id='word_1_316' title='bbox 257 4173 327 4246; x_wconf 74' lang='grc' dir='ltr'><strong>άπὸ</strong></span> <span class='ocrx_word' id='word_1_317' title='bbox 351 4180 410 4245; x_wconf 78' lang='grc' dir='ltr'><strong>τοῦ</strong></span> <span class='ocrx_word' id='word_1_318' title='bbox 435 4175 600 4246; x_wconf 78' lang='grc' dir='ltr'><strong>ἐστίνκαὶ</strong></span> <span class='ocrx_word' id='word_1_319' title='bbox 624 4179 682 4243; x_wconf 79' lang='grc' dir='ltr'><strong>τοῦ</strong></span> <span class='ocrx_word' id='word_1_320' title='bbox 707 4172 778 4257; x_wconf 82' lang='grc' dir='ltr'><strong>ὅτε,</strong></span> <span class='ocrx_word' id='word_1_321' title='bbox 806 4178 862 4245; x_wconf 80' lang='grc' dir='ltr'><strong>καὶ</strong></span> <span class='ocrx_word' id='word_1_322' title='bbox 888 4175 987 4247; x_wconf 64' lang='grc' dir='ltr'>ἔνιοι·</span> <span class='ocrx_word' id='word_1_323' title='bbox 1016 4176 1134 4245; x_wconf 85' lang='lat' dir='ltr'><strong>clarius</strong></span> <span class='ocrx_word' id='word_1_324' title='bbox 1162 4200 1237 4245; x_wconf 89' lang='lat' dir='ltr'><strong>vero</strong></span> 
     </span>
     <span class='ocr_line' id='line_1_39' title="bbox 128 4275 1237 4376; baseline 0.006 -33"><span class='ocrx_word' id='word_1_325' title='bbox 128 4275 259 4365; x_wconf 69' lang='lat' dir='ltr'><strong>Ibagm.</strong></span> <span class='ocrx_word' id='word_1_326' title='bbox 280 4278 363 4345; x_wconf 81' lang='lat' dir='ltr'><strong>Lex.</strong></span> <span class='ocrx_word' id='word_1_327' title='bbox 386 4280 564 4345; x_wconf 83' lang='lat' dir='ltr'><strong>Hermann.</strong></span> <span class='ocrx_word' id='word_1_328' title='bbox 588 4302 620 4365; x_wconf 90' lang='lat' dir='ltr'><strong>p.</strong></span> <span class='ocrx_word' id='word_1_329' title='bbox 634 4279 707 4346; x_wconf 87' lang='grc'><strong>331.</strong></span> <span class='ocrx_word' id='word_1_330' title='bbox 725 4303 757 4346; x_wconf 92' lang='lat' dir='ltr'><strong>n.</strong></span> <span class='ocrx_word' id='word_1_331' title='bbox 771 4279 822 4345; x_wconf 86' lang='lat'><strong>80.</strong></span> <span class='ocrx_word' id='word_1_332' title='bbox 845 4275 914 4351; x_wconf 80' lang='grc' dir='ltr'><strong>άπὸ</strong></span> <span class='ocrx_word' id='word_1_333' title='bbox 935 4285 995 4349; x_wconf 77' lang='grc' dir='ltr'><strong>τοῦ</strong></span> <span class='ocrx_word' id='word_1_334' title='bbox 1016 4278 1064 4349; x_wconf 76' lang='grc' dir='ltr'><strong>ἔνι</strong></span> <span class='ocrx_word' id='word_1_335' title='bbox 1086 4276 1160 4350; x_wconf 84' lang='grc' dir='ltr'>άνιὶ</span> <span class='ocrx_word' id='word_1_336' title='bbox 1182 4285 1237 4376; x_wconf 79' lang='grc' dir='ltr'><strong>τοῦ</strong></span> 
     </span>
    </p>
   </div>
   <div class='ocr_carea' id='block_1_4' title="bbox 0 0 1375 4778">
    <p class='ocr_par' dir='ltr' id='par_1_4' title="bbox 0 0 1375 4778">
     <span class='ocr_line' id='line_1_40' title="bbox 0 0 1375 4778; baseline 0 0"><span class='ocrx_word' id='word_1_337' title='bbox 0 0 1375 4778; x_wconf 95' lang='lat' dir='ltr'><strong> </strong></span> 
     </span>
    </p>
   </div>
  </div>
 </body>
</html>
