2736 4778
207 373 230 453 d
548 363 758 437 PATHOL.
780 362 979 434 PROOEM

206 555 330 623 Verum
353 552 435 620 haec
456 551 622 619 nominum
648 552 869 621 technicorum
895 548 1042 615 contusio
1065 570 1164 634 quam
1185 547 1322 614 licenter

205 665 356 743 vagetur,
387 678 453 720 non
480 678 564 721 unus
595 656 655 722 erit
684 654 814 721 dicendi
843 654 945 719 locus.
989 651 1185 721 Universum
1212 662 1321 721 autem

204 781 373 824 numerum
393 757 436 822 ad
455 757 636 823 breviorem
657 778 815 827 summam
835 755 1021 842 redigemus
1043 753 1129 819 arsin
1148 752 1321 839 aphaercsi

206 858 430 943 subjicientes,
464 857 673 945 anadiplosin
705 856 887 945 prosthesi,
924 856 1053 943 ellipsin
1085 865 1118 921 ct
1147 853 1320 942 ecthlipsis

205 961 368 1037 exaeresi,
391 951 637 1046 diplasiasmum
659 960 758 1047 capiti
781 960 822 1027 de
844 959 1044 1046 paremptosi
1066 957 1233 1046 inscripto.

290 1099 315 1180 ξ.
338 1096 369 1160 2.
412 1096 582 1181 Expositis
614 1094 798 1160 nominibus
832 1107 865 1159 et
895 1092 1070 1181 generibus
1101 1092 1318 1170 affectionum,

187 1218 290 1282 ¹quoe
309 1220 328 1260 a
344 1197 571 1264 Grammaticis
593 1198 711 1262 tradita
731 1207 819 1275 sunt,
843 1197 990 1281 sequitur
1004 1195 1152 1280 quaestio
1173 1197 1318 1282 perdiffi-

205 1299 274 1365 cilis
291 1300 372 1385 quid
390 1300 432 1365 sit
454 1298 579 1378 acidos.
622 1301 664 1375 Id
683 1299 802 1366 Graeci
821 1297 953 1385 quidem
970 1298 1060 1362 nullo
1078 1298 1151 1362 loco
1169 1297 1319 1363 distincte

205 1410 237 1465 et
262 1401 435 1486 explanate
461 1401 619 1466 definiunt
645 1401 691 1466 sic
718 1412 755 1465 ut
777 1401 915 1488 intelligi
938 1401 1045 1489 possit
1065 1398 1121 1465 ubi
1145 1401 1243 1465 cardo
1271 1399 1318 1466 rei

202 1513 353 1581 vertatur,
378 1503 437 1568 sed
458 1526 544 1569 nune
565 1502 673 1568 nativo
697 1514 870 1625 opponunt
890 1514 926 1567 nt
947 1501 1146 1589 Apollonius
1169 1501 1210 1566 de
1230 1501 1317 1567 Adv.

202 1603 275 1669 592.
281 1602 427 1701 φυσική
457 1604 545 1672 ἔστιν
572 1604 605 1672 ἐν
631 1608 679 1691 τῷ
706 1601 741 1670 oi
771 1600 863 1686 (cinti
888 1608 950 1670 τσῦ
974 1598 1099 1688 tui)‘
1083 1631 1101 1689 η
1130 1596 1321 1682 ἀπόστασις

203 1709 264 1770 τοῦ
284 1731 302 1771 τ
325 1699 386 1772 cix
408 1705 441 1772 ἕν
463 1703 588 1786 πάθει,
614 1728 703 1770 nunc
724 1706 874 1770 rationali
897 1718 934 1769 ut
955 1703 1207 1771 Choeroboscus
1228 1704 1318 1770 Diet.

204 1806 276 1871 731.
298 1805 336 1874 τὸ
360 1805 478 1889 δέχθαι
507 1807 562 1873 καὶ
588 1806 624 1873 ni
648 1808 797 1895 βλιμιθαι
826 1803 1026 1875 πεπονθότα
1052 1802 1151 1872 εἰσίν·
1173 1805 1210 1870 sd
1239 1801 1319 1873 ‹irci-

202 1908 301 1990 λογοι
323 1902 432 1975 αὐτῶν
453 1909 609 1990 δεδέχθαι
633 1907 689 1973 καὶ
710 1908 914 1994 βεβλῆσθαι,
938 1917 970 1972 ot
990 1906 1249 1991 frequentissime
1271 1911 1319 1993 τῷ

201 2007 333 2086 auctet,
354 2013 401 2096 τῷ
422 2003 594 2096 ὁλοκλήρῳ
615 2009 728 2096 Apoll.
739 2009 826 2073 Adv.
838 2007 911 2074 573.
927 2006 1091 2072 Choerob.
1106 2008 1187 2074 Can.
1202 2009 1272 2084 155,
1287 2010 1317 2074 2.

202 2120 262 2176 etc.
286 2111 348 2175 Illa
366 2109 416 2176 Cl.
429 2110 617 2178 Sacerdotis
636 2112 739 2177 linitio
758 2111 792 2175 in
803 2112 875 2176 Art.
887 2111 915 2174 I.
932 2112 961 2173 1.
979 2133 1012 2197 p.
1025 2109 1077 2173 29.
1095 2111 1319 2190 nretoplusntns

201 2221 245 2276 ert
266 2212 362 2276 dictio
380 2213 472 2276 attter
493 2215 667 2293 composita
685 2233 780 2296 quom
799 2215 882 2278 debet
904 2215 997 2278 metri
1015 2213 1063 2277 cet
1081 2213 1201 2276 decoris
1221 2230 1319 2278 conso

202 2320 235 2375 et
247 2310 422 2377 Diomedis
440 2311 486 2375 II.
499 2312 550 2387 22,
561 2311 636 2375 435.
654 2316 876 2394 metaplasmus
897 2325 940 2377 est
963 2314 1202 2396 transformatio
1222 2333 1317 2396 quoe·

200 2413 274 2478 dom
303 2415 379 2477 recti
407 2414 552 2496 solitique
581 2415 735 2478 sennonis
767 2417 802 2479 in
832 2415 964 2479 atterant
993 2416 1122 2496 speciem
1149 2420 1241 2479 metri
1270 2416 1319 2480 cel

199 2514 321 2579 decoris
348 2531 462 2588 causa,
499 2511 672 2599 dupliciter
699 2525 825 2599 peccat.
876 2514 1022 2579 Primum
1052 2514 1137 2579 enim
1164 2515 1257 2580 met-ri
1285 2526 1318 2581 et

201 2614 328 2680 decoris
359 2615 449 2679 nulla
480 2625 530 2678 est
559 2614 642 2679 ratio
676 2613 710 2678 in
738 2615 905 2681 vocabulis
937 2616 1135 2702 quotidianis
1165 2622 1316 2700 χρυσοῦς,

200 2713 345 2803 πατρός,
375 2713 470 2783 ἔσται
493 2716 635 2794 stadis,
666 2740 750 2802 quae
779 2718 812 2782 in
838 2719 945 2784 soluta
968 2719 1114 2785 oratione
1136 2720 1228 2785 aliter
1251 2720 1315 2786 dici

198 2840 265 2884 non
288 2830 427 2905 possunt
455 2829 489 2884 et
515 2831 624 2885 tamen
651 2819 685 2883 in
708 2842 842 2886 numero
868 2820 1057 2887 affectorum
1078 2820 1253 2898 habentur3
1285 2831 1318 2886 et

198 2919 387 3005 longissime
409 2920 503 2986 abest
524 2944 543 2986 a
564 2920 731 2987 vocabulis
748 2945 833 3007 quac
854 2922 888 2986 in
906 2924 996 2988 nullo
1016 2946 1136 3009 genere
1157 2924 1315 2990 sermonis

198 3022 367 3086 mutationi
386 3021 529 3089 obnoxia
547 3035 623 3090 sunt
640 3035 676 3089 ut
697 3025 899 3109 precipuoque,
917 3022 1098 3107 οἱκιιμμὴς.
1144 3025 1247 3112 Cujus
1268 3027 1316 3091 rei

199 3122 424 3191 observatione
448 3127 560 3193 nititur
588 3127 644 3193 illa
675 3126 838 3191 distinctio
860 3127 970 3214 Epim.
992 3127 1020 3192 Ι.
1045 3129 1095 3192 71.
1125 3124 1315 3213 diripis-rei

198 3231 316 3302 nodos
340 3227 564 3306 πλεονασμός·
589 3231 714 3295 τῶνδὲ
740 3234 865 3295 scatron
893 3230 933 3294 roi
959 3232 1021 3311 μὲν
1048 3223 1210 3353 ἀναγκαῖά
1235 3229 1315 3307 ἐστι,

198 3324 239 3389 τὰ
267 3323 366 3393 δέ“
327 3351 383 3403 on,
412 3317 565 3394 nicanor
570 3323 748 3409 'itioris
735 3328 850 3410 uusrssp
882 3328 996 3395 nurui
1020 3330 1061 3395 τὰ
1089 3326 1170 3396 δὲ
1151 3337 1315 3412 cinyreia

197 3392 254 3492 ded
275 3452 335 3514 την
358 3425 576 3506 σινῑαξινως
603 3428 766 3505 ἔνιαι9α.,
794 3427 857 3493 hoo
880 3428 1013 3495 esdra
1037 3456 1096 3516 την
1119 3431 1315 3498 ασιιιιαιαν

198 3533 258 3595 rori
282 3555 299 3593 v
327 3527 382 3594 καὶ
410 3532 522 3615 scip.
567 3530 676 3615 Hujus
705 3540 813 3595 autem
837 3531 1040 3596 necessitatis
1069 3550 1136 3592 non
1162 3551 1226 3593 una
1253 3558 1315 3601 nec

198 3629 337 3716 simplex
352 3641 402 3695 est
416 3629 509 3696 ratio.
542 3631 774 3709 Mutationum‚
789 3655 870 3717 quos
887 3631 1089 3698 concinnitas
1107 3629 1215 3716 exigit,
1230 3635 1312 3702 aliae

198 3753 273 3797 cum
293 3730 375 3817 ipsis
396 3731 563 3798 vocabulis
583 3747 679 3800 natae
699 3746 782 3811 sunt,
804 3734 994 3815 συμβάλλω,
1017 3730 1136 3818 τριχός,
1157 3735 1313 3816 δέδεγμαι

197 3854 348 3919 -quae
376 3831 468 3897 aliter
496 3835 576 3921 fingi
601 3857 668 3900 non
696 3846 893 3924 potuerunt3
930 3835 1013 3900 aliae
1040 3855 1117 3899 vero
1144 3835 1311 3902 vocabulis

197 4078 318 4126 aetatem
330 4089 386 4126 non
400 4070 516 4127 multum
530 4075 700 4130 antecedens
712 4079 808 4146 κίχλας
821 4069 981 4141 ὑψιπετήεις
992 4075 1058 4131 ath.
1067 4075 1117 4130 IV.
1127 4077 1186 4130 136.
1201 4074 1231 4130 C.
1241 4074 1312 4130 Mei-

198 4156 282 4211 nekio
298 4157 327 4212 in
337 4158 657 4215 Exercinaonneuu.
670 4180 698 4231 p.
707 4163 747 4216 16.
761 4159 917 4234 haecquasi
931 4164 966 4216 ad
980 4172 1073 4220 rectos
1084 4180 1165 4219 casm
1180 4158 1311 4230 iri-tm,

197 4237 245 4311 ἦης
261 4243 426 4310 referenda,
443 4245 509 4301 mihi
525 4245 631 4301 usitatis
643 4249 856 4303 accommodata
871 4248 1007 4316 videntur,
1021 4253 1057 4309 de
1070 4268 1126 4324 qua
1138 4246 1313 4306 diversorum

198 4345 312 4388 cunum
323 4330 513 4408 homophonis
529 4331 619 4390 dicam
634 4333 682 4393 ubi
699 4333 728 4392 in
742 4333 870 4396 ordinem
882 4335 1013 4399 incurret.
