2736 4778
131 348 196 414 DE
218 345 438 415 SYNCOPE
454 343 604 457 ¹UNIUS
626 341 848 411 vocaus.
869 343 910 411 C.
920 344 985 410 111.
1002 347 1028 430 §.
1043 345 1071 408 1.
1095 345 1170 420 275

56 531 232 620 ἀποβολὴν
256 534 317 597 τοῦ
344 527 599 607 διπλασιασμοῦ
622 524 754 604 λέξο-
771 521 792 611 ἢ
816 520 834 590 ὁ
856 525 984 607 μέλλων
1005 528 1088 605 λέξω
1109 553 1170 611 με·

56 632 192 720 τόγεται
226 626 276 707 εἰς
307 628 488 695 ἐνεστῶτα·
519 621 639 693 τούτου
672 616 730 691 οὖν
761 619 800 689 τό
827 623 1068 709 προςτακτικόν
1101 627 1171 696 ἐστι

55 735 164 813 λέξεο,
199 731 257 797 καὶ
292 720 386 812 ι’)’ρσω
419 718 520 812 ἶν’ρσεο
552 720 609 790 καὶ
635 717 721 790 καθ’
754 718 934 810 ὑφαίρεσιν
965 724 1056 803 λέξο,
1089 719 1172 811 douo

55 833 166 920 Epim.
198 831 227 896 I.
255 827 329 894 266.
358 825 528 911 idemque,
559 846 650 903 reor,
681 825 722 891 de
748 823 846 889 tertio
874 822 953 904 δέξο
982 832 1173 891 statuerunt.

58 936 135 998 Hoc
157 931 355 996 anadromae
376 927 530 993 auxilium
550 948 618 992 nou
633 946 872 1012 usquequaque
897 925 1038 1011 repudio
1054 948 1085 990 v.
1107 926 1173 991 Pa·

60 1055 146 1117 rerg.
170 1031 230 1096 sed
250 1030 324 1095 illos
343 1029 550 1116 imperativus
574 1028 703 1095 aoristis
726 1025 838 1106 λέκτο,
861 1025 959 1096 δέκτο
981 1038 1041 1092 eto.
1064 1027 1174 1115 appii.

62 1144 154 1198 catos
186 1152 258 1197 ease
287 1129 385 1195 hodie
417 1129 577 1196 convenit.
630 1129 685 1195 De
715 1127 817 1194 tertiis
846 1127 973 1193 numeri
999 1128 1174 1215 singularis

58 1233 211 1318 personia
232 1231 313 1298 haec
333 1229 490 1318 legimus:
522 1229 562 1297 τό
586 1228 732 1314 ἐξαιρεῖν
754 1229 795 1297 τὰ
817 1228 943 1316 βραχέα
968 1233 1034 1296 τῶν
1059 1225 1172 1296 Ἀττι-

58 1338 125 1399 κῶν
158 1333 230 1401 ε’στι
263 1329 398 1399 λούεται
431 1333 551 1400 λοῦται
583 1330 672 1396 Plut.
704 1330 744 1395 de
774 1330 873 1395 Poes.
902 1330 1003 1396 Hom.
1030 1351 1059 1397 o.
1087 1330 1172 1397 XII.

58 1432 155 1518 παρὰ
190 1434 228 1499 τό
268 1430 353 1498 στὲισ
390 1430 498 1500 στεόω
535 1428 686 1499 moderat
718 1430 804 1499 κατὰ
835 1431 1006 1520 συγκοπὴν
1037 1435 1174 1498 στεῦται

56 1534 166 1619 Epim.
189 1533 217 1599 Ι.
240 1533 314 1599 387.
342 1533 423 1598 ΕΜ.
447 1532 524 1610 726,
544 1534 597 1599 34.
625 1533 678 1598 oui
704 1533 796 1618 quod
820 1534 1037 1598 Buttmannus
1063 1532 1104 1597 T.
1126 1531 1173 1597 Π.

57 1659 90 1722 p.
113 1635 144 1700 6.
166 1634 307 1721 apponit
327 1638 457 1711 σεῖιται,
483 1633 592 1699 differt
615 1656 655 1699 eo
678 1634 769 1720 quod
793 1631 880 1701 σιύοι
900 1633 991 1700 verbi
1005 1633 1110 1700 forma
1124 1634 1174 1699 le·

57 1736 171 1821 gitima
199 1746 265 1813 est,
293 1732 399 1802 στεόω
429 1735 608 1822 incognita.
659 1734 833 1823 Πόριιιται
859 1735 957 1820 rejeoi
982 1734 1018 1800 iu
1046 1733 1174 1802 Tochn.

56 1838 129 1903 201.
192 1838 305 1903 Unum
337 1837 524 1921 hujusmodi
557 1859 739 1903 sermonem
771 1836 997 1921 quotidianum
1028 1837 1173 1903 intravit:

60 1936 171 2003 ἔσεται
191 1939 251 2005 καὶ
272 1936 359 2005 κατὰ
377 1935 549 2025 συγκοπῆν
568 1934 664 2004 ἔσται
683 1938 794 2024 apim.
818 1937 847 2002 I.
866 1938 936 2004 136.
960 1939 1002 2003 de
1024 1960 1090 2021 quo
1102 1940 1173 2003 Eu-

58 2037 198 2103 atathiua
219 2038 291 2116 718,
316 2039 347 2104 3.
381 2035 502 2125 ταύτην
529 2037 590 2124 τὴν
616 2037 786 2126 συγκοπὴν
812 2038 928 2125 καινὴν
954 2037 1120 2122 κρίνουσιν
1141 2035 1176 2105 oi

59 2137 205 2205 παλαιοὶ
226 2138 283 2205 καὶ
302 2134 429 2227 μονήρη
453 2149 486 2203 et
507 2162 541 2224 p.
562 2138 642 2215 655,
665 2138 714 2203 10.
741 2139 901 2206 rationem
930 2138 1023 2203 addit
1046 2139 1089 2205 ab
1115 2160 1176 2208 an·

60 2245 151 2323 eiquo
174 2230 317 2307 leodaioo'
329 2240 499 2305 traditam:
526 2233 690 2307 οὐδέποτε
717 2238 781 2328 γὰρ
811 2238 850 2307 τό
876 2243 990 2327 τρίτον
1009 2245 1070 2308 τοῦ
1091 2240 1173 2327 μέλ-

59 2343 177 2419 λοντος
200 2347 443 2427 χρεωκοπεῖται
472 2338 736 2427 παραλήγεσθαι
763 2337 926 2429 φωνήεντι
957 2338 1041 2419 dou
1067 2338 1176 2410 εἰπεῖν

59 2439 236 2520 καλίσται,
258 2442 420 2509 τελέσσαι.
464 2441 531 2507 Hio
556 2441 657 2528 igitur
679 2441 781 2506 futuri·
803 2447 962 2528 χρῆσται,
993 2465 1060 2526 quo
1086 2444 1175 2508 Her·

59 2564 197 2608 mannus
223 2541 425 2630 Sophoclem
453 2564 548 2607 uuum
575 2552 670 2629 putat
693 2540 780 2609 Oed.
804 2541 940 2609 (1604.
968 2543 1091 2609 nullam
1112 2566 1175 2609 no·

59 2644 163 2707 titiam
190 2641 315 2709 habuit.
368 2643 470 2726 Quod
495 2643 530 2708 in
557 2642 646 2708 exitu
667 2642 763 2729 primi
785 2644 903 2730 capitis
930 2646 971 2711 de
994 2639 1075 2713 ἆλτο
1096 2646 1175 2725 dixi,

58 2746 148 2809 idem
162 2746 250 2811 valet
265 2746 306 2811 de
321 2745 408 2811 aliia:
430 2746 523 2830 γέντο
536 2742 623 2811 κατὰ
638 2744 807 2834 σογκοπὴν
822 2741 895 2814 ἀντὶ
910 2751 969 2815 τοῦ
991 2747 1096 2815 εἵλετο
1119 2749 1176 2816 καὶ

59 2845 134 2914 ἀντὶ
160 2850 219 2914 τοῦ
252 2846 380 2932 ἐγένετο
401 2847 559 2934 Apollon.
581 2847 665 2911 Lex.
693 2841 800 2933 ὤρετο
830 2847 889 2913 καὶ
911 2852 1063 2937 σνγκοπῇ
1088 2842 1175 2935 ὦρτο

56 2949 140 3013 ΕΜ.
163 2947 241 3025 826,
266 2949 316 3014 14.
339 2958 399 3014 eto.
445 2947 530 3014 Cum
550 2946 723 3033 participio
747 2945 883 3035 κερθείς
902 2946 1002 3013 Pind.
1026 2950 1177 3014 convenit

58 3049 237 3116 infinitivus
271 3054 473 3137 στερθῆμεν,
516 3071 613 3133 quem
648 3049 795 3114 Naneiua
827 3047 997 3133 Hesychio
1034 3048 1178 3113 reddidit

58 3174 120 3237 pro
144 3152 338 3236 στερθέμεν.

516 3427 628 3495 CAP.
653 3429 718 3496 111.

472 3570 765 3644 Deiota.

146 3758 172 3839 ξ.
198 3756 226 3819 1.
270 3755 344 3820 Iota
365 3754 399 3818 in
420 3754 526 3840 prima
546 3753 696 3820 vocabuli
717 3765 809 3841 parte
838 3755 985 3821 omittere
1007 3757 1177 3843 proprium

58 3867 111 3923 eat
134 3856 256 3943 pleboji
278 3857 438 3922 sermonis
461 3855 591 3920 vitium:
614 3851 862 3943 ἁμαρτάνουσιν
884 3853 916 3922 οἱ
935 3859 1084 3942 λέγοντες
1101 3863 1178 3923 πεῖν

60 3951 135 4023 ἀντὶ
162 3962 223 4025 τοῦ
251 3961 344 4024 πιεῖν
372 3957 555 4023 Herodian.
585 3955 694 4022 cram.
724 3956 766 4022 Τ.
794 3957 859 4022 111.
889 3958 962 4023 261.
993 3957 1081 4021 unde
1110 3978 1177 4021 non

59 4058 160 4144 louge
183 4057 277 4124 abest
298 4058 489 4125 Buttmanni
511 4059 697 4144 conjectura
712 4057 746 4122 in
763 4058 837 4123 Iud.
860 4060 980 4123 Anom.
999 4056 1178 4143 perfectum

59 4161 208 4226 πέτιωκα
237 4180 278 4225 ex
308 4160 467 4228 πεπίιοκα
497 4160 620 4226 iactum
648 4182 736 4236 esae3
766 4158 824 4223 sod
856 4169 892 4222 ut
913 4157 1014 4222 hoca
1036 4156 1191 4226 themate·

58 4258 137 4326 πόσι
162 4272 330 4347 repetatur
351 4271 473 4348 cogunt
496 4261 628 4327 nomina
649 4258 761 4343 πόμα,
789 4255 905 4337 πόσις,
937 4253 1043 4340 πότος
1064 4272 1096 4326 et
1116 4261 1178 4330 im-

905 4357 966 4425 18*
