2736 4778
279 336 344 400 nn
371 333 663 402 amatunam.
707 333 748 402 ο.
770 336 836 402 n1.
866 340 893 424 ς.
916 340 946 404 1.
1097 341 1181 417 2527¹

56 520 165 609 primit
185 542 285 605 quam
314 513 516 600 κελαρύζειν.
560 517 616 583 Ab
644 519 788 584 omnium
814 541 899 605 quae
930 520 1085 588 haetenus
1114 544 1172 588 ox·

56 622 165 710 posita
198 631 275 685 sunt
311 617 523 684 similitudine
559 619 659 705 longe
694 632 901 687 recesserunt
935 623 992 707 qui
1026 623 1172 689 vocalem

56 733 193 810 quartae
218 745 238 786 a
260 721 325 786 fine
348 720 492 807 syllabae
514 720 549 786 in
571 721 784 819 penultimam
806 734 1004 789 transmeare
1027 734 1175 791 staturmt

54 821 214 913 νεήγατος
235 820 296 887 καὶ
318 816 501 907 ὑπερθέσει
522 826 581 889 τοῦ
603 847 620 890 a
640 819 797 911 νηγάτεος
823 823 902 893 Sch.
926 825 970 891 A.
1000 824 1043 890 ad
1063 824 1103 889 11.
1125 825 1178 904 ΙΙ.-

53 928 109 992 43.
138 925 238 992 XIV.
266 923 338 988 185.
367 923 449 989 ΕΜ.
476 922 556 1001 602,
592 923 643 990 15.
673 925 764 1009 quod
791 921 1011 992 Buttmannus
1038 926 1123 991 Lex.
1145 925 1175 990 Ι.

55 1025 131 1094 205.
155 1025 289 1092 eredere
317 1047 383 1090 non
406 1023 572 1090 dubitavit.
617 1025 687 1093 Sed
710 1025 820 1113 Epim.
842 1027 871 1093 I.
892 1027 945 1094 29.
975 1026 1056 1092 nihil
1086 1027 1177 1092 uliud

56 1151 158 1213 quam
179 1125 307 1214 epsilon
334 1126 531 1214 penultimae
552 1126 735 1192 redundare
756 1128 849 1204 dicia
881 1152 978 1215 quam
1007 1130 1175 1214 conjectu·

57 1252 129 1293 ram
150 1226 271 1293 stabilit
291 1227 461 1293 Hesiodus
483 1249 544 1314 pro
573 1224 681 1316 φατός
705 1250 867 1316 usurpans
893 1224 1033 1318 φατειός
1058 1231 1094 1295 id
1126 1241 1177 1296 est

58 1327 197 1417 φατέος.
239 1328 392 1394 Aoristns
408 1327 627 1414 aPhrynieho
649 1339 780 1394 notatus
801 1325 1020 1417 περιέοοεύσι
1040 1354 1109 1397 non
1131 1331 1175 1398 ab

60 1428 248 1518 hyperthesi
269 1429 435 1518 proiectus
461 1441 511 1495 est
526 1431 585 1496 sed
604 1428 646 1494 ab
667 1429 829 1516 imperitia
851 1453 963 1495 eorum
980 1432 1038 1516 qui
1055 1457 1174 1518 περισ-

59 1531 147 1598 σεύω
170 1532 388 1619 compositum
409 1539 563 1619 putarent
583 1541 620 1595 ut
645 1527 856 1616 περιστείχω.
889 1533 1007 1617 Neque
1028 1531 1093 1598 huo
1114 1534 1174 1598 ad-

55 1633 213 1700 mittimus
243 1632 418 1718 ἐκάμμοοα
447 1643 481 1697 et
506 1628 719 1717 κικάμμοκα,
747 1632 839 1716 quod
860 1633 1059 1718 Apollonius
1081 1634 1175 1720 synt.

56 1737 118 1803 IV.
141 1735 172 1812 7,
193 1735 268 1801 312.
291 1734 399 1819 (323.)
422 1733 528 1798 minus
550 1733 721 1799 commode
751 1755 824 1798 eum
853 1726 1011 1822 ἠιόχλοοτ
1038 1736 1177 1821 aliisque

56 1837 225 1923 augmenti
247 1835 290 1900 ad
312 1835 591 1923 praepositionem
612 1833 757 1899 translati
778 1834 935 1921 exemplis
958 1835 1092 1901 confert.
1134 1835 1178 1901 Id

58 1938 145 2003 enim
167 1948 254 2003 recte
275 1937 471 2002 declinatum
492 1945 583 2001 esta
607 1935 772 2022 praesenti
793 1934 910 2000 vitiose
927 1937 1003 2001 ficto
1021 1933 1175 2018 καμμύιο,

59 2039 147 2104 undo
167 2034 346 2121 καμμῦσοι,
371 2037 622 2121 κεκαμμομέιος
637 2036 718 2100 ΕΜ.
735 2036 787 2112 87,
803 2036 855 2100 31.
872 2032 1039 2120 stipatore
1050 2036 1176 2119 (omiss.

59 2140 95 2205 in
118 2138 233 2224 Thes.)
256 2139 291 2203 in
312 2137 479 2203 Her-metis
502 2136 588 2201 Pim.
611 2157 639 2202 e.
662 2136 690 2201 I.
712 2158 746 2222 p.
769 2136 820 2200 12.
843 2135 894 2201 etl.
916 2136 1044 2202 Rossel.

221 2260 283 2375 3¹

520 2411 632 2478 CAP.
656 2411 721 2476 III.

215 2567 268 2639 De
289 2565 474 2639 metathesi
496 2569 720 2665 τορὺοιιόιιιζι
747 2576 782 2638 et
807 2568 1022 2663 quantitatis.

146 2755 173 2838 ς.
197 2752 227 2817 1.
269 2750 327 2817 Ad
356 2750 445 2815 illam
474 2751 615 2839 pertinet
640 2750 812 2839 Apollonii
843 2759 1054 2839 praeceptum
1083 2751 1179 2837 Synt.

61 2855 89 2919 I.
112 2853 165 2919 25.
186 2875 220 2939 p.
242 2852 295 2917 55.
322 2851 376 2936 (61
399 2851 520 2937 Bekk.)
552 2851 595 2920 τὰ
620 2850 709 2941 ψιλὰ
736 2848 784 2929 εἷς
809 2853 914 2919 δασέα
938 2851 1180 2933 μιτατιθέασιτ

63 2951 97 3023 oi
114 2949 227 3033 Ἴωνες
258 2951 316 3019 καὶ
343 2952 385 3019 τὰ
412 2956 518 3022 δασέα
539 2949 588 3030 εἷς
609 2950 696 3040 ψιλὰ
720 2946 765 3028 ὡς
787 2949 846 3018 ἐπὶ
868 2955 928 3017 τοῦ
948 2946 1057 3037 τάφος
1078 2957 1181 3037 reoq-

62 3047 181 3133 πότες,
205 3052 353 3120 ἐνταῦθα
377 3051 534 3120 ἐνθαῦτα.
567 3050 679 3120 Schol.
701 3050 799 3136 Lips.
823 3049 866 3113 ad
887 3049 926 3114 Il.
949 3049 1011 3117 IV.
1029 3050 1103 3115 243.
1125 3075 1181 3117 τι·

61 3151 216 3241 θηττότες
226 3191 269 3203 —
279 3151 317 3234 ἐξ
336 3143 376 3219 οὗ
393 3149 512 3230 aanor
530 3150 588 3218 καὶ
602 3152 793 3238 assaltum}
808 3152 875 3214 τῶν
888 3147 1063 3232 στοιχείων
1072 3144 1184 3236 τάφος

62 3249 110 3332 ὡς
136 3247 222 3340 παρ’
249 3249 422 3340 Ἡροδότῳ
446 3250 625 3337 praeparas
653 3245 673 3319 ὁ
701 3245 867 3337 βάτραχος
896 3249 954 3316 καὶ
979 3246 1183 3336 μονόχυτρον

60 3351 283 3439 μονόκαθρον.
326 3352 517 3419 Priscianus
537 3351 635 3419 VIII.
660 3351 713 3417 98.
736 3375 770 3438 p.
788 3350 863 3416 430.
887 3350 990 3435 (840.)
1014 3352 1184 3418 translatio

60 3459 96 3539 fit
126 3451 335 3537 aspirationir'
365 3458 519 3538 aprima
545 3456 587 3520 ad
615 3466 811 3537 postremam
843 3454 996 3534 syllabam
1026 3455 1183 3536 quomodo

62 3551 177 3637 aritae
199 3573 259 3637 pro
277 3553 396 3640 χύτρα,
418 3555 567 3622 ἐνθαῦτα
588 3573 648 3637 pro
668 3553 828 3630 ἐνταῦθα,
852 3555 936 3635 quoa
957 3564 1002 3619 est
1026 3556 1182 3632 ιὀοἰταιος

63 3657 105 3721 ad
128 3656 219 3738 cujus
241 3658 449 3723 imitationem
469 3657 579 3722 Latini
601 3653 772 3741 θρίαμβος
799 3656 978 3736 triumphus
997 3674 1056 3737 par
1077 3666 1184 3723 troas-

63 3759 270 3821 mutatr'onem
291 3760 499 3839 aspirationis
519 3757 731 3839 protulerunt.
778 3753 1054 3841 Transponuntur
1084 3756 1187 3842 igitur

61 3865 175 3921 mutae
196 3866 253 3920 aut
276 3849 422 3940 ejusdem
444 3856 569 3922 ordinis
588 3866 645 3920 aut
670 3854 903 3921 antistoechae.
945 3857 1105 3941 Ejusdem
1131 3879 1185 3922 or·

63 3957 151 4023 dinis
195 3956 332 4023 labiales
368 3968 606 4023 commutantur
645 3958 680 4023 in
716 3957 797 4022 deae
829 3958 1026 4043 cognomine
1062 3950 1187 4041 otum

63 4054 239 4145 (Φαττίην)
272 4056 332 4146 τὴν
361 4057 505 4148 Παφίην
533 4061 615 4125 Hes.
644 4059 737 4145 quod
764 4057 862 4144 hujus
891 4057 1021 4144 generis
1052 4054 1187 4122 unicum

63 4170 131 4236 est;
160 4181 237 4224 nam
264 4181 326 4247 pro
354 4151 508 4246 ὅφιπτος
536 4161 652 4229 Soran.
685 4160 726 4226 ds
756 4158 904 4226 Obstetr.
934 4181 967 4246 p.
993 4157 1067 4224 202.
1095 4157 1186 4226 Flor.

63 4259 257 4327 Lobeckius
277 4260 408 4348 scripsit
430 4257 602 4350 ι’ίτιιφθος.
645 4259 803 4328 Dentales
826 4261 860 4325 in
882 4258 1025 4342 θιοτάζιο
1053 4270 1086 4324 et
1107 4258 1198 4331 ἐπα,
