2736 4778
197 324 271 397 ⁴96
544 314 863 386 DISSERTATIO
892 316 955 386 IV.
983 350 987 355 -

198 505 353 571 aoristum
380 497 529 589 ἐτράπην
552 503 595 567 ad
621 501 734 588 τέρπω
760 503 903 570 referunt
928 512 965 568 nt
985 501 1201 590 Apollonium
1230 527 1315 590 τρα-

196 608 336 691 πείομεν
360 607 578 690 τερφθῶμεν·
607 598 739 693 εἴρηται
769 604 807 671 δὲ
836 602 921 671 κατὰ
946 602 1130 687 μετάθεσιν
1156 596 1234 671 ἀντὶ
1254 605 1314 673 τοῦ

197 704 409 791 ταρπείομεν.
458 704 504 769 Et
532 701 595 770 hoc
620 706 720 772 modo
749 705 847 771 etiam
877 705 1022 790 quinque
1051 701 1164 771 aot-icti
1185 703 1315 771 activae

196 809 319 874 formae
341 803 544 891 explicantur
565 806 672 890 δέρκω
693 801 848 889 ἴδαρκον,
877 804 998 893 πέρθω
1025 802 1196 892 ἔπαρθον,
1224 803 1313 892 ὅπερ

197 907 323 996 γίνεται
358 903 440 973 καθ’
480 902 738 992 ὑπερβιβασμὸν
766 904 922 990 ἔδρακον,
956 903 1111 991 ἔπραθον
1144 904 1312 975 Choerob.

198 1009 280 1077 Can.
310 1007 382 1085 625,
413 1007 442 1071 7.
474 997 624 1092 ἥμαρτον
650 1003 708 1071 καὶ
740 999 825 1072 καθ’
856 1000 1110 1092 ὑπερβιβασμδν
1140 1001 1314 1093 ἤμβροτον

196 1111 277 1187 623,
299 1108 351 1174 20.
374 1107 518 1189 δραθεῖν
539 1100 623 1172 καθ’
652 1100 837 1191 ὑπέρθεσιν
860 1102 905 1184 ὡς
926 1106 1049 1192 κραδία
1069 1106 1150 1171 ΕΜ.
1165 1106 1244 1185 285,
1258 1106 1311 1173 54.

197 1205 377 1296 ἇπέπαρδε
397 1242 439 1254 -
460 1202 588 1289 ἔπραδε
611 1205 650 1273 δὲ
677 1204 947 1291 προτεταγμένον
976 1192 1079 1292 voti}
1102 1205 1198 1274 Suid.
1221 1204 1313 1293 quod

199 1309 346 1377 doricum
379 1328 455 1373 εεεε
482 1304 664 1391 colligimus
691 1328 732 1372 cx
758 1306 892 1373 dicterio
919 1304 977 1370 illo
1004 1310 1061 1373 νῦν
1087 1301 1118 1372 τ’
1148 1297 1255 1394 ἦνθες
1277 1305 1313 1386 ές

194 1410 296 1498 χορὸν
316 1412 372 1475 νῦν
393 1401 423 1473 τ>
446 1402 600 1493 ἒπραδες.
633 1406 673 1472 In
691 1408 853 1474 communi
869 1429 1018 1473 sermone
1037 1419 1071 1473 et
1086 1407 1185 1474 attico
1203 1405 1313 1496 ἔπαρ-

198 1515 256 1580 δον
286 1510 418 1587 dicitur‚
449 1508 622 1595 dupliciter
649 1531 725 1575 vero
755 1509 968 1594 κατέδαρθον
994 1517 1026 1574 ct
1047 1506 1261 1595 κατέδραθον
1281 1530 1312 1575 v.

198 1613 242 1678 ad
268 1613 391 1679 Buttm.
422 1611 493 1675 142.
547 1609 603 1675 Ab
631 1607 699 1687 hin,
726 1631 865 1695 quorum
891 1609 985 1695 origo
1012 1609 1096 1674 ultra
1121 1609 1314 1676 memoriam

190 1715 297 1798 jacet,
319 1710 473 1777 differunt
493 1710 624 1796 poetica
644 1709 699 1775 illa
714 1731 735 1773 a
750 1709 905 1796 stirpibus
924 1710 1015 1796 puris
1034 1710 1188 1789 derivata,
1210 1732 1313 1777 unum

198 1817 266 1898 δρῶ
292 1812 377 1879 κατὰ
400 1810 605 1898 παραγωγὴν
626 1809 732 1895 δρέκω
755 1811 813 1876 καὶ
837 1807 872 1876 ἐν
892 1805 1077 1892 ὑπερθέσει
1099 1811 1207 1895 δέρκω
1229 1811 1311 1877 ch.

196 1913 280 1985 490„
304 1911 439 1977 alterum
469 1914 547 1996 πρῶ
581 1906 707 1998 πρὴθω
740 1911 859 1994 πέρθαι
893 1933 923 1975 v.
956 1909 1082 1977 Techn.
1114 1910 1168 1976 63.
1196 1922 1232 1978 et
1258 1911 1312 1978 97.

197 2014 314 2081 horum
336 2013 423 2081 enim
443 2010 556 2078 aoriati
571 2010 735 2076 literarum
755 2010 901 2097 ordinem
917 2034 984 2077 non
1001 2023 1128 2077 mutant
1140 2011 1205 2077 nisi
1221 2013 1313 2099 quod

198 2110 363 2204 εὐδρακής
394 2112 513 2180 dicitur
543 2123 576 2178 et
603 2107 768 2198 εδδαρκής
793 2112 876 2178 Ηεε.
924 2112 1028 2182 Verbi
1049 2113 1184 2201 perfecti
1204 2125 1312 2181 mutn-

197 2218 319 2283 tionem
341 2214 526 2303 approbant
546 2210 716 2300 ἔμβραμσι
738 2223 772 2279 et
785 2213 955 2299 βέβρσμαι
973 2214 1015 2279 ab
1030 2217 1123 2301 Heay
1169 2215 1176 2232 ⁸
1215 2216 1312 2283 allata

198 2339 258 2406 pro
281 2318 461 2404 εἵμαρμαι,
484 2325 517 2380 et
538 2314 721 2400 διέφρασαι
741 2312 835 2398 παρὰ
853 2307 968 2403 Ἰβδκῳ
990 2316 1127 2401 (Schnei
1244 2316 1310 2404 16.)

198 2417 288 2488 ἔστιν
305 2414 479 2506 ἔφθαρσαι
494 2411 552 2480 καὶ
569 2411 656 2479 κατὰ
671 2411 788 2492 πάθος
799 2414 831 2498 ⁸)
852 2410 1002 2502 ἔφσρσαι
1022 2418 1079 2485 καὶ
1099 2441 1144 2484 κα
1204 2419 1318 2507 vnde-

197 2525 297 2586 θεσιν
319 2514 465 2604 ἔφρασαι
486 2513 566 2580 ΕΜ.
589 2513 661 2591 273,
684 2513 735 2578 24.
775 2515 866 2600 Ergo
884 2515 938 2580 ille
957 2538 1057 2601 quum
1074 2528 1208 2585 coactus
1226 2529 1314 2586 eaact

196 2617 286 2683 verbi
307 2614 483 2702 ἔφθαρσαι
506 2615 683 2679 secundam
703 2614 860 2698 syllabam
882 2617 1061 2704 corripere,
1091 2640 1152 2703 pro
1176 2617 1312 2709 ἔφθρα-

198 2742 256 2785 σαι
279 2714 390 2803 posuit
420 2712 586 2801 ἔφρασαι,
616 2716 693 2799 quia
713 2716 825 2781 literae
851 2739 877 2804 φ
898 2723 927 2783 θ
948 2744 967 2804 ρ
991 2741 1059 2784 non
1080 2719 1126 2783 ita
1146 2731 1184 2784 ut
1203 2743 1224 2800 χ
1246 2726 1273 2786 θ
1291 2744 1312 2804 ρ

199 2816 380 2884 consociari
408 2825 562 2901 possunt;
592 2837 768 2882 consonam
794 2818 901 2883 minua
923 2819 1139 2885 necessariam
1160 2818 1221 2885 rho
1244 2818 1311 2885 for-

198 2932 285 2985 tasse
309 2917 468 2983 dimittere
490 2917 596 2984 noluit
617 2917 660 2983 ob
683 2941 756 2986 eam
777 2941 909 2985 causam
930 2943 972 2986 ne
995 2922 1068 3006 quie
1090 2920 1154 2988 hoc
1174 2944 1237 3008 pro
1259 2942 1312 2988 εε-

199 3021 306 3088 cunda
329 3041 471 3107 persona
493 3020 583 3086 verbi
605 3016 785 3104 ε”φθασμαι
808 3020 979 3107 acciperet.
1026 3022 1117 3087 Hinc
1144 3022 1188 3087 ad
1210 3020 1311 3088 decli-

197 3123 361 3190 nationcm
377 3122 545 3187 nominum
568 3121 766 3187 deducimur.
810 3121 957 3186 Primum
981 3123 1118 3187 transitu
1140 3143 1158 3189 e
1180 3144 1261 3187 casu
1278 3121 1313 3187 in

198 3246 310 3290 casum
342 3224 450 3288 literas
480 3224 648 3310 transponi
675 3222 814 3288 credidit
839 3222 949 3309 Epim.
977 3224 1006 3288 Ι.
1034 3223 1113 3301 390,
1143 3224 1193 3288 13.
1221 3222 1312 3290 Gud.

199 3327 257 3404 79,
279 3326 310 3391 4.
330 3325 425 3410 παρὰ
448 3324 486 3390 ad
509 3323 568 3410 ῥῆν
590 3319 609 3411 ἡ
632 3323 740 3410 γενικὴ
763 3321 860 3409 ῥρνός
881 3321 938 3389 καὶ
962 3323 1046 3389 κατὰ
1068 3321 1229 3405 συστολὴν
1250 3327 1311 3410 ῥα·

196 3423 255 3504 νός
281 3424 340 3491 καὶ
366 3422 401 3489 έν
425 3417 665 3510 taracinam)
693 3416 807 3508 ἀρνός,
837 3424 877 3489 de
909 3446 975 3508 quo
1003 3435 1036 3488 et
1061 3424 1103 3489 de
1125 3423 1235 3488 dativo
1256 3420 1312 3488 τέ-

197 3549 295 3612 τρασι
318 3523 402 3590 inira
423 3523 557 3590 dicetur.
600 3523 657 3589 Ad
679 3524 856 3590 motionem
877 3525 1039 3611 pertinent
1054 3523 1263 3610 βαρδύτερος
1280 3532 1314 3588 et

198 3624 390 3710 βάρδιστος.
441 3628 535 3691 Haec
568 3625 653 3691 enim
684 3648 852 3712 nunquam
879 3627 922 3692 ad
950 3647 1021 3692 eam
1048 3625 1184 3691 formam
1205 3622 1313 3689 revol-

197 3736 316 3790 vuntur
344 3747 440 3809 quam
472 3727 683 3793 Grammatici
711 3729 890 3793 naturalem
921 3749 994 3793 ease
1020 3725 1221 3792 constituunt
1252 3722 1313 3790 aed

197 3849 309 3894 versus
331 3824 481 3892 heroicus
502 3829 668 3915 repudiat:
691 3827 787 3911 παρὰ
810 3829 848 3893 τὸ
872 3825 977 3914 βάρος
998 3824 1104 3915 βαρύς
1128 3827 1185 3893 καὶ
1208 3827 1312 3893 πλεο-

198 3931 313 4017 νασμῷ
330 3931 388 3992 τοῦ
406 3914 432 3994 δ
449 3929 575 4015 βαρδιῖς
593 3929 650 3995 καὶ
672 3926 706 3993 ἐν
727 3923 907 4013 ὑπερθέσει
931 3924 1057 4014 βραδύς
1077 3927 1158 3994 ΕΜ.
1171 3925 1245 4005 188,
1258 3926 1312 3991 22.

196 4082 529 4097 ——w-

267 4168 296 4236 8)
303 4164 424 4238 Ὓφισιν
441 4164 534 4220 dicere
552 4158 640 4219 voluit
657 4158 714 4216 aire
732 4161 877 4234 ἐξαίρεσιν,
896 4181 954 4220 non
973 4159 1118 4236 σσγκσπὴν
1136 4173 1167 4222 at
1183 4163 1313 4222 Sturzinu

199 4247 338 4321 opinatur.
