2736 4778
202 314 275 385 ,ις
431 328 466 360 .·
566 301 885 371 nrssnaunmo
919 302 947 367 1.

202 486 370 576 Lycophr.
384 508 446 574 pro
465 481 708 575 ἐπιτάρροθος,
729 483 837 563 πάτος
858 495 892 551 et
912 482 1045 552 σκύνιον
1061 455 1136 550 mc.
1148 507 1208 570 pro
1229 480 1318 556 ἇπό-

200 614 309 668 πατος
340 589 408 655 sive
438 582 617 675 ἂφόιλουμα
650 596 683 651 et
714 582 921 663 incussimus,
956 582 1127 669 πληγάδις
1155 587 1316 674 Apellen.

158 704 162 710 ·
202 683 384 774 ἆσσιίτερος
415 686 565 774 Oppian.
599 696 632 752 et
664 706 748 770 quae
778 685 966 770 Hesychius
1004 685 1143 751 servavit
1168 682 1316 768 Ἆλξιωι

201 786 333 870 τειχέων
360 799 394 855 et
419 785 571 872 Κάρσιος
598 783 759 870 πλάγιος,
790 796 860 848 turn
888 786 923 848 in
950 784 1057 850 verbis
1086 782 1254 868 πλόμινος
1282 798 1316 854 et

198 887 395 971 τιλλόμενος
413 911 444 953 v.
455 886 603 952 Meinek.
616 885 724 950 Annll.
737 884 789 949 97.
813 878 1023 973 ἆρλρλιχᾶσθαι
1040 885 1108 951 sive
1127 880 1315 973 ἆριχᾶυθαι

199 1010 260 1073 pro
283 982 547 1075 ἂναρριχᾶσθαι,
569 986 660 1071 quod
682 985 893 1050 Herodianus
915 985 994 1066 περί
1015 989 1143 1052 παθῶν
1163 1007 1206 1051 ex
1224 985 1312 1072 Hip·

199 1096 339 1173 ponacte
365 1085 502 1173 protulit
527 1086 608 1150 EM.
630 1086 688 1161 99,
710 1086 763 1150 20.
792 1084 931 1171 parique
959 1083 1106 1149 libertate
1137 1087 1311 1174 scriptores

200 1187 316 1252 atticae
336 1185 487 1251 dictionis
504 1185 686 1251 desertores
706 1185 896 1272 compositis
915 1185 1137 1270 praetulerunt
1154 1185 1312 1272 simplicia
1343 1184 1345 1188 ’

199 1281 309 1373 sinapis,
332 1284 412 1373 ἕρᾷι
433 1285 616 1370 (fundere),
638 1288 773 1375 δειλιᾷν,
796 1282 987 1369 (λιδράσκειν
1001 1286 1071 1370 Η),
1094 1282 1223 1353 ἓννιίναι
1243 1288 1311 1354 sive

197 1381 336 1463 ἓννιίειν,
366 1381 528 1469 οίγνιίναι,
557 1380 709 1461 ὀλλύναι,
743 1383 862 1469 quibus
893 1385 1027 1471 adjungi
1059 1398 1199 1472 possunt
1226 1408 1310 1472 qnae

197 1482 416 1551 Grammatici¹
436 1486 498 1550 soli
525 1496 705 1551 memorant
733 1484 807 1551 δεία
830 1505 890 1570 pro
913 1482 1022 1549 ἔνδεια
1046 1496 1080 1551 et
1099 1484 1310 1572 πηλαιισμός

138 1582 144 1597 ’
195 1607 256 1672 pro
273 1582 568 1672 προπηλακισμός.
611 1586 665 1652 De
684 1583 966 1650 indeclinabilibus
983 1583 1047 1650 huc
1064 1586 1201 1651 refertur
1217 1581 1310 1669 ὠμα-

196 1683 262 1763 ιλίς,
285 1685 375 1769 quod
394 1685 628 1770 Theognostus
645 1684 726 1751 Can.
744 1686 815 1763 163,
831 1686 882 1751 23.
895 1686 946 1767 ⁷²)
971 1684 1133 1751 diversum
1154 1708 1174 1751 a
1194 1686 1308 1753 ceteris

195 1785 230 1848 in
247 1771 333 1863 αὐ-ις
362 1784 556 1850 exeuntibus
588 1796 756 1851 accentum
788 1785 908 1850 habere
939 1785 1052 1863 dccet,
1085 1787 1309 1874 rationemque

194 1885 454 1971 qualemcunque
482 1885 591 1951 reddit
611 1888 760 1954 Joannes
780 1886 838 1961 38,
863 1886 915 1951 27.
944 1883 1026 1964 ἴσως
1055 1885 1092 1953 ἐκ
1118 1894 1178 1957 τοῦ
1202 1914 1309 1956 acae-
1340 1892 1345 1903 '

191 1985 294 2071 μαδίς
316 1981 494 2076 ἀφῃρέθη,
523 1986 614 2070 qnod
636 1987 713 2053 alibi
737 2010 804 2053 non
824 1986 945 2072 legitur
971 1987 1031 2052 sed
1051 1989 1151 2053 modo
1175 1983 1309 2072 ὦμαδόο

192 2097 225 2152 et
245 2083 455 2170 κατωμαδόν.
497 2087 627 2153 Eadem
648 2089 755 2174 figure
781 2097 831 2153 est
858 2087 886 2150 si
912 2083 1074 2170 ἔρχεσθαι
1103 2087 1222 2154 dicitnr
1247 2108 1306 2174 pro

193 2180 424 2271 ἀπέρχεσθαι,
454 2197 487 2251 et
509 2187 654 2253 similiter
676 2190 739 2254 alia
762 2187 879 2273 quibus
902 2187 1102 2273 Apollonius
1123 2189 1211 2253 Adv.
1233 2187 1305 2271 613.

194 2283 333 2371 probare
350 2285 460 2350 studet
475 2284 528 2353 ὅτι
546 2285 577 2354 οἳ
595 2289 735 2376 ποιηταὶ
752 2285 959 2374 προθέσεσιν
975 2287 1178 2356 ἐλλείπουσι.
1199 2290 1306 2357 Verae

195 2385 333 2473 ellipsis,
363 2407 462 2469 quarn
487 2407 548 2451 nos
571 2386 772 2471 quaerimus,
799 2389 834 2452 in
855 2387 906 2450 his
930 2387 1080 2454 omnibus
1102 2389 1226 2455 nullum
1246 2410 1303 2453 ex-

193 2487 335 2573 emplum
353 2497 411 2551 cst
455 2486 612 2572 Ejusdem
629 2489 802 2574 Apollonii
823 2488 984 2553 sententia
1001 2489 1063 2553 luit
1082 2489 1183 2576 longe
1201 2489 1303 2555 disse·

191 2587 313 2651 minata
339 2585 505 2652 vocabulis
528 2609 601 2651 cum
623 2581 834 2654 adverbio‘
799 2612 835 2655 ευ
862 2590 1044 2673 conjunctis
1067 2590 1131 2714 hpc
1152 2613 1304 2658 nonnun-

191 2708 289 2771 quam
307 2682 473 2751 detrahi'
453 2687 522 2753 απὸ
542 2692 601 2753 τοῦ
623 2682 792 2776 εὐήνιορη
782 2682 966 2777 (οὖηυορία
990 2691 1045 2758 καί
1064 2686 1225 2813 adqvoqs'u
1248 2691 1306 2758 καὶ

191 2786 341 2876 ἐλλείψει
363 2791 420 2874 τῆς
441 2811 477 2852 ευ
434 2775 727 2874 dtqslo'yyou'
690 2787 831 2912 θηνορέα
853 2814 909 2855 και
903 2785 1125 2870 δόμοις”
1102 2816 1161 2858 ονι
1182 2815 1306 2879 ποιη-

190 2892 306 2954 τοῖσι
328 2885 363 2953 ἐν
384 2883 573 2975 ἐλλείψειέ
575 2887 626 2954 σιί
648 2891 707 2954 τοῦ
728 2880 764 2956 εὖ
786 2889 828 2953 de
846 2890 933 2955 Adv.
951 2891 1024 2956 546.
1048 2894 1139 2979 cujus
1159 2892 1304 2957 rationes

189 2986 394 3075 reprobavi
385 3012 419 3052 ιιι
435 2987 556 3053 Parall.
575 3010 608 3073 p.
622 2986 798 3054 156-166.
817 3011 877 3055 nec
899 3001 1022 3056 eertum
1043 2994 1095 3058 vel
1115 2990 1302 3079 aphaeresis

187 3089 240 3155 vel
267 3089 448 3178 prosthesis
479 3102 705 3175 argumentum
733 3090 868 3177 praebet
855 3091 984 3158 turbis
1006 3094 1155 3180 Libycae
1183 3116 1304 3160 nomen

188 3185 434 3279 Εοοσπιρίς-
391 3189 585 3275 -λὲγειαι
619 3191 674 3258 καί
705 3191 807 3279 χωρίς
838 3197 898 3259 τοῦ
931 3218 967 3261 ev
998 3196 1121 3282 μορίου
1150 3191 1304 3276 Ἑσπερίς

189 3290 306 3377 steph.
336 3291 394 3376 qui
421 3290 543 3375 μορίου
572 3290 704 3355 nomine
735 3314 802 3357 non
833 3294 1025 3378 particulam
1056 3296 1116 3362 sed
1145 3295 1305 3382 syllabam

189 3391 360 3476 significat
404 3391 498 3457 Illam
520 3389 772 3457 Choeroboscus
795 3391 875 3459 Can.
900 3395 971 3474 185,
993 3396 1046 3462 25.
1074 3397 1189 3463 deesse
1210 3407 1305 3483 putat

189 3490 348 3572 adjectivo
378 3485 617 3580 τρόφι-ἀπὸ
647 3495 707 3558 τοῦ
736 3486 878 3580 εἰίτροφι
908 3490 983 3561 κατ’
1017 3491 1211 3582 ἀφαίρεσιν,
1241 3516 1303 3561 nee

188 3597 296 3655 tamen
315 3604 478 3680 repugnat
492 3591 685 3659 Herodiano
704 3615 877 3680 apocopen
894 3595 1058 3673 inferenti,
1083 3595 1125 3661 de
1140 3617 1205 3681 quo
1224 3594 1303 3661 alibi

189 3688 329 3767 dicetur3
351 3688 508 3780 ιίίτροφις
529 3716 692 3780 nusquam
711 3693 846 3778 legitur3
868 3695 969 3760 semel
990 3699 1123 3764 δυνατεῖ
1142 3696 1177 3760 in
1191 3696 1304 3783 Epist.

256 3875 302 3942 77)
320 3867 489 3944 Διιλραιιὸιες
509 3873 619 3948 Eunap.
636 3877 749 3946 Fragm.
770 3872 862 3928 Boius.
880 3875 987 3933 XVIII.
1011 3899 1040 3951 p.
1061 3882 1120 3934 m.
1145 3881 1191 3935 ed.
1215 3880 1299 3935 ffieb.

186 3953 365 4031 ιλιιλρήσιουσι
380 3958 460 4012 Aret.
476 3958 612 4015 Acut.11.
627 3978 650 4015 c.
664 3961 690 4014 3.
701 3961 761 4014 257.
775 3961 827 4013 sed
842 3962 902 4014 cod.
916 3963 1149 4037 διιαδιλρήσκουσι.
1179 3965 1300 4020 Ριοιοαο

187 4043 323 4098 derelicta
340 4051 406 4096 sunt
422 4045 562 4112 αλσιμοῦν,
582 4051 675 4118 ορεῖν,
700 4038 869 4113 aserenam
894 4053 925 4098 nt
946 4047 1035 4103 latina
1056 4059 1160 4115 entare,
1185 4051 1300 4138 cellere,

186 4127 313 4192 fondere,
332 4131 462 4191 candere,
481 4126 594 4194 clinare,
612 4128 727 4198 stigma,
745 4126 840 4191 ritare,
857 4145 986 4198 gregare.

256 4213 301 4279 72)
320 4211 409 4267 Hoc'
402 4230 429 4265 ιιι
447 4211 513 4265 EM.
527 4214 585 4277 806,
599 4214 623 4264 8.
643 4210 847 4267 restituendum
865 4222 908 4267 est
924 4233 975 4288 pro
995 4215 1101 4291 ὀμαιλίς.
