2736 4778
332 358 397 421 DE
423 357 713 423 METATHESI.
757 360 797 423 C.
819 360 865 423 11.
898 363 924 443 ξ.
947 360 977 423 2.
1139 366 1214 437 509

100 544 166 605 elon
188 566 216 606 v.
239 542 291 606 51.
319 542 421 625 χορὸς
444 535 590 607 ‘iodrum
617 566 647 609 v.
672 542 808 610 Jacobs.
831 545 874 606 ad
895 543 998 607 Anth.
1020 544 1094 609 904.
1119 546 1215 633 χοροὶ

101 645 267 729 ,solman
291 644 405 707 dentes
427 642 585 728 primores
607 644 709 710 Arist.
729 646 836 710 Ronn.
854 644 928 710 555.
951 640 1096 729 δ’ρχαοος
1116 642 1214 713 ὀδόν-

99 768 165 809 των
193 742 297 809 Anth.
324 744 390 809 XI.
417 745 490 810 374.
533 744 652 832 Neque
678 758 787 813 tamen
808 745 890 811 haec
912 746 992 811 satia
1013 760 1090 811 sunt
1109 746 1216 815 valida

99 846 142 911 ad
171 844 377 933 probandam
405 846 598 912 metathesin
625 848 715 913 nullo
745 847 810 913 elio
840 846 991 934 exemplo
1024 847 1216 925 stabilitam

99 948 159 1013 sed
188 940 288 1028 δ’ρχος
317 947 427 1034 potius
457 946 499 1013 ab
529 946 703 1034 ἔρχεσθαι,
735 952 832 1015 utin
859 948 971 1017 Schol.
1001 950 1104 1015 Arist.
1126 949 1215 1015 Plut.

101 1049 195 1115 1008.
214 1048 319 1131 (994.)
342 1049 469 1127 dicitur,
492 1050 671 1115 derivatum
691 1050 821 1116 videtur
841 1074 871 1116 v.
884 1050 1010 1117 Techn.
1022 1052 1096 1117 280.
1116 1048 1218 1135 χορδς

97 1174 176 1217 vero
210 1150 261 1215 vel
293 1171 313 1213 a
342 1154 466 1235 μῦρος,
499 1161 535 1215 ut
564 1164 689 1217 veteres
722 1152 848 1231 volunt,
886 1152 937 1217 vel
974 1151 1015 1217 eb
1052 1152 1116 1217 alio
1149 1174 1214 1237 quo

98 1254 215 1339 ignoto
237 1262 355 1336 etymo.

186 1386 310 1469 Quarto
331 1386 405 1451 loco
427 1385 598 1451 referenda
620 1399 694 1451 sunt
714 1386 848 1451 nomina
871 1386 905 1451 in
930 1385 1049 1471 quibus
1068 1408 1215 1452 consona

98 1488 132 1552 in
154 1489 218 1554 fine
240 1486 383 1573 syllabae
405 1487 681 1575 antepenultimae
703 1488 812 1575 posita
834 1488 877 1552 ad
898 1488 995 1552 linem
1016 1488 1214 1575 penultimae

97 1589 261 1675 profertur
283 1587 334 1654 vel
357 1601 486 1654 contre:
518 1586 690 1673 Ζάλμοξις
718 1601 751 1655 et
779 1585 966 1668 Ζάμολξις,
997 1582 1213 1670 Σορμάδοκοι

97 1700 131 1755 et
149 1686 371 1773 Σαμδρδοκοι
393 1714 423 1754 v.
439 1689 608 1777 Aglaoph.
627 1690 719 1755 1327.
743 1712 826 1774 quae
846 1700 953 1754 tomen
973 1688 1213 1775 peregrinitatis

96 1792 170 1877 lege
185 1790 314 1874 judicio
332 1807 459 1857 exemta
478 1803 569 1867 sunt3
592 1792 628 1856 οδ
653 1790 826 1877 καοαλβάς
844 1790 927 1858 ἔνιοι
943 1789 1115 1874 aaronem
1131 1786 1213 1877 γρά-

97 1916 219 1979 φονουΙ
239 1893 333 1956 Eust.
356 1892 428 1972 741,
451 1894 503 1959 32.
526 1894 616 1979 quod
638 1893 873 1959 restituendum
894 1894 1042 1957 Zonarae
1063 1917 1096 1980 p.
1119 1892 1212 1959 1157.

97 1988 270 2075 κασααβάς
298 1992 392 2077 παρὰ
424 1994 460 2059 cd
493 1996 606 2061 καλεῖν
629 1993 684 2060 καὶ
707 2000 828 2075 σοβεῖν.
872 1993 1017 2077 Μάρκας
1043 1992 1213 2075 μακάριος

97 2095 179 2159 Hes.
208 2116 268 2181 pro
300 2092 450 2179 μάκαρα,
484 2094 547 2158 nisi
575 2096 768 2159 mendosum
802 2105 852 2158 est
882 2113 987 2177 aeque
1013 2108 1049 2156 ut
1072 2086 1212 2179 Ἀτάρνη

94 2196 219 2279 βρόχος
250 2216 310 2282 pro
339 2188 463 2285 ἇρτάνρ
491 2196 573 2260 Hes.
602 2215 639 2259 ac
669 2194 846 2279 Κοβαρσοά
873 2194 1002 2281 κεφαλὴ
1035 2190 1213 2279 ἀλέκτορος

96 2296 214 2361 Zonar.
238 2294 331 2361 1206.
354 2294 440 2359 etin
462 2295 550 2361 Edd.
571 2306 648 2359 vett.
667 2293 813 2359 Pollucis
835 2294 877 2359 V.
896 2292 947 2359 96.
979 2294 1145 2360 Testatius
1163 2306 1214 2359 est

96 2396 178 2461 illud
206 2396 247 2462 ab
272 2394 446 2461 Eustathio
481 2396 685 2483 depromtum
718 2396 816 2475 1400,
844 2396 897 2461 30.
931 2398 990 2463 τὸν
1023 2390 1215 2481 δραγμαδόν

96 2492 287 2582 δρυμαγδδν
311 2498 398 2584 λέγει.
420 2498 615 2579 μετατιθεὶς
635 2498 673 2563 τὸ
698 2485 776 2584 {ix
802 2502 862 2584 τῆς
886 2494 1214 2584 οιροπαραληγοῦορς

96 2594 146 2675 εἷς
173 2598 232 2685 τὴν
261 2594 529 2685 παραλήγουσαν.
581 2596 791 2664 Grammatici
822 2597 885 2664 hoc
913 2599 1046 2685 saepius
1074 2596 1215 2662 efferunt

95 2710 129 2765 et
151 2721 212 2786 pro
234 2698 344 2763 nativo
363 2698 544 2763 venditant:
567 2696 757 2784 δρογμαδός
779 2696 872 2784 παροδ
892 2698 929 2766 ὀδ
950 2694 1032 2783 δ’(οος
1050 2702 1108 2766 καὶ
1124 2697 1212 2783 iiua-

96 2801 156 2879 δος
178 2796 290 2867 Schol.
314 2798 382 2866 Od.
408 2798 436 2863 I.
457 2798 527 2863 133.
546 2800 626 2864 ΕΜ.
643 2798 716 2879 632,
733 2802 785 2865 33.
809 2802 947 2867 fortasse
971 2800 1013 2866 ob
1037 2800 1100 2866 hoc
1124 2800 1214 2885 quod

94 2922 226 2987 gamma
246 2900 372 2965 facilius
395 2900 428 2963 in
450 2900 661 2965 commissura
681 2902 849 2966 nominum
870 2902 969 2967 inseri
992 2923 1092 2988 posse
1116 2914 1213 2989 pute-

94 3013 166 3067 rent
208 3024 307 3087 quem
335 3002 370 3066 in
397 3023 477 3066 voce
504 3002 593 3087 ipse;
629 3002 690 3065 sed
720 3002 919 3087 etymologia
939 3002 1003 3065 ista
1030 3012 1063 3066 et
1091 3024 1150 3087 per
1179 3024 1214 3067 se

94 3103 207 3189 inepta
229 3116 279 3168 est
299 3114 330 3169 et
354 3125 487 3169 causum
504 3102 618 3165 remoti
637 3102 671 3163 in
690 3101 835 3165 ult-imam
852 3110 1006 3166 accentus
1022 3123 1088 3166 non
1108 3099 1216 3165 reddit

94 3227 125 3268 v.
142 3203 329 3269 Pronum.
341 3206 373 3289 1)
402 3202 607 3269 Primitivum
628 3201 709 3268 illud
729 3199 828 3267 unico
845 3199 1006 3287 Hesychii
1028 3200 1214 3267 testimonio

92 3298 294 3391 Ὀρογμάδες
315 3294 592 3391 δόραβοιροαιιο
610 3302 785 3389 probatum
808 3326 882 3368 nam
900 3301 991 3387 quod
1009 3300 1120 3391 paullo
1137 3312 1215 3389 post

93 3404 215 3491 legitur
231 3398 440 3491 Ὀρυγμαδδς
465 3404 606 3493 ταραχή,
629 3404 664 3470 id
686 3406 767 3471 ordo
789 3404 952 3469 literarum
973 3404 1117 3470 ostendit
1134 3402 1214 3491 δρο-

93 3501 224 3591 μαγδδς
251 3504 460 3572 scribendum
494 3526 581 3581 esse.
612 3506 766 3591 idemque
793 3504 814 3570 l.
845 3528 872 3571 c.
903 3506 1049 3571 Arcadio
1076 3504 1213 3584 restitui,

95 3605 174 3691 quio
200 3603 254 3672 hic
284 3608 353 3693 agit
381 3606 423 3672 de
451 3606 638 3671 nominibus
664 3608 697 3671 in
725 3596 784 3687 «ἦ
806 3629 872 3672 non
894 3604 984 3693 puris
1009 3602 1214 3693 σμάραγδος,

93 3704 274 3791 μόλυβδος.
324 3706 539 3794 Conuptelae
572 3720 681 3773 autem
712 3708 856 3796 suspicio
886 3708 950 3776 hoc
972 3708 1094 3795 justior
1123 3708 1213 3795 quod

166 3946 195 4010 7)
207 3942 263 3997 Pro
273 3940 395 4004 Ἅλινδός
407 3935 512 4012 δρόμος
523 3940 592 3997 Hes.
606 3942 709 3998 rectius
726 3942 755 3997 in
767 3945 833 3999 EM.
848 3950 889 4003 ot.
901 3950 943 4001 21.
957 3944 1089 4002 scribitur
1100 3936 1214 3999 ἄλοδος

95 4038 126 4081 ut
145 4024 294 4099 τὰρανδος,
310 4024 490 4096 Ἀλάβανδος,
503 4026 635 4097 Ἴοινδος,
656 4015 812 4101 eodemque
832 4037 950 4085 occentu
968 4027 1107 4099 bisyllaba
1119 4024 1214 4087 δίοδος

95 4122 125 4166 et
142 4114 250 4174 Λίνδος
265 4131 291 4166 v.
305 4110 431 4167 Meinek.
445 4112 523 4168 Com.
537 4110 601 4168 Vol.
616 4114 668 4168 lll.
683 4116 739 4167 570.
771 4117 889 4181 Πίνδος,
906 4116 1023 4179 Σίνδος,
1042 4112 1121 4182 quod
1139 4110 1214 4165 idem

96 4200 134 4252 ed
148 4198 246 4270 steph.
260 4218 283 4253 r.
295 4200 323 4252 h.
339 4216 365 4252 v.
384 4216 586 4269 nonnunquam
604 4198 667 4254 arui
685 4201 784 4259 docet.
802 4207 915 4269 praetor
930 4193 1029 4267 Ἰνδός,
1047 4198 1127 4270 quod
1147 4212 1213 4253 con·

94 4284 182 4339 trnric
201 4300 297 4339 errore
317 4291 450 4349 gravatur
469 4302 494 4337 v.
509 4284 630 4339 Siebelia
648 4286 686 4337 ed
700 4284 783 4336 Paua.
801 4282 835 4335 T.
851 4282 887 4335 ll.
907 4300 936 4354 p.
952 4284 1010 4339 tm.
