2736 4778
169 369 235 435 ns
258 365 476 436 srncorn
497 363 644 432 umus
666 361 886 432 roceum.
916 361 955 429 c.
965 361 1030 428 111.
1047 364 1112 448 §.c
1134 369 1206 442 291

89 555 184 620 litera
194 551 358 619 excidisse
367 532 497 614 videtur
508 547 543 611 in
554 545 686 612 nomine
697 545 876 610 hostiarum
888 545 1211 616 circumlomnearum

91 652 260 742 περίστοα.
292 654 384 716 Ante
405 670 583 715 consonam
603 647 672 712 iota
692 646 797 713 omitti
812 647 849 711 in
868 646 947 712 ΕΜ.
964 645 1037 725 665,
1055 649 1107 713 32.
1124 649 1210 715 ufir·

90 767 199 823 matur
217 751 369 839 exemplo
386 751 557 838 perinepto
576 743 646 815 ἀπὸ
669 752 730 815 τοῦ
752 745 930 835 περιφέρειν
950 743 1136 835 περίφορος
1156 749 1214 818 καὶ

93 859 247 943 οογκοπῇ
270 852 328 920 καὶ
357 856 471 940 τροπῇ
490 848 675 935 πέρπορος,
702 848 793 934 quod
822 846 963 912 lortaeee
991 869 1033 912 ne
1061 868 1215 933 graecum

94 956 230 1039 quidem
259 962 318 1018 eet.
365 951 433 1018 Pro
466 947 595 1037 περβοή
621 943 641 1016 ὁ
674 948 838 1033 πόλεμος,
876 948 967 1034 quod
992 947 1215 1017 Schneiderue

97 1055 141 1119 ad
157 1055 303 1120 Demetr.
325 1067 359 1138 p.
382 1051 454 1117 157.
478 1061 510 1116 et
528 1049 717 1117 Boeckhius
746 1049 790 1115 ad
810 1049 910 1116 Pind.
940 1051 996 1115 Fr
1019 1073 1053 1137 p.
1077 1050 1150 1117 631.
1173 1073 1215 1119 ex

96 1155 215 1220 codem
240 1153 391 1230 efferim,
424 1174 476 1217 res
508 1150 583 1238 ipsa
614 1151 759 1236 loquitur
789 1147 852 1239 βοή
885 1149 1094 1218 scribendum
1122 1175 1214 1232 eeae3

96 1257 170 1340 quis
200 1256 286 1321 enim
314 1253 425 1319 credat
453 1251 709 1320 Grammaticum
737 1252 918 1332 hocloco,
947 1253 1004 1319 ubi
1034 1255 1076 1321 de
1104 1265 1213 1342 etymo

93 1356 185 1421 verbi
206 1360 326 1445 βοηθῶ
349 1353 473 1439 agitur,
495 1374 577 1419 voce
598 1375 733 1440 prorsus
754 1354 882 1419 insueta
902 1376 998 1420 ueum
1020 1357 1113 1422 esse?
1133 1357 1212 1424 Ma·

87 1459 165 1540 jore
194 1477 348 1521 successu
376 1454 442 1520 huo
472 1454 659 1519 retulissent
685 1455 882 1542 Περφερέες
914 1478 1033 1521 nomen
1055 1458 1213 1540 juvenum

21 1585 24 1591 ·
94 1550 404 1644 Hyperboreorum,
433 1555 489 1640 qui
512 1554 656 1640 virgines
678 1554 846 1641 spiciferae
864 1555 899 1620 in
919 1555 1091 1623 Graeciam
1112 1560 1212 1625 comi·

96 1659 155 1722 toti
178 1667 263 1723 sunt.
307 1655 510 1741 Hujuemodi
529 1655 722 1742 corruptelis
744 1667 848 1722 scatet
862 1657 1002 1724 Graecia
1024 1657 1212 1727 christiane-2

94 1757 256 1843 περβόλιν
271 1781 332 1845 pro
350 1754 563 1855 neofflo'lror,
582 1754 769 1842 recederitis,
792 1764 977 1841 aequoreis
990 1782 1021 1825 v.
1037 1761 1095 1828 Du
1107 1760 1212 1850 Caug.

94 1858 337 1926 Adserbiorum
362 1859 396 1922 in
423 1883 434 1924 ι
464 1856 651 1921 exeuntium
680 1879 783 1921 unum
813 1855 915 1944 νόσφι
941 1862 1214 1946 compositionem

98 1961 274 2038 detrectat,
302 1959 364 2023 tria
384 1967 626 2044 componuntur
648 1957 781 2042 quidem
802 1956 862 2020 sed
884 1978 959 2022 cum
979 1958 1086 2023 verbis
1109 1961 1215 2027 colum

98 2084 118 2123 a
148 2081 295 2126 consona
328 2057 522 2134 orientibus,
564 2053 757 2141 αὐθιγενής,
795 2049 961 2143 ἠριγενής,
995 2054 1213 2146 ἷφιγέννητος,

96 2161 163 2226 duo
188 2161 286 2227 etiam
307 2168 467 2245 sequente
488 2156 593 2222 vocali
616 2150 838 2244 desidiosos,
859 2154 1058 2244 πρωιανθής
1076 2181 1215 2244 quorum

97 2261 204 2326 neutri
240 2262 396 2338 demitur,
428 2259 490 2323 tria
519 2278 596 2322 vero
624 2255 764 2332 variant,
797 2244 960 2342 dyxovoog
985 2267 1018 2322 et
1046 2252 1213 2345 ἀγχίαλος,

96 2356 271 2450 ὑψερεφής
300 2372 334 2427 et
355 2361 434 2447 (nisi
456 2360 616 2446 scriptura
635 2356 730 2440 fallit)
758 2348 949 2444 ὖψιανέτος,
979 2356 1156 2449 ὀψαρότης
1182 2373 1216 2429 et

97 2455 279 2548 ὀψιανθής.
323 2459 595 2548 Inseparabilium
615 2481 724 2523 unum
751 2456 819 2522 iota
846 2456 964 2521 amittit
985 2471 1141 2544 sequente
1165 2463 1213 2528 al-

96 2572 168 2625 tero
200 2555 385 2648 ἧμίαμβος,
420 2562 486 2627 duo
521 2560 585 2625 alia
611 2559 709 2625 etiam
740 2567 816 2623 ante
849 2579 1043 2638 consonam,
1079 2562 1107 2625 ei
1139 2584 1216 2629 vera

96 2660 253 2726 nunciant
286 2662 514 2729 Grammatici:
554 2655 768 2746 ἆραεδόεσσα
803 2655 823 2746 ἡ
862 2653 946 2744 dyas
978 2660 1096 2749 πεδινη
1130 2664 1215 2734 nord

97 2760 268 2849 συγκοπῆν
295 2760 389 2850 παρὰ
417 2759 454 2828 sd
486 2755 545 2846 ἆρί
570 2755 696 2844 ὁμοίιος
716 2762 764 2846 τῷ
786 2754 925 2846 ἔρθύρις
947 2757 1121 2840 uictimis·
1142 2763 1214 2849 ἔρι’-

95 2869 199 2946 6υρις
219 2861 284 2948 γὰρ
305 2857 326 2950 ἡ
347 2861 476 2946 μεγάλη
497 2858 609 2944 θυρίς·
637 2855 742 2939 οὕτως
757 2853 964 2943 Ἡρωδιανὸς
989 2863 1046 2927 καὶ
1064 2864 1216 2947 Δίδυμος

94 2961 177 3026 ΕΜ.
198 2962 273 3040 148,
296 2963 327 3028 8.
370 2962 425 3029 Ι)α
446 2961 502 3027 illo
526 2960 717 3025 dictumest
737 2958 771 3022 in
791 2959 884 3024 Dies.
907 2960 929 3024 l.
952 2982 980 3026 c.
1003 2963 1083 3029 VH.
1105 2988 1139 3028 n.
1163 2964 1214 3031 18.

95 3062 203 3127 Alteri
225 3062 324 3128 fidem
345 3062 507 3148 derogant
527 3081 709 3145 synonyma
723 3053 918 3144 Ὀροοθύρη
939 3053 958 3145 ἦ
980 3056 1105 3147 μεγάλη
1123 3059 1216 3149 θύρα

98 3174 132 3226 et
152 3157 326 3250 Εἱρεθύρη
348 3155 521 3249 ὀρσοθύρη
544 3156 725 3245 οτροφεύς,
748 3178 814 3242 quo
832 3157 887 3222 ¹ree
909 3157 944 3220 in
965 3158 1128 3224 diversum
1149 3170 1215 3228 tre·

97 3262 200 3338 bitur,
223 3258 363 3348 ἔρθορις
384 3282 459 3328 cum
479 3259 580 3325 verbo
601 3257 710 3325 ciendi
729 3254 797 3344 ἔρον
818 3260 1025 3345 conjunctum
1047 3282 1137 3339 esse,
1163 3262 1217 3331 cui

98 3353 168 3446 ὅρα
192 3352 342 3445 (decrerit,
364 3354 491 3447 ὄρούω)
515 3359 673 3426 successit
693 3380 724 3425 v.
745 3359 867 3427 Parall.
884 3360 957 3427 548.
990 3363 1065 3428 Iota
1081 3363 1217 3450 longum

99 3459 223 3524 aboleri
248 3483 349 3545 quum
378 3484 438 3548 per
459 3484 495 3527 ee
519 3484 636 3548 parum
658 3460 814 3527 credibile
835 3462 893 3538 sit,
920 3472 988 3526 tum
1009 3464 1105 3529 etiam
1126 3454 1216 3534 nullo

98 3560 309 3646 elegantioris
338 3561 452 3628 aetatis
481 3563 666 3629 testimonio
694 3563 917 3629 confirmatum
938 3573 1005 3640 est3
1034 3587 1110 3630 nam
1132 3588 1216 3652 quse

96 3659 177 3724 alibi
200 3661 292 3725 attuli
312 3655 458 3749 ἀνάρτας
475 3686 536 3751 pro
560 3659 733 3752 ἀναρίτης,
756 3662 933 3747 Συβάριος
957 3686 1018 3752 pro
1029 3665 1218 3759 Συβαρίτης

97 3760 200 3827 Proll.
216 3761 290 3828 397.
315 3762 450 3851 Μυρίνη
474 3773 508 3829 et
526 3763 661 3848 Σμύρνα
682 3762 728 3829 ib.
746 3763 820 3829 242.
844 3766 1115 3851 partim'incerta,
1137 3789 1215 3856 par-

99 3861 158 3926 tim
177 3861 321 3947 vulgaris
342 3862 471 3928 dialecti
495 3864 630 3951 propria
654 3873 740 3929 sunt.
779 3857 877 3944 Οὶνος
895 3867 1216 3954 ΦάλερνοςΒὶοαγα.

96 3963 192 4027 Antt.
220 3961 249 4028 Ι.
281 3962 334 4029 66.
362 3963 479 4030 Diosc.
501 3965 583 4032 Mat.
609 3966 652 4033 V.
681 3967 732 4042 11,
760 3963 834 4031 698.
863 3967 906 4031 ad
937 3968 1073 4032 latinum
1093 3988 1217 4032 morem

98 4061 221 4127 factum
248 4072 313 4139 eet3
340 4062 549 4144 Athenaeus,
578 4065 723 4133 Galenus
752 4066 873 4151 aliique
898 4069 1083 4154 Φαλερῖνον
1105 4066 1217 4132 dicunt

98 4162 192 4246 quod
213 4162 322 4229 Aldus
345 4165 449 4230 edidit
470 4167 504 4232 in
519 4167 635 4233 Diosc.
657 4167 678 4231 l.
702 4187 731 4233 c.
752 4176 788 4230 ut
808 4165 911 4231 tribus
932 4167 1007 4254 ipea
1024 4189 1045 4232 a
1058 4167 1216 4238 Romania

98 4273 235 4329 vocatur
255 4263 409 4332 Falerina
428 4289 457 4332 v.
473 4266 667 4335 Wanowski
683 4265 821 4353 Antiqq.
835 4267 973 4336 Graeco.
994 4268 1090 4338 Rom.
1113 4292 1148 4359 p.
1161 4271 1216 4340 47.

942 4369 1006 4436 19*
