2736 4778
184 309 260 384 bld
422 299 446 369 f
534 303 856 372 DISSEBTATIO
883 305 946 372 IV.

182 489 276 576 origo
298 486 514 570 diversatum
542 488 676 556 ελέπω
697 489 784 555 enim
803 488 902 569 λεπίς
924 489 992 554 sive
1014 485 1130 568 λεπίς,
1153 511 1174 552 a
1195 486 1306 578 φλάος

182 603 301 668 autem,
320 588 411 675 quod
431 611 499 653 non
521 589 627 655 solum
648 590 802 658 corticem
822 590 976 658 arborum
996 588 1056 655 sed
1078 589 1175 654 etiam
1193 600 1307 656 cutem

182 692 381 760 animantum
403 689 567 776 significat
587 690 729 777 (Techn.
747 693 855 776 314),
877 690 977 783 φολίς
997 691 1114 758 codem
1134 685 1306 757 intellectu

184 804 217 863 ot
237 791 363 882 φλονίς.
407 791 697 876 Quemadmodum
716 815 793 860 vero
816 793 979 883 primitiva
1002 792 1143 858 interae
1168 814 1304 878 permu-

183 904 290 967 tantur
311 889 418 973 λότιος
438 887 457 959 ὁ
480 892 603 980 φλοιός
615 895 763 961 Erotion.
786 895 834 962 sic
855 893 957 984 φολίς
978 905 1011 960 ει
1032 893 1148 984 φλονίς
1168 892 1212 958 ab
1228 895 1305 960 He·

183 994 297 1084 sychio
316 993 430 1061 cadem
450 1015 532 1060 voce
549 994 647 1075 λιιιίς
663 997 866 1084 explicantur
886 996 921 1061 id
939 1007 990 1062 est
1006 1016 1142 1081 squama
1160 994 1305 1082 piscium

183 1096 405 1184 unguiumque
430 1095 532 1161 Proll.
556 1096 606 1162 19.
629 1097 705 1164 adn.
734 1109 768 1165 et
790 1097 999 1175 Athenaeus,
1030 1118 1132 1183 quum
1157 1095 1305 1183 λοφνίδα

183 1200 252 1268 sive
271 1193 413 1286 λοφνίαν
431 1197 541 1263 vocari
558 1197 638 1263 dicit
657 1197 718 1287 τὴν
740 1196 776 1266 ἐκ
796 1196 918 1289 φλοίοο
939 1193 1111 1280 λαμπάδα,
1133 1197 1305 1263 nominum

183 1297 291 1376 idone
318 1307 352 1362 et
377 1293 484 1385 φλάος
511 1298 706 1384 synonymia
731 1300 791 1396 niti
819 1299 956 1365 videtur.
1008 1297 1155 1366 Verbum
1181 1299 1303 1366 κλοιο-

184 1394 298 1468 creden
319 1398 398 1464 ΕΜ.
410 1397 499 1478 Ι621,
520 1400 574 1466 23.
597 1401 772 1488 dupliciter
792 1401 944 1467 affectum
966 1399 1105 1465 credidit
1126 1398 1154 1465 si
1175 1421 1239 1487 pro
1262 1419 1304 1466 eo

184 1498 276 1586 quod
294 1497 462 1584 vulgatum
484 1510 535 1566 cst
555 1499 764 1571 κλοπιτεάειν
785 1497 1015 1570 κολοπιιεάειν
1034 1495 1222 1623 ὑπερθέσει
1243 1501 1305 1568 τοῦ

184 1587 220 1679 λ,
244 1599 309 1666 hoc
333 1601 445 1724 pptius
472 1602 630 1691 scriptum
650 1603 782 1689 reliquit
809 1592 1065 1671 κλοτοπεύειν’
1045 1600 1118 1667 αντὶ
1137 1604 1198 1668 τοῦ
1223 1601 1306 1666 slo-

184 1697 333 1775 ιιιιεάειν
354 1695 538 1790 ὑπερθέσει
562 1709 624 1772 τοῦ
647 1731 667 1771 τ
690 1730 747 1772 και
739 1698 943 1772 ἀντιθέσει
971 1706 1031 1771 τοῦ
1057 1728 1071 1768 ι
1093 1698 1146 1780 aad
1163 1727 1192 1768 o.
1243 1702 1306 1770 Sic

183 1782 272 1879 defin
292 1799 830 1886 animumanimumum,
854 1799 1121 1884 κλοτοπεάωδέ,
1148 1824 1301 1891 proquo

184 1901 220 1968 iu
245 1902 334 1968 Edd.
360 1912 437 1969 vett.
466 1903 660 1974 κλοποτιάιο
689 1906 742 1972 vel
771 1900 961 1973 κλοπετειίω
992 1904 1124 1992 legitur.
1168 1904 1303 1970 Horum

184 2028 286 2071 unum
301 2003 337 2072 in
353 2027 417 2071 usu
437 2004 598 2094 reperitur
618 2001 841 2085 κλοτοπεύειν,
863 2005 923 2072 sed
944 2004 1040 2099 huius
1056 2028 1191 2093 quoque
1206 2007 1305 2093 origo

185 2106 310 2192 ignota,
332 2104 528 2194 significatio
552 2106 653 2173 dubia
673 2117 734 2174 est.
776 2106 859 2174 Avis
880 2128 1000 2174 nomen
1020 2107 1204 2195 κολλορίων
1223 2109 1306 2174 Ari·

185 2217 261 2272 stol.
280 2208 326 2272 Η.
348 2207 438 2274 Anu.
456 2208 521 2274 1x.
543 2209 596 2274 23.
622 2231 656 2292 ρ.
678 2208 752 2276 617.
781 2209 816 2274 in
844 2207 941 2285 codd.
968 2207 1094 2294 aliquot
1121 2207 1307 2297 κορολλίων

188 2307 338 2373 scribitur
360 2318 393 2375 ct
415 2319 555 2396 utroque
576 2309 675 2376 modo
697 2308 902 2396 Hesychius,
931 2330 1054 2375 cmune
1081 2309 1241 2377 incorum
1262 2331 1306 2376 an

157 2415 158 2418 ’
186 2409 264 2496 quia
275 2409 395 2476 Graeci
415 2410 481 2496 ipsi
502 2410 676 2477 variarunt.
718 2411 901 2478 Paenulam
921 2411 1122 2497 antiquiores
1140 2405 1307 2501 φαινόλην

187 2511 356 2589 dixerunt,
394 2533 478 2596 quac
516 2521 634 2597 postea
663 2506 807 2599 φελόνης
842 2513 1008 2600 appellata
1042 2523 1102 2579 est.
1152 2509 1306 2589 Ῥάδικες

189 2612 308 2698 κυρίως
329 2608 361 2679 oi
384 2616 448 2677 τῶν
469 2609 630 2699 φοινίκων
651 2609 788 2679 κλάδοι·
808 2615 863 2680 νῦν
883 2613 920 2681 δὲ
941 2615 1208 2700 καταχρηστικῶς
1225 2611 1305 2680 Scb.

58 2756 69 2772 .
186 2712 260 2779 Nic.
290 2710 450 2777 Τ1ι.633.
481 2710 539 2776 ubi
572 2711 732 2799 scriptura
762 2714 893 2779 vacillat
927 2713 1060 2800 ράδικες
1089 2723 1120 2779 et
1150 2714 1305 2800 ῥακῖδες·

189 2834 367 2899 eorumque
393 2812 483 2899 prius
508 2813 649 2880 Vossius
673 2814 707 2879 in
727 2815 837 2901 Etym.
862 2838 936 2881 oum
960 2815 1060 2881 latino
1086 2816 1184 2880 rudia
1212 2835 1305 2878 com-

188 2928 298 3005 parat,
332 2916 467 2981 alterum
492 2914 681 3000 Hesychius
709 2925 817 2980 tuetur
835 2914 985 2994 Ῥακίδες
1014 2911 1134 2982 κλάδοι
1167 2924 1307 2980 accentu

186 3018 357 3085 mendoso.
401 3013 543 3102 Στεναγὴ
569 3017 812 3104 πεπυκνωμὲνη
839 3018 922 3082 Hes.
949 3014 1088 3081 librariis
1116 3015 1307 3102 imputatur.

186 3122 220 3187 A
242 3118 404 3208 primitivo
426 3115 581 3201 Σάραδον
604 3141 641 3183 το
670 3120 856 3202 γυναικεῖον
878 3113 1010 3185 αἰδοῖον
1035 3116 1225 3234 hyperthesi
1254 3116 1307 3182 di·

187 3222 340 3287 stinctum
372 3228 422 3284 est
452 3239 647 3304 paragogon
675 3215 858 3305 σαβαρίχη,
894 3218 985 3303 quod
1013 3217 1154 3283 Photius
1187 3219 1308 3284 eodem

185 3323 285 3390 modo
316 3322 547 3406 interpretatur
575 3317 776 3383 Teleclidem
804 3328 919 3384 testem
949 3317 1127 3384 adhibens
1139 3320 1180 3386 cl.
1200 3320 1306 3388 Prou

187 3425 261 3490 287.
303 3423 471 3488 ΜιΙοιιιιιι
502 3418 705 3507 persicorum
735 3441 856 3486 nomen
888 3420 1011 3508 duplex
1042 3432 1093 3487 est
1125 3419 1307 3507 δωράκινα,

189 3526 279 3610 quod
307 3523 472 3609 antiquius
496 3532 644 3609 putatur,
673 3530 706 3586 et
726 3519 886 3609 ῥοδάκινα
908 3546 938 3588 v.
960 3522 1082 3588 Niclas.
1105 3522 1149 3587 ad
1171 3521 1306 3611 Geopp.

188 3650 222 3714 p.
245 3625 317 3689 669.
347 3623 571 3712 Hyperthesin
592 3620 765 3687 metathesi
788 3625 973 3747 ooprdatam
996 3623 1140 3690 ostendit
1162 3626 1306 3711 βρέφος,

189 3727 218 3792 si
250 3726 416 3850 sequimur
446 3736 592 3791 veterum
623 3723 811 3811 opinionem
842 3749 938 3850 παρα
967 3724 1005 3793 τά
1035 3725 1152 3816 φέρβω
1180 3722 1308 3810 γίνεται

183 3829 316 3947 ’φίρβος
332 3826 390 3893 καί
405 3824 492 3892 κατὰ
506 3819 689 3910 μετάθεσιν
704 3827 769 3890 uio
783 3827 955 3908 στοιχείων
968 3828 1096 3915 βρέφος
1106 3825 1187 3892 ΕΜ.
1193 3825 1268 3903 213,
1275 3825 1308 3889 9.

190 3932 283 4017 cujus
306 3951 346 3994 ex
365 3925 525 3993 sententia
544 3925 684 4013 primum
702 3952 737 4014 ερ
757 3926 792 3991 in
808 3950 844 4012 ρε
861 3937 1029 4006 mutatum,
1053 3939 1121 3992 tum
1139 3947 1309 3993 consonae

188 4031 266 4099 beta
287 4040 320 4096 et
342 4027 401 4117 phi
427 4029 580 4115 trajectae
603 4039 688 4095 sunt.
733 4027 802 4096 Sed
826 4028 881 4093 alii
910 4028 972 4095 hoc
1001 4028 1120 4093 rectius
1146 4028 1189 4092 ud
1212 4026 1309 4113 βράω

189 4134 334 4199 referunt
357 4154 388 4197 v.
411 4130 538 4198 Techn.
560 4129 634 4196 275.
677 4129 878 4217 Accepimus
902 4152 979 4196 vero
1008 4131 1073 4195 duo
1100 4128 1234 4196 nomina
1262 4129 1311 4195 ita

190 4244 343 4299 contexta
364 4240 401 4298 ut
425 4232 561 4298 duarum
582 4230 780 4316 syllabarum
807 4231 890 4297 inter
915 4253 952 4297 se
978 4230 1237 4317 contingentium
1259 4229 1310 4296 ul-
