<?xml version="1.0" encoding="UTF-8"?>
<!DOCTYPE html PUBLIC "-//W3C//DTD XHTML 1.0 Transitional//EN"
    "http://www.w3.org/TR/xhtml1/DTD/xhtml1-transitional.dtd">
<html xmlns="http://www.w3.org/1999/xhtml" xml:lang="en" lang="en">
 <head>
  <title>
</title>
<meta http-equiv="Content-Type" content="text/html;charset=utf-8" />
  <meta name='ocr-system' content='tesseract 3.04.00' />
  <meta name='ocr-capabilities' content='ocr_page ocr_carea ocr_par ocr_line ocrx_word'/>
</head>
<body>
  <div class='ocr_page' id='page_1' title='image "./pathologiaegrae00lobegoog_0262.png"; bbox 0 0 2736 4778; ppageno 0'>
   <div class='ocr_carea' id='block_1_1' title="bbox 154 332 975 417">
    <p class='ocr_par' dir='ltr' id='par_1_1' title="bbox 154 332 975 417">
     <span class='ocr_line' id='line_1_1' title="bbox 154 332 975 417; baseline -0.024 0"><span class='ocrx_word' id='word_1_1' title='bbox 154 342 231 417; x_wconf 72' lang='lat'>254</span> <span class='ocrx_word' id='word_1_2' title='bbox 446 333 766 403; x_wconf 84' lang='lat' dir='ltr'><strong>DISSERTATIO</strong></span> <span class='ocrx_word' id='word_1_3' title='bbox 794 333 841 399; x_wconf 91' lang='lat'>11.</span> <span class='ocrx_word' id='word_1_4' title='bbox 884 332 924 398; x_wconf 89' lang='lat' dir='ltr'>P.</span> <span class='ocrx_word' id='word_1_5' title='bbox 946 333 975 397; x_wconf 87' lang='lat' dir='ltr'>I.</span> 
     </span>
    </p>
   </div>
   <div class='ocr_carea' id='block_1_2' title="bbox 155 515 1329 3128">
    <p class='ocr_par' dir='ltr' id='par_1_2' title="bbox 155 515 1329 1011">
     <span class='ocr_line' id='line_1_2' title="bbox 155 515 1269 607; baseline -0.005 -19"><span class='ocrx_word' id='word_1_6' title='bbox 155 523 184 588; x_wconf 91' lang='lat' dir='ltr'>si</span> <span class='ocrx_word' id='word_1_7' title='bbox 208 542 281 586; x_wconf 89' lang='lat' dir='ltr'>eum</span> <span class='ocrx_word' id='word_1_8' title='bbox 305 517 437 583; x_wconf 88' lang='lat' dir='ltr'>nomine</span> <span class='ocrx_word' id='word_1_9' title='bbox 459 519 667 607; x_wconf 85' lang='lat' dir='ltr'><strong>componitur</strong></span> <span class='ocrx_word' id='word_1_10' title='bbox 689 542 709 584; x_wconf 91' lang='lat' dir='ltr'>a</span> <span class='ocrx_word' id='word_1_11' title='bbox 729 520 834 585; x_wconf 82' lang='lat' dir='ltr'>vocali</span> <span class='ocrx_word' id='word_1_12' title='bbox 860 529 949 597; x_wconf 87' lang='lat' dir='ltr'>orto,</span> <span class='ocrx_word' id='word_1_13' title='bbox 970 528 1027 583; x_wconf 90' lang='lat' dir='ltr'>aut</span> <span class='ocrx_word' id='word_1_14' title='bbox 1043 516 1142 605; x_wconf 90' lang='lat' dir='ltr'>alpha</span> <span class='ocrx_word' id='word_1_15' title='bbox 1159 515 1269 603; x_wconf 88' lang='lat' dir='ltr'>abjicit</span> 
     </span>
     <span class='ocr_line' id='line_1_3' title="bbox 155 614 1269 711; baseline -0.004 -24"><span class='ocrx_word' id='word_1_16' title='bbox 155 619 374 711; x_wconf 66' lang='grc' dir='ltr'><strong><em>ἐννεόρμινιος,</em></strong></span> <span class='ocrx_word' id='word_1_17' title='bbox 397 618 568 704; x_wconf 77' lang='grc' dir='ltr'><strong><em>ἐννέωρος,</em></strong></span> <span class='ocrx_word' id='word_1_18' title='bbox 590 633 647 686; x_wconf 90' lang='lat' dir='ltr'>aut</span> <span class='ocrx_word' id='word_1_19' title='bbox 671 621 799 707; x_wconf 88' lang='lat' dir='ltr'>epsilon</span> <span class='ocrx_word' id='word_1_20' title='bbox 816 619 891 685; x_wconf 92' lang='lat' dir='ltr'>huic</span> <span class='ocrx_word' id='word_1_21' title='bbox 908 619 1091 706; x_wconf 85' lang='lat' dir='ltr'>proximum</span> <span class='ocrx_word' id='word_1_22' title='bbox 1108 614 1269 707; x_wconf 56' lang='grc' dir='ltr'><strong><em>ε’νναετνζς,</em></strong></span> 
     </span>
     <span class='ocr_line' id='line_1_4' title="bbox 156 717 1329 811; baseline -0.002 -23"><span class='ocrx_word' id='word_1_23' title='bbox 156 718 358 806; x_wconf 74' lang='grc' dir='ltr'><strong><em>ἕνναειηρίς,</em></strong></span> <span class='ocrx_word' id='word_1_24' title='bbox 392 731 448 784; x_wconf 85' lang='lat' dir='ltr'>aut</span> <span class='ocrx_word' id='word_1_25' title='bbox 477 730 649 807; x_wconf 86' lang='lat' dir='ltr'>utrumque</span> <span class='ocrx_word' id='word_1_26' title='bbox 684 719 826 811; x_wconf 75' lang='grc' dir='ltr'><strong><em>ἐννὴρρς.</em></strong></span> <span class='ocrx_word' id='word_1_27' title='bbox 879 721 1093 787; x_wconf 85' lang='lat' dir='ltr'>Homericum</span> <span class='ocrx_word' id='word_1_28' title='bbox 1126 717 1270 808; x_wconf 71' lang='grc' dir='ltr'><strong><em>ἐννῆμαρ</em></strong></span> <span class='ocrx_word' id='word_1_29' title='bbox 1326 758 1329 763; x_wconf 94' lang='grc'><strong>-</strong></span> 
     </span>
     <span class='ocr_line' id='line_1_5' title="bbox 156 817 1269 910; baseline -0.002 -23"><span class='ocrx_word' id='word_1_30' title='bbox 156 821 208 909; x_wconf 87' lang='lat' dir='ltr'>(ut</span> <span class='ocrx_word' id='word_1_31' title='bbox 235 821 298 887; x_wconf 91' lang='lat' dir='ltr'>hoe</span> <span class='ocrx_word' id='word_1_32' title='bbox 327 821 516 907; x_wconf 82' lang='lat' dir='ltr'>anticipem)</span> <span class='ocrx_word' id='word_1_33' title='bbox 545 823 598 886; x_wconf 87' lang='lat' dir='ltr'>vel</span> <span class='ocrx_word' id='word_1_34' title='bbox 619 845 661 887; x_wconf 85' lang='lat' dir='ltr'>ox</span> <span class='ocrx_word' id='word_1_35' title='bbox 685 817 849 908; x_wconf 77' lang='grc' dir='ltr'><strong><em>ἐννάρμαρ</em></strong></span> <span class='ocrx_word' id='word_1_36' title='bbox 869 823 919 888; x_wconf 81' lang='lat' dir='ltr'>vel</span> <span class='ocrx_word' id='word_1_37' title='bbox 943 846 984 889; x_wconf 84' lang='lat' dir='ltr'>ex</span> <span class='ocrx_word' id='word_1_38' title='bbox 1006 822 1166 910; x_wconf 73' lang='grc' dir='ltr'><strong><em>ἒννέρμαρ</em></strong></span> <span class='ocrx_word' id='word_1_39' title='bbox 1189 842 1269 887; x_wconf 91' lang='lat' dir='ltr'>con-</span> 
     </span>
     <span class='ocr_line' id='line_1_6' title="bbox 156 921 921 1011; baseline 0 -22"><span class='ocrx_word' id='word_1_40' title='bbox 156 934 295 989; x_wconf 85' lang='lat' dir='ltr'>tractum</span> <span class='ocrx_word' id='word_1_41' title='bbox 317 934 349 987; x_wconf 89' lang='lat' dir='ltr'>et</span> <span class='ocrx_word' id='word_1_42' title='bbox 369 921 412 988; x_wconf 92' lang='lat' dir='ltr'>ob</span> <span class='ocrx_word' id='word_1_43' title='bbox 435 921 499 987; x_wconf 92' lang='lat' dir='ltr'>hoe</span> <span class='ocrx_word' id='word_1_44' title='bbox 523 923 778 1011; x_wconf 90' lang='lat' dir='ltr'>perispomenon</span> <span class='ocrx_word' id='word_1_45' title='bbox 800 924 921 1010; x_wconf 59' lang='lat' dir='ltr'>estu).</span> 
     </span>
    </p>

    <p class='ocr_par' dir='ltr' id='par_1_3' title="bbox 157 1023 1276 3128">
     <span class='ocr_line' id='line_1_7' title="bbox 241 1023 1270 1112; baseline -0.003 -24"><span class='ocrx_word' id='word_1_46' title='bbox 241 1028 266 1110; x_wconf 66' lang='grc' dir='ltr'>ξ.</span> <span class='ocrx_word' id='word_1_47' title='bbox 289 1025 320 1088; x_wconf 88' lang='grc'>6.</span> <span class='ocrx_word' id='word_1_48' title='bbox 374 1025 452 1091; x_wconf 86' lang='lat' dir='ltr'>Jam</span> <span class='ocrx_word' id='word_1_49' title='bbox 486 1025 529 1088; x_wconf 86' lang='lat' dir='ltr'>ad</span> <span class='ocrx_word' id='word_1_50' title='bbox 562 1036 672 1112; x_wconf 89' lang='lat' dir='ltr'>partes</span> <span class='ocrx_word' id='word_1_51' title='bbox 700 1023 832 1089; x_wconf 78' lang='lat' dir='ltr'>veniunt</span> <span class='ocrx_word' id='word_1_52' title='bbox 863 1025 918 1110; x_wconf 90' lang='lat' dir='ltr'>qui</span> <span class='ocrx_word' id='word_1_53' title='bbox 948 1024 989 1090; x_wconf 89' lang='lat' dir='ltr'>de</span> <span class='ocrx_word' id='word_1_54' title='bbox 1017 1024 1117 1089; x_wconf 84' lang='lat' dir='ltr'>altero</span> <span class='ocrx_word' id='word_1_55' title='bbox 1149 1042 1270 1108; x_wconf 81' lang='lat' dir='ltr'>genere</span> 
     </span>
     <span class='ocr_line' id='line_1_8' title="bbox 157 1113 1271 1208; baseline -0.002 -17"><span class='ocrx_word' id='word_1_56' title='bbox 157 1126 429 1192; x_wconf 76' lang='lat' dir='ltr'>sermocinantur:</span> <span class='ocrx_word' id='word_1_57' title='bbox 461 1123 501 1191; x_wconf 79' lang='grc' dir='ltr'>κὰ</span> <span class='ocrx_word' id='word_1_58' title='bbox 526 1121 575 1202; x_wconf 78' lang='grc' dir='ltr'>εἷς</span> <span class='ocrx_word' id='word_1_59' title='bbox 601 1113 645 1204; x_wconf 58' lang='lat' dir='ltr'>a}</span> <span class='ocrx_word' id='word_1_60' title='bbox 669 1121 896 1208; x_wconf 76' lang='grc' dir='ltr'><strong><em>ἷσοσολλάβως</em></strong></span> <span class='ocrx_word' id='word_1_61' title='bbox 923 1122 1098 1208; x_wconf 79' lang='grc' dir='ltr'><strong><em>κλινόμενα</em></strong></span> <span class='ocrx_word' id='word_1_62' title='bbox 1126 1122 1182 1189; x_wconf 74' lang='grc' dir='ltr'>διὰ</span> <span class='ocrx_word' id='word_1_63' title='bbox 1212 1123 1271 1189; x_wconf 75' lang='grc' dir='ltr'>τοῦ</span> 
     </span>
     <span class='ocr_line' id='line_1_9' title="bbox 157 1213 1271 1316; baseline -0.004 -23"><span class='ocrx_word' id='word_1_64' title='bbox 157 1213 244 1316; x_wconf 54' lang='lat' dir='ltr'>edd}</span> <span class='ocrx_word' id='word_1_65' title='bbox 268 1229 407 1292; x_wconf 80' lang='grc' dir='ltr'><strong><em>ποιοῦσι</em></strong></span> <span class='ocrx_word' id='word_1_66' title='bbox 436 1223 474 1292; x_wconf 83' lang='grc' dir='ltr'>τὸ</span> <span class='ocrx_word' id='word_1_67' title='bbox 504 1222 774 1309; x_wconf 75' lang='grc' dir='ltr'><strong><em>πατρωνυμικόν,</em></strong></span> <span class='ocrx_word' id='word_1_68' title='bbox 806 1226 935 1312; x_wconf 78' lang='grc' dir='ltr'><strong><em>Βορέας</em></strong></span> <span class='ocrx_word' id='word_1_69' title='bbox 963 1219 1150 1313; x_wconf 61' lang='grc' dir='ltr'><strong><em>Βορεάδας,</em></strong></span> <span class='ocrx_word' id='word_1_70' title='bbox 1182 1224 1271 1301; x_wconf 61' lang='lat' dir='ltr'>diac</span> 
     </span>
     <span class='ocr_line' id='line_1_10' title="bbox 157 1319 1268 1415; baseline -0.003 -23"><span class='ocrx_word' id='word_1_71' title='bbox 157 1321 304 1415; x_wconf 78' lang='grc' dir='ltr'><strong><em>Κεᾶδρς,</em></strong></span> <span class='ocrx_word' id='word_1_72' title='bbox 323 1320 513 1412; x_wconf 77' lang='grc' dir='ltr'><strong><em>Πολεάδρς,</em></strong></span> <span class='ocrx_word' id='word_1_73' title='bbox 532 1323 713 1412; x_wconf 78' lang='grc' dir='ltr'><strong><em>Δημεάδρς</em></strong></span> <span class='ocrx_word' id='word_1_74' title='bbox 731 1326 786 1392; x_wconf 81' lang='grc' dir='ltr'><strong><em>καὶ</em></strong></span> <span class='ocrx_word' id='word_1_75' title='bbox 809 1325 893 1393; x_wconf 79' lang='grc' dir='ltr'><strong><em>κατὰ</em></strong></span> <span class='ocrx_word' id='word_1_76' title='bbox 914 1325 1085 1412; x_wconf 66' lang='grc' dir='ltr'><strong><em>συμκοπῇν</em></strong></span> <span class='ocrx_word' id='word_1_77' title='bbox 1098 1319 1268 1407; x_wconf 73' lang='grc' dir='ltr'>Πυλάδης,</span> 
     </span>
     <span class='ocr_line' id='line_1_11' title="bbox 157 1422 1272 1513; baseline -0.004 -21"><span class='ocrx_word' id='word_1_78' title='bbox 157 1424 321 1513; x_wconf 72' lang='grc' dir='ltr'>Δημάδης</span> <span class='ocrx_word' id='word_1_79' title='bbox 341 1425 421 1490; x_wconf 88' lang='grc' dir='ltr'>ΕΜ.</span> <span class='ocrx_word' id='word_1_80' title='bbox 443 1425 517 1502; x_wconf 79' lang='lat'>210,</span> <span class='ocrx_word' id='word_1_81' title='bbox 541 1424 590 1490; x_wconf 90' lang='grc'>16.</span> <span class='ocrx_word' id='word_1_82' title='bbox 636 1426 704 1494; x_wconf 88' lang='lat' dir='ltr'>Sed</span> <span class='ocrx_word' id='word_1_83' title='bbox 726 1424 888 1512; x_wconf 66' lang='grc' dir='ltr'><strong><em>Πυλάδης</em></strong></span> <span class='ocrx_word' id='word_1_84' title='bbox 909 1449 928 1489; x_wconf 89' lang='lat' dir='ltr'>a</span> <span class='ocrx_word' id='word_1_85' title='bbox 953 1422 1069 1511; x_wconf 75' lang='grc' dir='ltr'><strong><em>Πύλρς</em></strong></span> <span class='ocrx_word' id='word_1_86' title='bbox 1092 1424 1272 1490; x_wconf 88' lang='lat' dir='ltr'>derivatum</span> 
     </span>
     <span class='ocr_line' id='line_1_12' title="bbox 159 1522 1271 1615; baseline -0.006 -22"><span class='ocrx_word' id='word_1_87' title='bbox 159 1538 267 1593; x_wconf 87' lang='lat' dir='ltr'>estut</span> <span class='ocrx_word' id='word_1_88' title='bbox 289 1524 448 1615; x_wconf 79' lang='grc' dir='ltr'><strong><em>Κομάδρς</em></strong></span> <span class='ocrx_word' id='word_1_89' title='bbox 474 1551 493 1591; x_wconf 94' lang='lat' dir='ltr'>a</span> <span class='ocrx_word' id='word_1_90' title='bbox 516 1523 631 1612; x_wconf 75' lang='grc' dir='ltr'><strong><em>Κορης</em></strong></span> <span class='ocrx_word' id='word_1_91' title='bbox 657 1539 717 1592; x_wconf 90' lang='lat' dir='ltr'>etc.</span> <span class='ocrx_word' id='word_1_92' title='bbox 760 1528 931 1595; x_wconf 88' lang='lat' dir='ltr'>Demadae</span> <span class='ocrx_word' id='word_1_93' title='bbox 959 1537 1065 1590; x_wconf 90' lang='lat' dir='ltr'>autem</span> <span class='ocrx_word' id='word_1_94' title='bbox 1093 1547 1214 1590; x_wconf 90' lang='lat' dir='ltr'>nomen</span> <span class='ocrx_word' id='word_1_95' title='bbox 1243 1522 1271 1587; x_wconf 91' lang='lat' dir='ltr'>si</span> 
     </span>
     <span class='ocr_line' id='line_1_13' title="bbox 159 1626 1270 1717; baseline -0.002 -24"><span class='ocrx_word' id='word_1_96' title='bbox 159 1628 257 1717; x_wconf 84' lang='lat' dir='ltr'>alpha</span> <span class='ocrx_word' id='word_1_97' title='bbox 278 1628 414 1714; x_wconf 88' lang='lat' dir='ltr'>longum</span> <span class='ocrx_word' id='word_1_98' title='bbox 434 1628 534 1693; x_wconf 88' lang='lat' dir='ltr'>habet</span> <span class='ocrx_word' id='word_1_99' title='bbox 557 1640 593 1694; x_wconf 91' lang='lat' dir='ltr'>ut</span> <span class='ocrx_word' id='word_1_100' title='bbox 613 1629 802 1694; x_wconf 86' lang='lat' dir='ltr'>Priscianus</span> <span class='ocrx_word' id='word_1_101' title='bbox 826 1629 871 1692; x_wconf 89' lang='lat' dir='ltr'>ait</span> <span class='ocrx_word' id='word_1_102' title='bbox 891 1651 923 1692; x_wconf 89' lang='lat' dir='ltr'>v.</span> <span class='ocrx_word' id='word_1_103' title='bbox 936 1626 1054 1692; x_wconf 88' lang='lat' dir='ltr'>Parall.</span> <span class='ocrx_word' id='word_1_104' title='bbox 1079 1650 1112 1712; x_wconf 89' lang='lat' dir='ltr'>p.</span> <span class='ocrx_word' id='word_1_105' title='bbox 1133 1626 1164 1691; x_wconf 87' lang='lat'>4.</span> <span class='ocrx_word' id='word_1_106' title='bbox 1191 1644 1270 1691; x_wconf 80' lang='lat' dir='ltr'>con·</span> 
     </span>
     <span class='ocr_line' id='line_1_14' title="bbox 159 1723 1269 1818; baseline 0.001 -25"><span class='ocrx_word' id='word_1_107' title='bbox 159 1740 296 1794; x_wconf 83' lang='lat' dir='ltr'>tractum</span> <span class='ocrx_word' id='word_1_108' title='bbox 319 1742 386 1794; x_wconf 83' lang='lat' dir='ltr'>est:</span> <span class='ocrx_word' id='word_1_109' title='bbox 416 1723 484 1795; x_wconf 75' lang='grc' dir='ltr'>ἀπὸ</span> <span class='ocrx_word' id='word_1_110' title='bbox 510 1735 570 1796; x_wconf 73' lang='grc' dir='ltr'>τοῦ</span> <span class='ocrx_word' id='word_1_111' title='bbox 591 1730 729 1816; x_wconf 71' lang='grc' dir='ltr'><strong><em>Δημέας</em></strong></span> <span class='ocrx_word' id='word_1_112' title='bbox 754 1727 935 1818; x_wconf 65' lang='grc' dir='ltr'><strong><em>Δρμεάὸρς</em></strong></span> <span class='ocrx_word' id='word_1_113' title='bbox 956 1728 1015 1794; x_wconf 85' lang='grc' dir='ltr'><strong><em>καὶ</em></strong></span> <span class='ocrx_word' id='word_1_114' title='bbox 1042 1727 1129 1794; x_wconf 84' lang='grc' dir='ltr'><strong><em>κατὰ</em></strong></span> <span class='ocrx_word' id='word_1_115' title='bbox 1154 1727 1269 1794; x_wconf 81' lang='grc' dir='ltr'><strong><em>συναί-</em></strong></span> 
     </span>
     <span class='ocr_line' id='line_1_15' title="bbox 159 1818 1272 1919; baseline -0.005 -23"><span class='ocrx_word' id='word_1_116' title='bbox 159 1854 252 1913; x_wconf 84' lang='grc' dir='ltr'><strong><em>ρεοιν</em></strong></span> <span class='ocrx_word' id='word_1_117' title='bbox 271 1826 456 1915; x_wconf 69' lang='grc' dir='ltr'><strong><em>Δρμάδρςζ</em></strong></span> <span class='ocrx_word' id='word_1_118' title='bbox 474 1829 532 1895; x_wconf 86' lang='grc' dir='ltr'><strong><em>καὶ</em></strong></span> <span class='ocrx_word' id='word_1_119' title='bbox 555 1823 698 1918; x_wconf 65' lang='grc' dir='ltr'><strong><em>ὤφειλεν</em></strong></span> <span class='ocrx_word' id='word_1_120' title='bbox 720 1826 769 1909; x_wconf 80' lang='grc' dir='ltr'>εἷς</span> <span class='ocrx_word' id='word_1_121' title='bbox 792 1828 827 1896; x_wconf 76' lang='lat' dir='ltr'>ui</span> <span class='ocrx_word' id='word_1_122' title='bbox 846 1818 872 1919; x_wconf 62' lang='grc' dir='ltr'><strong><em>ᾗ</em></strong></span> <span class='ocrx_word' id='word_1_123' title='bbox 892 1832 1048 1914; x_wconf 69' lang='grc' dir='ltr'><strong><em>γενέσθαι</em></strong></span> <span class='ocrx_word' id='word_1_124' title='bbox 1071 1828 1131 1915; x_wconf 72' lang='grc' dir='ltr'><strong><em>τὴν</em></strong></span> <span class='ocrx_word' id='word_1_125' title='bbox 1155 1831 1272 1913; x_wconf 79' lang='grc' dir='ltr'><strong><em>κρᾶσιν</em></strong></span> 
     </span>
     <span class='ocr_line' id='line_1_16' title="bbox 160 1923 1271 2017; baseline -0.003 -22"><span class='ocrx_word' id='word_1_126' title='bbox 160 1923 246 1995; x_wconf 80' lang='grc' dir='ltr'>ἆλλὰ</span> <span class='ocrx_word' id='word_1_127' title='bbox 270 1929 326 1995; x_wconf 82' lang='grc' dir='ltr'>διὰ</span> <span class='ocrx_word' id='word_1_128' title='bbox 353 1928 412 1995; x_wconf 79' lang='grc' dir='ltr'><strong><em>τὸν</em></strong></span> <span class='ocrx_word' id='word_1_129' title='bbox 431 1935 626 2017; x_wconf 77' lang='grc' dir='ltr'><strong><em>χαρακτῆρα</em></strong></span> <span class='ocrx_word' id='word_1_130' title='bbox 652 1929 779 2017; x_wconf 68' lang='grc' dir='ltr'><strong><em>ἐγένετο</em></strong></span> <span class='ocrx_word' id='word_1_131' title='bbox 801 1932 881 1996; x_wconf 86' lang='grc' dir='ltr'>ΕΜ.</span> <span class='ocrx_word' id='word_1_132' title='bbox 906 1930 984 2008; x_wconf 76' lang='lat'>265,</span> <span class='ocrx_word' id='word_1_133' title='bbox 1010 1930 1059 1993; x_wconf 79' lang='lat'>12.</span> <span class='ocrx_word' id='word_1_134' title='bbox 1088 1929 1139 2013; x_wconf 80' lang='lat' dir='ltr'>vel</span> <span class='ocrx_word' id='word_1_135' title='bbox 1161 1927 1271 2014; x_wconf 81' lang='lat' dir='ltr'>petius</span> 
     </span>
     <span class='ocr_line' id='line_1_17' title="bbox 160 2028 1271 2118; baseline -0.003 -23"><span class='ocrx_word' id='word_1_136' title='bbox 160 2028 203 2095; x_wconf 89' lang='lat' dir='ltr'>ad</span> <span class='ocrx_word' id='word_1_137' title='bbox 224 2031 409 2117; x_wconf 86' lang='lat' dir='ltr'>exemplum</span> <span class='ocrx_word' id='word_1_138' title='bbox 430 2031 584 2118; x_wconf 80' lang='lat' dir='ltr'>primitivi</span> <span class='ocrx_word' id='word_1_139' title='bbox 609 2035 746 2118; x_wconf 74' lang='grc' dir='ltr'><strong><em>,Ιρμέας</em></strong></span> <span class='ocrx_word' id='word_1_140' title='bbox 766 2036 958 2118; x_wconf 56' lang='grc' dir='ltr'>Δρμᾶςέλ).</span> <span class='ocrx_word' id='word_1_141' title='bbox 1004 2031 1089 2098; x_wconf 84' lang='lat' dir='ltr'>Sunt.</span> <span class='ocrx_word' id='word_1_142' title='bbox 1109 2052 1186 2095; x_wconf 81' lang='lat' dir='ltr'>vero</span> <span class='ocrx_word' id='word_1_143' title='bbox 1209 2028 1271 2093; x_wconf 87' lang='lat' dir='ltr'>alia</span> 
     </span>
     <span class='ocr_line' id='line_1_18' title="bbox 160 2131 1271 2219; baseline 0.001 -24"><span class='ocrx_word' id='word_1_144' title='bbox 160 2153 245 2215; x_wconf 87' lang='lat' dir='ltr'>quae</span> <span class='ocrx_word' id='word_1_145' title='bbox 278 2131 322 2195; x_wconf 87' lang='lat' dir='ltr'>ad</span> <span class='ocrx_word' id='word_1_146' title='bbox 354 2144 460 2196; x_wconf 85' lang='lat' dir='ltr'>utram</span> <span class='ocrx_word' id='word_1_147' title='bbox 488 2146 613 2219; x_wconf 88' lang='lat' dir='ltr'>partem</span> <span class='ocrx_word' id='word_1_148' title='bbox 638 2132 854 2198; x_wconf 90' lang='lat' dir='ltr'>adscribenda</span> <span class='ocrx_word' id='word_1_149' title='bbox 887 2134 950 2199; x_wconf 88' lang='lat' dir='ltr'>sint</span> <span class='ocrx_word' id='word_1_150' title='bbox 979 2157 1085 2219; x_wconf 88' lang='lat' dir='ltr'>neque</span> <span class='ocrx_word' id='word_1_151' title='bbox 1120 2143 1271 2215; x_wconf 74' lang='lat' dir='ltr'>accentus</span> 
     </span>
     <span class='ocr_line' id='line_1_19' title="bbox 158 2232 1272 2324; baseline 0.004 -28"><span class='ocrx_word' id='word_1_152' title='bbox 158 2232 366 2297; x_wconf 86' lang='lat' dir='ltr'>manifestum</span> <span class='ocrx_word' id='word_1_153' title='bbox 395 2234 504 2297; x_wconf 84' lang='lat' dir='ltr'>reddit</span> <span class='ocrx_word' id='word_1_154' title='bbox 533 2257 641 2319; x_wconf 88' lang='lat' dir='ltr'>neque</span> <span class='ocrx_word' id='word_1_155' title='bbox 674 2234 851 2318; x_wconf 80' lang='lat' dir='ltr'>quontitas3</span> <span class='ocrx_word' id='word_1_156' title='bbox 889 2237 1028 2323; x_wconf 89' lang='lat' dir='ltr'>primum</span> <span class='ocrx_word' id='word_1_157' title='bbox 1060 2234 1174 2324; x_wconf 63' lang='grc' dir='ltr'><strong><em>νηλής,</em></strong></span> <span class='ocrx_word' id='word_1_158' title='bbox 1206 2257 1272 2320; x_wconf 88' lang='lat' dir='ltr'>quo</span> 
     </span>
     <span class='ocr_line' id='line_1_20' title="bbox 159 2328 1272 2423; baseline 0.004 -26"><span class='ocrx_word' id='word_1_159' title='bbox 159 2355 227 2398; x_wconf 89' lang='lat' dir='ltr'>non</span> <span class='ocrx_word' id='word_1_160' title='bbox 248 2334 353 2398; x_wconf 88' lang='lat' dir='ltr'>solum</span> <span class='ocrx_word' id='word_1_161' title='bbox 372 2334 456 2420; x_wconf 84' lang='lat' dir='ltr'>epici</span> <span class='ocrx_word' id='word_1_162' title='bbox 477 2345 611 2398; x_wconf 87' lang='lat' dir='ltr'>utuntur</span> <span class='ocrx_word' id='word_1_163' title='bbox 628 2357 688 2421; x_wconf 88' lang='lat' dir='ltr'>per</span> <span class='ocrx_word' id='word_1_164' title='bbox 704 2357 816 2399; x_wconf 87' lang='lat' dir='ltr'>omnes</span> <span class='ocrx_word' id='word_1_165' title='bbox 832 2358 927 2401; x_wconf 83' lang='lat' dir='ltr'>casus</span> <span class='ocrx_word' id='word_1_166' title='bbox 939 2338 992 2423; x_wconf 69' lang='grc'>30)</span> <span class='ocrx_word' id='word_1_167' title='bbox 1015 2336 1074 2401; x_wconf 85' lang='lat' dir='ltr'>sed</span> <span class='ocrx_word' id='word_1_168' title='bbox 1088 2328 1272 2422; x_wconf 78' lang='lat' dir='ltr'>Aeschylus</span> 
     </span>
     <span class='ocr_line' id='line_1_21' title="bbox 160 2430 1274 2524; baseline 0.002 -27"><span class='ocrx_word' id='word_1_169' title='bbox 160 2457 293 2519; x_wconf 87' lang='lat' dir='ltr'>quoque</span> <span class='ocrx_word' id='word_1_170' title='bbox 321 2447 354 2498; x_wconf 84' lang='lat' dir='ltr'>et</span> <span class='ocrx_word' id='word_1_171' title='bbox 377 2434 575 2520; x_wconf 82' lang='lat' dir='ltr'>Euripides:</span> <span class='ocrx_word' id='word_1_172' title='bbox 609 2430 669 2500; x_wconf 75' lang='grc' dir='ltr'>δύο</span> <span class='ocrx_word' id='word_1_173' title='bbox 696 2434 759 2519; x_wconf 80' lang='grc' dir='ltr'><strong><em>μὰρ</em></strong></span> <span class='ocrx_word' id='word_1_174' title='bbox 788 2433 921 2502; x_wconf 62' lang='lat' dir='ltr'>addeins</span> <span class='ocrx_word' id='word_1_175' title='bbox 949 2432 1064 2524; x_wconf 68' lang='grc' dir='ltr'><strong><em>νηλεῆς</em></strong></span> <span class='ocrx_word' id='word_1_176' title='bbox 1091 2437 1146 2502; x_wconf 87' lang='grc' dir='ltr'><strong><em>καὶ</em></strong></span> <span class='ocrx_word' id='word_1_177' title='bbox 1174 2434 1274 2523; x_wconf 55' lang='grc' dir='ltr'><strong><em>νρλνζς</em></strong></span> 
     </span>
     <span class='ocr_line' id='line_1_22' title="bbox 157 2531 1274 2626; baseline 0.003 -26"><span class='ocrx_word' id='word_1_178' title='bbox 157 2536 267 2622; x_wconf 81' lang='lat' dir='ltr'>Epinr.</span> <span class='ocrx_word' id='word_1_179' title='bbox 287 2535 315 2598; x_wconf 92' lang='grc' dir='ltr'>Ι.</span> <span class='ocrx_word' id='word_1_180' title='bbox 334 2535 406 2601; x_wconf 76' lang='lat'><strong>296.</strong></span> <span class='ocrx_word' id='word_1_181' title='bbox 429 2534 673 2612; x_wconf 76' lang='lat' dir='ltr'>Gu‹1.407‚54.</span> <span class='ocrx_word' id='word_1_182' title='bbox 695 2535 792 2600; x_wconf 90' lang='lat' dir='ltr'>Plato</span> <span class='ocrx_word' id='word_1_183' title='bbox 816 2531 956 2626; x_wconf 62' lang='grc' dir='ltr'><strong><em>ἆνρλενξς</em></strong></span> <span class='ocrx_word' id='word_1_184' title='bbox 977 2537 1073 2616; x_wconf 85' lang='lat' dir='ltr'>dixit,</span> <span class='ocrx_word' id='word_1_185' title='bbox 1098 2531 1274 2625; x_wconf 65' lang='grc' dir='ltr'><strong><em>ἀνηλέητος</em></strong></span> 
     </span>
     <span class='ocr_line' id='line_1_23' title="bbox 158 2636 1273 2723; baseline 0.001 -23"><span class='ocrx_word' id='word_1_186' title='bbox 158 2637 352 2713; x_wconf 79' lang='lat' dir='ltr'>Aeschines,</span> <span class='ocrx_word' id='word_1_187' title='bbox 371 2637 519 2722; x_wconf 67' lang='grc' dir='ltr'><strong><em>ἐλεήμων</em></strong></span> <span class='ocrx_word' id='word_1_188' title='bbox 537 2637 709 2713; x_wconf 84' lang='lat' dir='ltr'>Isocrates,</span> <span class='ocrx_word' id='word_1_189' title='bbox 728 2637 990 2723; x_wconf 68' lang='grc' dir='ltr'><strong><em>πανελεήμωνῦ.</em></strong></span> <span class='ocrx_word' id='word_1_190' title='bbox 1004 2636 1273 2722; x_wconf 78' lang='lat' dir='ltr'>Chrysestomus3</span> 
     </span>
     <span class='ocr_line' id='line_1_24' title="bbox 160 2730 1273 2822; baseline 0.002 -22"><span class='ocrx_word' id='word_1_191' title='bbox 160 2737 220 2800; x_wconf 89' lang='lat' dir='ltr'>sed</span> <span class='ocrx_word' id='word_1_192' title='bbox 231 2730 401 2822; x_wconf 61' lang='grc' dir='ltr'><strong><em>ἇνελνὶμων</em></strong></span> <span class='ocrx_word' id='word_1_193' title='bbox 412 2737 496 2801; x_wconf 91' lang='lat' dir='ltr'>inter</span> <span class='ocrx_word' id='word_1_194' title='bbox 509 2737 622 2801; x_wconf 86' lang='lat' dir='ltr'>atticas</span> <span class='ocrx_word' id='word_1_195' title='bbox 637 2760 733 2801; x_wconf 86' lang='lat' dir='ltr'>voces</span> <span class='ocrx_word' id='word_1_196' title='bbox 746 2737 883 2802; x_wconf 83' lang='lat' dir='ltr'>refertur</span> <span class='ocrx_word' id='word_1_197' title='bbox 893 2738 1132 2804; x_wconf 85' lang='lat' dir='ltr'>Aneed.Bekk.</span> <span class='ocrx_word' id='word_1_198' title='bbox 1141 2737 1273 2815; x_wconf 80' lang='lat'><strong>400,30.</strong></span> 
     </span>
     <span class='ocr_line' id='line_1_25' title="bbox 158 2836 1275 2925; baseline 0 -23"><span class='ocrx_word' id='word_1_199' title='bbox 158 2837 213 2902; x_wconf 89' lang='lat' dir='ltr'>De</span> <span class='ocrx_word' id='word_1_200' title='bbox 236 2836 340 2921; x_wconf 88' lang='lat' dir='ltr'>primo</span> <span class='ocrx_word' id='word_1_201' title='bbox 368 2859 444 2900; x_wconf 89' lang='lat' dir='ltr'>casu</span> <span class='ocrx_word' id='word_1_202' title='bbox 470 2837 610 2902; x_wconf 85' lang='lat' dir='ltr'>dubitari</span> <span class='ocrx_word' id='word_1_203' title='bbox 633 2850 743 2924; x_wconf 88' lang='lat' dir='ltr'>potest</span> <span class='ocrx_word' id='word_1_204' title='bbox 767 2852 873 2903; x_wconf 86' lang='lat' dir='ltr'>utrum</span> <span class='ocrx_word' id='word_1_205' title='bbox 899 2841 1027 2925; x_wconf 87' lang='lat' dir='ltr'>epsilon</span> <span class='ocrx_word' id='word_1_206' title='bbox 1055 2840 1209 2905; x_wconf 84' lang='lat' dir='ltr'>exciderit</span> <span class='ocrx_word' id='word_1_207' title='bbox 1233 2863 1275 2903; x_wconf 93' lang='lat' dir='ltr'>an</span> 
     </span>
     <span class='ocr_line' id='line_1_26' title="bbox 160 2938 1276 3028; baseline 0.003 -26"><span class='ocrx_word' id='word_1_208' title='bbox 160 2938 310 3024; x_wconf 84' lang='lat' dir='ltr'>sequenti</span> <span class='ocrx_word' id='word_1_209' title='bbox 328 2960 410 3002; x_wconf 86' lang='lat' dir='ltr'>sono</span> <span class='ocrx_word' id='word_1_210' title='bbox 428 2938 607 3004; x_wconf 84' lang='lat' dir='ltr'>involutum</span> <span class='ocrx_word' id='word_1_211' title='bbox 624 2941 679 3017; x_wconf 85' lang='lat' dir='ltr'>sit,</span> <span class='ocrx_word' id='word_1_212' title='bbox 699 2940 758 3004; x_wconf 88' lang='lat' dir='ltr'>sed</span> <span class='ocrx_word' id='word_1_213' title='bbox 776 2939 900 3026; x_wconf 91' lang='lat' dir='ltr'>obliqui</span> <span class='ocrx_word' id='word_1_214' title='bbox 919 2942 1018 3024; x_wconf 72' lang='grc' dir='ltr'><strong><em>νηλέϊ,</em></strong></span> <span class='ocrx_word' id='word_1_215' title='bbox 1038 2943 1146 3028; x_wconf 69' lang='grc' dir='ltr'><strong><em>νηλέα,</em></strong></span> <span class='ocrx_word' id='word_1_216' title='bbox 1165 2941 1276 3028; x_wconf 71' lang='grc' dir='ltr'><strong><em>νρλὲες</em></strong></span> 
     </span>
     <span class='ocr_line' id='line_1_27' title="bbox 161 3039 1275 3128; baseline 0.001 -25"><span class='ocrx_word' id='word_1_217' title='bbox 161 3050 305 3127; x_wconf 86' lang='lat' dir='ltr'>arguunt</span> <span class='ocrx_word' id='word_1_218' title='bbox 330 3062 508 3127; x_wconf 61' lang='lat' dir='ltr'>syncopen.</span> <span class='ocrx_word' id='word_1_219' title='bbox 553 3041 753 3128; x_wconf 77' lang='grc' dir='ltr'><strong><em>Κρωὸαίτρς</em></strong></span> <span class='ocrx_word' id='word_1_220' title='bbox 781 3039 970 3127; x_wconf 81' lang='lat' dir='ltr'>Hesychius</span> <span class='ocrx_word' id='word_1_221' title='bbox 997 3040 1131 3127; x_wconf 83' lang='lat' dir='ltr'>praebet</span> <span class='ocrx_word' id='word_1_222' title='bbox 1162 3039 1275 3105; x_wconf 90' lang='lat' dir='ltr'>ordine</span> 
     </span>
    </p>
   </div>
   <div class='ocr_carea' id='block_1_3' title="bbox 160 3180 324 3188">
    <p class='ocr_par' dir='ltr' id='par_1_4' title="bbox 160 3180 324 3188">
     <span class='ocr_line' id='line_1_28' title="bbox 160 3180 324 3188; baseline -0.012 0"><span class='ocrx_word' id='word_1_223' title='bbox 160 3180 324 3188; x_wconf 46' lang='lat' dir='ltr'>*r-</span> 
     </span>
    </p>
   </div>
   <div class='ocr_carea' id='block_1_4' title="bbox 159 3248 1281 4343">
    <p class='ocr_par' dir='ltr' id='par_1_5' title="bbox 159 3248 1278 3729">
     <span class='ocr_line' id='line_1_29' title="bbox 229 3248 1277 3318; baseline -0.002 -15"><span class='ocrx_word' id='word_1_224' title='bbox 229 3253 275 3318; x_wconf 75' lang='lat'>28)</span> <span class='ocrx_word' id='word_1_225' title='bbox 291 3252 469 3305; x_wconf 79' lang='lat' dir='ltr'>Herodianus</span> <span class='ocrx_word' id='word_1_226' title='bbox 488 3249 516 3304; x_wconf 90' lang='lat' dir='ltr'>in</span> <span class='ocrx_word' id='word_1_227' title='bbox 532 3251 626 3305; x_wconf 89' lang='lat' dir='ltr'>Schel.</span> <span class='ocrx_word' id='word_1_228' title='bbox 641 3251 675 3305; x_wconf 90' lang='lat' dir='ltr'>Il.</span> <span class='ocrx_word' id='word_1_229' title='bbox 689 3251 712 3305; x_wconf 92' lang='grc' dir='ltr'>Ι.</span> <span class='ocrx_word' id='word_1_230' title='bbox 728 3253 770 3305; x_wconf 77' lang='grc'>53.</span> <span class='ocrx_word' id='word_1_231' title='bbox 783 3260 812 3307; x_wconf 85' lang='lat' dir='ltr'>et</span> <span class='ocrx_word' id='word_1_232' title='bbox 829 3252 871 3305; x_wconf 86' lang='grc'>81.</span> <span class='ocrx_word' id='word_1_233' title='bbox 890 3269 946 3306; x_wconf 89' lang='lat' dir='ltr'>non</span> <span class='ocrx_word' id='word_1_234' title='bbox 965 3253 1038 3304; x_wconf 85' lang='lat' dir='ltr'>hane</span> <span class='ocrx_word' id='word_1_235' title='bbox 1056 3267 1169 3305; x_wconf 85' lang='lat' dir='ltr'>eausam</span> <span class='ocrx_word' id='word_1_236' title='bbox 1184 3248 1277 3302; x_wconf 86' lang='lat' dir='ltr'>att-ulit</span> 
     </span>
     <span class='ocr_line' id='line_1_30' title="bbox 159 3333 1276 3409; baseline -0.003 -18"><span class='ocrx_word' id='word_1_237' title='bbox 159 3339 212 3393; x_wconf 87' lang='lat' dir='ltr'>sed</span> <span class='ocrx_word' id='word_1_238' title='bbox 230 3337 312 3391; x_wconf 85' lang='lat' dir='ltr'>aliurn</span> <span class='ocrx_word' id='word_1_239' title='bbox 329 3354 402 3406; x_wconf 86' lang='lat' dir='ltr'>quae</span> <span class='ocrx_word' id='word_1_240' title='bbox 420 3338 455 3388; x_wconf 88' lang='lat' dir='ltr'>ad</span> <span class='ocrx_word' id='word_1_241' title='bbox 474 3335 615 3407; x_wconf 74' lang='grc' dir='ltr'><strong><em>αὐτῆμαρ,</em></strong></span> <span class='ocrx_word' id='word_1_242' title='bbox 628 3337 745 3407; x_wconf 72' lang='grc' dir='ltr'><strong><em>ἑξῆμαρ,</em></strong></span> <span class='ocrx_word' id='word_1_243' title='bbox 760 3341 909 3409; x_wconf 78' lang='grc' dir='ltr'><strong><em>ποσσῆμαρ</em></strong></span> <span class='ocrx_word' id='word_1_244' title='bbox 927 3345 993 3407; x_wconf 88' lang='lat' dir='ltr'>apta</span> <span class='ocrx_word' id='word_1_245' title='bbox 1006 3344 1063 3390; x_wconf 85' lang='lat' dir='ltr'>est:</span> <span class='ocrx_word' id='word_1_246' title='bbox 1084 3338 1166 3406; x_wconf 65' lang='grc' dir='ltr'><strong><em>ἐχρῆν</em></strong></span> <span class='ocrx_word' id='word_1_247' title='bbox 1184 3333 1212 3390; x_wconf 77' lang='grc' dir='ltr'><strong><em>νὺ</em></strong></span> <span class='ocrx_word' id='word_1_248' title='bbox 1231 3336 1276 3389; x_wconf 72' lang='grc' dir='ltr'><strong><em>ἐν·</em></strong></span> 
     </span>
     <span class='ocr_line' id='line_1_31' title="bbox 160 3417 1276 3494; baseline -0.002 -17"><span class='ocrx_word' id='word_1_249' title='bbox 160 3427 253 3494; x_wconf 73' lang='grc' dir='ltr'><strong><em>νῆμαρ</em></strong></span> <span class='ocrx_word' id='word_1_250' title='bbox 272 3417 494 3494; x_wconf 62' lang='grc' dir='ltr'><strong><em>προπαροξύνων</em></strong></span> <span class='ocrx_word' id='word_1_251' title='bbox 511 3419 548 3481; x_wconf 81' lang='grc' dir='ltr'>ὠς</span> <span class='ocrx_word' id='word_1_252' title='bbox 564 3420 632 3490; x_wconf 85' lang='grc' dir='ltr'><strong><em>παρ’</em></strong></span> <span class='ocrx_word' id='word_1_253' title='bbox 653 3421 800 3492; x_wconf 72' lang='grc' dir='ltr'><strong><em>οὐδέτερον</em></strong></span> <span class='ocrx_word' id='word_1_254' title='bbox 817 3430 1001 3494; x_wconf 71' lang='grc' dir='ltr'><strong><em>συγκείμενον</em></strong></span> <span class='ocrx_word' id='word_1_255' title='bbox 1014 3421 1094 3490; x_wconf 83' lang='lat' dir='ltr'>(satis</span> <span class='ocrx_word' id='word_1_256' title='bbox 1107 3429 1169 3475; x_wconf 86' lang='lat' dir='ltr'>erat</span> <span class='ocrx_word' id='word_1_257' title='bbox 1182 3420 1276 3475; x_wconf 82' lang='lat' dir='ltr'>dicere</span> 
     </span>
     <span class='ocr_line' id='line_1_32' title="bbox 161 3503 1277 3579; baseline 0 -20"><span class='ocrx_word' id='word_1_258' title='bbox 161 3505 197 3567; x_wconf 82' lang='grc' dir='ltr'>ὡς</span> <span class='ocrx_word' id='word_1_259' title='bbox 210 3505 370 3574; x_wconf 75' lang='grc' dir='ltr'>σι’·ν’.’)ειοκ)·</span> <span class='ocrx_word' id='word_1_260' title='bbox 391 3506 452 3560; x_wconf 80' lang='grc' dir='ltr'>ἀλλ’</span> <span class='ocrx_word' id='word_1_261' title='bbox 468 3506 482 3560; x_wconf 88' lang='grc' dir='ltr'>ὁ</span> <span class='ocrx_word' id='word_1_262' title='bbox 497 3504 573 3567; x_wconf 76' lang='grc' dir='ltr'><strong><em>τόνος</em></strong></span> <span class='ocrx_word' id='word_1_263' title='bbox 591 3506 751 3579; x_wconf 72' lang='grc' dir='ltr'><strong><em>παρηλλάγη</em></strong></span> <span class='ocrx_word' id='word_1_264' title='bbox 770 3511 828 3563; x_wconf 72' lang='grc' dir='ltr'>ἐπεὶ</span> <span class='ocrx_word' id='word_1_265' title='bbox 849 3514 894 3562; x_wconf 80' lang='grc' dir='ltr'><strong><em>καὶ</em></strong></span> <span class='ocrx_word' id='word_1_266' title='bbox 915 3512 977 3576; x_wconf 56' lang='lat' dir='ltr'>&amp;drap</span> <span class='ocrx_word' id='word_1_267' title='bbox 998 3504 1011 3574; x_wconf 73' lang='lat' dir='ltr'>ri</span> <span class='ocrx_word' id='word_1_268' title='bbox 1032 3503 1175 3567; x_wconf 71' lang='grc' dir='ltr'><strong><em>σύνθεσις·</em></strong></span> <span class='ocrx_word' id='word_1_269' title='bbox 1195 3504 1277 3571; x_wconf 68' lang='grc' dir='ltr'><strong><em>οὐδὲν</em></strong></span> 
     </span>
     <span class='ocr_line' id='line_1_33' title="bbox 160 3578 1278 3666; baseline -0.001 -23"><span class='ocrx_word' id='word_1_270' title='bbox 160 3589 215 3661; x_wconf 72' lang='grc' dir='ltr'><strong><em>μὰρ</em></strong></span> <span class='ocrx_word' id='word_1_271' title='bbox 237 3595 290 3644; x_wconf 79' lang='grc' dir='ltr'><strong><em>κων</em></strong></span> <span class='ocrx_word' id='word_1_272' title='bbox 312 3597 351 3652; x_wconf 70' lang='grc' dir='ltr'>εἰς</span> <span class='ocrx_word' id='word_1_273' title='bbox 369 3578 404 3666; x_wconf 68' lang='grc' dir='ltr'>ιῘρ</span> <span class='ocrx_word' id='word_1_274' title='bbox 424 3590 578 3666; x_wconf 73' lang='grc' dir='ltr'><strong><em>οὐδειίρων</em></strong></span> <span class='ocrx_word' id='word_1_275' title='bbox 599 3600 777 3648; x_wconf 66' lang='lat' dir='ltr'>centaurum.</span> <span class='ocrx_word' id='word_1_276' title='bbox 818 3593 964 3649; x_wconf 79' lang='lat' dir='ltr'>Contraria</span> <span class='ocrx_word' id='word_1_277' title='bbox 984 3594 1122 3664; x_wconf 84' lang='lat' dir='ltr'>quaedam</span> <span class='ocrx_word' id='word_1_278' title='bbox 1144 3589 1225 3644; x_wconf 85' lang='lat' dir='ltr'>attuli</span> <span class='ocrx_word' id='word_1_279' title='bbox 1250 3589 1278 3643; x_wconf 90' lang='lat' dir='ltr'>in</span> 
     </span>
     <span class='ocr_line' id='line_1_34' title="bbox 162 3674 342 3729; baseline 0.006 -1"><span class='ocrx_word' id='word_1_280' title='bbox 162 3674 265 3728; x_wconf 86' lang='lat' dir='ltr'>Purall.</span> <span class='ocrx_word' id='word_1_281' title='bbox 283 3679 342 3729; x_wconf 75' lang='lat'><strong>207.</strong></span> 
     </span>
    </p>

    <p class='ocr_par' dir='ltr' id='par_1_6' title="bbox 162 3759 1279 4003">
     <span class='ocr_line' id='line_1_35' title="bbox 231 3759 1276 3832; baseline 0.002 -22"><span class='ocrx_word' id='word_1_282' title='bbox 231 3761 278 3828; x_wconf 74' lang='lat'>29)</span> <span class='ocrx_word' id='word_1_283' title='bbox 300 3759 503 3830; x_wconf 79' lang='lat' dir='ltr'>Patronymicis</span> <span class='ocrx_word' id='word_1_284' title='bbox 528 3762 639 3815; x_wconf 91' lang='lat' dir='ltr'>accedit</span> <span class='ocrx_word' id='word_1_285' title='bbox 660 3760 788 3832; x_wconf 72' lang='grc' dir='ltr'><strong><em>μαλνδειῖς</em></strong></span> <span class='ocrx_word' id='word_1_286' title='bbox 809 3759 824 3831; x_wconf 75' lang='grc' dir='ltr'><em>ᾇ</em></span> <span class='ocrx_word' id='word_1_287' title='bbox 848 3764 893 3828; x_wconf 74' lang='grc' dir='ltr'>τῆς</span> <span class='ocrx_word' id='word_1_288' title='bbox 915 3763 999 3830; x_wconf 73' lang='grc' dir='ltr'><strong><em>γαλῆς</em></strong></span> <span class='ocrx_word' id='word_1_289' title='bbox 1022 3759 1144 3830; x_wconf 70' lang='grc' dir='ltr'><strong><em>σκύμνος</em></strong></span> <span class='ocrx_word' id='word_1_290' title='bbox 1167 3760 1276 3814; x_wconf 79' lang='lat' dir='ltr'>Anecd.</span> 
     </span>
     <span class='ocr_line' id='line_1_36' title="bbox 162 3842 1279 3920; baseline -0.001 -20"><span class='ocrx_word' id='word_1_291' title='bbox 162 3844 256 3900; x_wconf 77' lang='lat' dir='ltr'>Belrh.</span> <span class='ocrx_word' id='word_1_292' title='bbox 269 3847 311 3898; x_wconf 79' lang='grc'>88.</span> <span class='ocrx_word' id='word_1_293' title='bbox 328 3845 406 3914; x_wconf 80' lang='lat' dir='ltr'>cujus</span> <span class='ocrx_word' id='word_1_294' title='bbox 421 3845 551 3915; x_wconf 81' lang='lat' dir='ltr'>analogia</span> <span class='ocrx_word' id='word_1_295' title='bbox 565 3845 619 3901; x_wconf 86' lang='lat' dir='ltr'>dici</span> <span class='ocrx_word' id='word_1_296' title='bbox 638 3865 694 3902; x_wconf 91' lang='lat' dir='ltr'>non</span> <span class='ocrx_word' id='word_1_297' title='bbox 712 3855 822 3920; x_wconf 79' lang='lat' dir='ltr'>petest3</span> <span class='ocrx_word' id='word_1_298' title='bbox 840 3863 905 3919; x_wconf 79' lang='lat' dir='ltr'>pam</span> <span class='ocrx_word' id='word_1_299' title='bbox 918 3843 1054 3915; x_wconf 68' lang='grc' dir='ltr'><strong><em>λακαῐεὺς,</em></strong></span> <span class='ocrx_word' id='word_1_300' title='bbox 1069 3842 1190 3908; x_wconf 72' lang='grc' dir='ltr'><strong><em>ιῖεννδεύς</em></strong></span> <span class='ocrx_word' id='word_1_301' title='bbox 1203 3847 1279 3901; x_wconf 79' lang='lat' dir='ltr'>faeta</span> 
     </span>
     <span class='ocr_line' id='line_1_37' title="bbox 163 3931 445 4003; baseline -0.004 -19"><span class='ocrx_word' id='word_1_302' title='bbox 163 3940 228 3985; x_wconf 85' lang='lat' dir='ltr'>sunt</span> <span class='ocrx_word' id='word_1_303' title='bbox 247 3950 263 3985; x_wconf 86' lang='lat' dir='ltr'>a</span> <span class='ocrx_word' id='word_1_304' title='bbox 282 3951 339 3985; x_wconf 89' lang='lat' dir='ltr'>non</span> <span class='ocrx_word' id='word_1_305' title='bbox 359 3931 445 4003; x_wconf 86' lang='lat' dir='ltr'>puris.</span> 
     </span>
    </p>

    <p class='ocr_par' dir='ltr' id='par_1_7' title="bbox 161 4011 1281 4343">
     <span class='ocr_line' id='line_1_38' title="bbox 231 4011 1280 4086; baseline 0 -17"><span class='ocrx_word' id='word_1_306' title='bbox 231 4019 278 4086; x_wconf 82' lang='lat'>30)</span> <span class='ocrx_word' id='word_1_307' title='bbox 292 4016 403 4086; x_wconf 69' lang='grc' dir='ltr'><strong><em>Ἀνρλέί</em></strong></span> <span class='ocrx_word' id='word_1_308' title='bbox 413 4015 538 4070; x_wconf 80' lang='lat' dir='ltr'>Maneth.</span> <span class='ocrx_word' id='word_1_309' title='bbox 554 4017 576 4071; x_wconf 93' lang='grc' dir='ltr'>Ι.</span> <span class='ocrx_word' id='word_1_310' title='bbox 593 4018 648 4071; x_wconf 81' lang='grc'><strong>187.</strong></span> <span class='ocrx_word' id='word_1_311' title='bbox 668 4015 770 4084; x_wconf 65' lang='lat' dir='ltr'>danila</span> <span class='ocrx_word' id='word_1_312' title='bbox 785 4014 911 4082; x_wconf 72' lang='grc' dir='ltr'><strong><em>ολνμονῆια</em></strong></span> <span class='ocrx_word' id='word_1_313' title='bbox 926 4011 1023 4079; x_wconf 85' lang='lat' dir='ltr'>Quint.</span> <span class='ocrx_word' id='word_1_314' title='bbox 1038 4016 1074 4069; x_wconf 91' lang='lat' dir='ltr'>II.</span> <span class='ocrx_word' id='word_1_315' title='bbox 1090 4018 1148 4069; x_wconf 79' lang='lat'><strong>580.</strong></span> <span class='ocrx_word' id='word_1_316' title='bbox 1168 4014 1280 4084; x_wconf 69' lang='grc' dir='ltr'><strong><em>ἀνηλέες</em></strong></span> 
     </span>
     <span class='ocr_line' id='line_1_39' title="bbox 161 4098 1281 4172; baseline 0.001 -19"><span class='ocrx_word' id='word_1_317' title='bbox 161 4098 185 4152; x_wconf 92' lang='lat' dir='ltr'>I.</span> <span class='ocrx_word' id='word_1_318' title='bbox 201 4103 258 4154; x_wconf 76' lang='lat'>473.</span> <span class='ocrx_word' id='word_1_319' title='bbox 274 4102 377 4172; x_wconf 68' lang='grc' dir='ltr'><strong><em>ιῖνρλέα</em></strong></span> <span class='ocrx_word' id='word_1_320' title='bbox 395 4099 550 4156; x_wconf 80' lang='grc' dir='ltr'><strong><em>κωκύουσαι</em></strong></span> <span class='ocrx_word' id='word_1_321' title='bbox 564 4102 641 4156; x_wconf 87' lang='lat' dir='ltr'>Man.</span> <span class='ocrx_word' id='word_1_322' title='bbox 655 4101 677 4155; x_wconf 93' lang='grc' dir='ltr'>Ι.</span> <span class='ocrx_word' id='word_1_323' title='bbox 695 4102 750 4154; x_wconf 54' lang='grc'><strong>166.</strong></span> <span class='ocrx_word' id='word_1_324' title='bbox 778 4098 870 4171; x_wconf 83' lang='lat' dir='ltr'>Saepe</span> <span class='ocrx_word' id='word_1_325' title='bbox 891 4103 982 4167; x_wconf 73' lang='grc' dir='ltr'><strong><em>νηλένς</em></strong></span> <span class='ocrx_word' id='word_1_326' title='bbox 999 4100 1085 4152; x_wconf 83' lang='lat' dir='ltr'>Anth.</span> <span class='ocrx_word' id='word_1_327' title='bbox 1099 4099 1162 4154; x_wconf 88' lang='lat' dir='ltr'><strong>VII.</strong></span> <span class='ocrx_word' id='word_1_328' title='bbox 1177 4103 1236 4153; x_wconf 68' lang='lat'>6⁴2⁴).</span> <span class='ocrx_word' id='word_1_329' title='bbox 1252 4108 1281 4154; x_wconf 83' lang='lat' dir='ltr'>et</span> 
     </span>
     <span class='ocr_line' id='line_1_40' title="bbox 163 4183 1281 4257; baseline 0.004 -22"><span class='ocrx_word' id='word_1_330' title='bbox 163 4183 210 4237; x_wconf 90' lang='lat' dir='ltr'>all.</span> <span class='ocrx_word' id='word_1_331' title='bbox 224 4203 365 4255; x_wconf 86' lang='lat' dir='ltr'>nunquam</span> <span class='ocrx_word' id='word_1_332' title='bbox 380 4192 487 4257; x_wconf 68' lang='grc' dir='ltr'><strong><em>νρλεέες</em></strong></span> <span class='ocrx_word' id='word_1_333' title='bbox 504 4189 548 4243; x_wconf 87' lang='lat' dir='ltr'>vel</span> <span class='ocrx_word' id='word_1_334' title='bbox 567 4191 678 4256; x_wconf 69' lang='grc' dir='ltr'><strong><em>νηλνίας</em></strong></span> <span class='ocrx_word' id='word_1_335' title='bbox 695 4194 726 4239; x_wconf 90' lang='lat' dir='ltr'>ut</span> <span class='ocrx_word' id='word_1_336' title='bbox 744 4186 855 4244; x_wconf 70' lang='grc' dir='ltr'><strong><em>λνιλνέας</em></strong></span> <span class='ocrx_word' id='word_1_337' title='bbox 866 4184 941 4238; x_wconf 83' lang='lat' dir='ltr'>Man.</span> <span class='ocrx_word' id='word_1_338' title='bbox 954 4184 1002 4239; x_wconf 89' lang='lat' dir='ltr'>IV.</span> <span class='ocrx_word' id='word_1_339' title='bbox 1014 4186 1055 4241; x_wconf 70' lang='lat'>32.</span> <span class='ocrx_word' id='word_1_340' title='bbox 1067 4194 1093 4238; x_wconf 83' lang='lat' dir='ltr'>et</span> <span class='ocrx_word' id='word_1_341' title='bbox 1109 4186 1169 4239; x_wconf 66' lang='lat'>3⁴0.</span> <span class='ocrx_word' id='word_1_342' title='bbox 1187 4185 1281 4256; x_wconf 75' lang='grc' dir='ltr'><strong><em>ὀλιγο-</em></strong></span> 
     </span>
     <span class='ocr_line' id='line_1_41' title="bbox 162 4269 1280 4343; baseline 0.003 -22"><span class='ocrx_word' id='word_1_343' title='bbox 162 4269 226 4322; x_wconf 74' lang='grc' dir='ltr'><strong><em>δεέα</em></strong></span> <span class='ocrx_word' id='word_1_344' title='bbox 243 4269 356 4325; x_wconf 82' lang='lat' dir='ltr'>Sthenio</span> <span class='ocrx_word' id='word_1_345' title='bbox 371 4272 453 4328; x_wconf 87' lang='lat' dir='ltr'>Loer.</span> <span class='ocrx_word' id='word_1_346' title='bbox 467 4275 547 4329; x_wconf 86' lang='lat' dir='ltr'>Stob.</span> <span class='ocrx_word' id='word_1_347' title='bbox 560 4273 602 4326; x_wconf 89' lang='lat' dir='ltr'>FI.</span> <span class='ocrx_word' id='word_1_348' title='bbox 618 4270 676 4324; x_wconf 85' lang='lat' dir='ltr'>Tit.</span> <span class='ocrx_word' id='word_1_349' title='bbox 690 4269 825 4324; x_wconf 88' lang='lat' dir='ltr'><strong>XLVIII.</strong></span> <span class='ocrx_word' id='word_1_350' title='bbox 842 4271 881 4323; x_wconf 85' lang='grc'>63.</span> <span class='ocrx_word' id='word_1_351' title='bbox 902 4272 1046 4343; x_wconf 68' lang='grc' dir='ltr'><strong><em>περιδεέας</em></strong></span> <span class='ocrx_word' id='word_1_352' title='bbox 1063 4269 1172 4323; x_wconf 87' lang='lat' dir='ltr'>Herod.</span> <span class='ocrx_word' id='word_1_353' title='bbox 1187 4269 1222 4322; x_wconf 84' lang='lat' dir='ltr'>V.</span> <span class='ocrx_word' id='word_1_354' title='bbox 1238 4273 1280 4324; x_wconf 72' lang='lat'>44.</span> 
     </span>
    </p>
   </div>
   <div class='ocr_carea' id='block_1_5' title="bbox 0 0 1384 4778">
    <p class='ocr_par' dir='ltr' id='par_1_8' title="bbox 0 0 1384 4778">
     <span class='ocr_line' id='line_1_42' title="bbox 0 0 1384 4778; baseline 0 0"><span class='ocrx_word' id='word_1_355' title='bbox 0 0 1384 4778; x_wconf 95' lang='lat' dir='ltr'> </span> 
     </span>
    </p>
   </div>
  </div>
 </body>
</html>
