2736 4778
127 326 200 404 500
463 323 802 398 1DISSERTAT10
833 322 875 394 V.

125 510 277 582 XXVII.
305 512 378 581 383.
411 508 489 581 όσαι
518 516 577 581 τοῦ
607 511 702 594 ἔτους
731 502 816 599 ὧραι
846 510 935 577 Plut.
965 510 1007 576 de
1035 511 1115 578 Aer.
1145 511 1240 578 alieri.

126 639 154 682 c.
168 614 247 684 VII.
266 614 339 680 210.
362 614 402 681 Τ.
418 615 492 682 ΧΠ
512 617 607 681 Hutt.
630 615 690 681 sed
712 609 840 697 όσῶραι
863 614 1009 680 Thomas
1030 613 1243 702 reprehendit

15 766 23 775 .
127 728 159 782 et
189 717 337 783 consulto
365 717 565 784 Themistius
598 719 771 802 conjuncto
799 717 995 804 apposuisse
1026 715 1157 781 videtur
1189 739 1242 783 ss-

120 821 271 905 junctum
299 813 470 909 ὁοημέραι·
485 819 543 886 καὶ
571 815 651 885 όσαι
673 808 760 904 ὧραι
784 817 906 902 χρυσόν
927 814 1110 884 ἐπανιόντα
1132 812 1242 902 όρῶσι

125 943 155 986 v.
172 919 324 987 Dindori.
347 918 389 985 ad
411 920 470 986 Or.
482 919 617 988 Xvnl.
629 919 702 986 214.
724 922 792 984 non
814 913 959 1006 iuniperi,
983 940 1049 1004 quo
1071 917 1243 985 inferiores

21 1081 26 1091 .
106 1031 260 1087 utuntur
284 1043 314 1088 v.
337 1021 491 1087 Βοίεεοο.Ι
519 1020 562 1087 ad
585 1020 767 1088 Herodian.
796 1042 830 1107 p.
853 1019 924 1086 103.
969 1018 1142 1105 Nusquam
1160 1042 1243 1087 fvero

126 1122 286 1209 reperitur
307 1122 499 1211 ποοημέραι
528 1133 563 1189 et
589 1124 790 1209 τοσημὲραι,
821 1120 881 1188 sed
905 1121 1015 1208 prisea
1033 1123 1244 1190 consuetudo

126 1223 200 1288 tulit
239 1221 427 1289 adverbium
465 1224 555 1310 quod
591 1245 664 1290 cum
703 1222 861 1289 similibus
903 1224 1034 1290 tractat¹
1055 1223 1178 1292 Schol.
1204 1225 1244 1291 ll.

127 1323 262 1391 XXIV.
285 1323 358 1389 657.
391 1321 484 1392 πόσα
515 1327 600 1413 μέρη
633 1323 703 1392 ἐστὶ
735 1325 774 1393 τό
807 1329 1014 1414 ποσσῆμαρ,
1045 1324 1081 1393 ἓν
1110 1325 1176 1414 γάρ
1205 1319 1246 1394 σά

129 1425 268 1491 δύναται
286 1417 372 1492 εἶναι
392 1424 477 1494 διότι
501 1421 663 1496 οὐδέποτε
684 1425 896 1510 πυσματικὸν
913 1426 1016 1510 μέρος
1035 1422 1136 1513 λόχου
1157 1451 1244 1513 προ·

127 1520 287 1593 τάσσεται
309 1524 511 1616 ἐξῃρημένον
532 1532 592 1596 τοῦ
614 1523 786 1606 ποδαπός·
810 1527 854 1612 (v.
876 1529 920 1592 ad
939 1530 996 1614 Aj.
1018 1551 1052 1615 p.
1066 1529 1159 1613 402.)
1183 1524 1245 1598 δύο

128 1625 166 1694 δὲ
189 1622 291 1693 πάλιν
319 1621 358 1694 οὐ
383 1624 536 1695 δύνανται
563 1622 665 1697 εἶναι·
692 1623 819 1716 εἰρήκει
847 1628 910 1716 γὰρ
936 1625 1091 1715 dumiso
1118 1624 1244 1718 ἤματα.

124 1720 372 1814 ’1πορουμένου
404 1725 512 1796 τοίνυν
544 1723 648 1797 αὐτοῦ
679 1723 816 1797 κάλλιόν
846 1716 918 1796 ἔστι
950 1714 1058 1817 λέγειν
1085 1726 1120 1797 tv
1156 1724 1243 1797 ε7ναι

128 1829 231 1913 μέρος
251 1825 370 1912 ὅμοιον
395 1833 442 1917 τῷ
469 1828 628 1919 ἐννῆμαρ,
653 1824 799 1919 ἑξῆμαρ,
823 1825 988 1919 αι’πῆμαρ.
1032 1826 1141 1897 Nobis
1163 1831 1245 1899 haec

129 1951 233 2017 paene
258 1928 374 2016 putida
398 1930 527 1997 videtur
555 1930 747 1997 consultatio
775 1931 834 1996 sed
861 1933 1070 1999 Herodianus
1096 1956 1166 1999 non
1192 1935 1245 2000 in·

128 2031 356 2118 tempestivum
381 2033 543 2117 judicavit
577 2053 745 2099 occurrere
780 2031 980 2098 errantibust
1016 2034 1247 2121 παραιτητέον

128 2133 206 2213 τοὺς
227 2133 312 2200 κατὰ
338 2131 488 2202 διάλυσιν
509 2132 802 2221 ἀναγινώσκοντας.
847 2133 932 2200 Cum
954 2127 1123 2224 αι’νιῆμαρ,
1153 2135 1245 2222 quod

128 2234 227 2320 vulgo
253 2234 371 2301 dicitur
393 2231 588 2322 αὐθημερόν
610 2249 647 2303 ut
670 2232 829 2323 αὖθωρόν
853 2247 886 2302 et
910 2229 1079 2316 αιἰτόετες,
1109 2239 1245 2304 ceteris·

131 2357 195 2420 que
223 2335 494 2423 inseparabilibus
526 2338 560 2403 in
587 2340 667 2405 ΕΜ.
689 2339 767 2415 343,
793 2337 844 2403 50.
878 2336 1041 2402 confertur
1071 2335 1245 2443 πανῆμαρ,

130 2439 222 2524 eujus
244 2437 404 2527 scriptura
425 2449 633 2507 controversa
654 2451 704 2507 est
724 2440 758 2505 in
779 2439 846 2507 Od.
859 2437 964 2504 XIII.
978 2439 1030 2503 31.
1052 2433 1135 2524 ἀνὴρ
1161 2429 1188 2527 ᾧ
1209 2463 1247 2506 τι

130 2545 292 2629 πανῆμαρ
317 2536 378 2625 βόε
406 2540 541 2628 ἕλκητον
570 2535 725 2629 άροτρον·
754 2565 830 2607 nam
856 2540 1096 2626 Aristophanes
1121 2534 1183 2606 οὐκ
1211 2537 1247 2604 ἐν

130 2643 287 2727 συνθέσει
315 2637 401 2709 ἀλλὰ
423 2647 492 2710 πᾶν
517 2636 589 2708 εἶτα
614 2636 689 2708 κατ’
718 2639 808 2709 ἰδίαν
830 2641 866 2708 τό
891 2637 994 2729 ἦμαρ,
1024 2641 1091 2705 sive
1118 2640 1147 2704 is
1176 2639 1272 2706 πᾶν

131 2742 250 2829 surripi
279 2763 378 2829 posse
406 2743 531 2830 putavit
558 2745 596 2808 ut'
623 2739 728 2822 ἅπαν,
758 2744 914 2830 πρόπαν,
945 2744 1012 2809 sive
1039 2732 1065 2831 ᾧ
1089 2738 1126 2809 θ’
1154 2739 1247 2809 ἅπαν

131 2834 261 2933 scripsit
275 2846 317 2931 ⁸).
361 2844 401 2910 In
426 2844 539 2929 Quint.
566 2844 607 2910 L.
630 2844 694 2910 111.
719 2846 790 2910 713.
820 2835 1169 2932 άνεμοι-πανῆμαρ
1189 2841 1246 2919 καὶ

130 2944 230 3012 νύκτα
259 2933 357 3014 νέκυν
380 2945 682 3034 περιπαιπνόοντες
710 2945 935 3033 reponendum
965 2956 1014 3010 est
1043 2949 1110 3011 πᾶν
1140 2937 1245 3032 ἦμαρ,

131 3048 220 3134 quod
243 3048 461 3117 Schneiderus
485 3049 644 3137 Oppiano
666 3048 810 3113 reddidit
827 3049 903 3113 Hal.
915 3050 976 3116 IV.
991 3047 1062 3113 178.
1084 3042 1136 3111 cisi
1159 3069 1247 3111 nar-

130 3154 221 3237 ἦμαρ
248 3146 315 3216 ὑπὸ
343 3152 544 3238 γλαφυροῖσι
568 3155 703 3232 μυχοῖσι
726 3150 835 3232 κίχλαι
857 3145 1064 3226 ναιετάουσι,
1093 3146 1149 3211 ubi
1177 3169 1246 3212 non

130 3271 187 3334 μιν
212 3246 312 3317 totu'm
337 3255 417 3316 diem
446 3251 608 3337 significat
636 3253 695 3318 sed
725 3249 837 3329 πάσας
865 3245 992 3338 ἡμέρας
1020 3260 1067 3314 ut¹
1084 3249 1244 3337 Apollon.

130 3352 276 3419 11.530.
328 3351 413 3419 Cum
444 3354 611 3438 adjectivis
644 3353 861 3440 compositum
894 3375 1021 3439 semper
1052 3353 1245 3439 corripitur:

130 3452 169 3520 τὸ
197 3458 265 3519 πᾶν
293 3453 528 3538 συντιθέμενον
556 3454 590 3522 ἐν
616 3449 701 3543 άρχῇ
728 3460 789 3542 τῆς
816 3453 937 3533 λέξειας
962 3455 1131 3521 συστέλλει
1158 3440 1246 3519 τὸα-

131 3552 338 3633 πανάθλιος,
359 3556 531 3646 πανίερος,
552 3552 832 3642 παμπόνηροςῖ),
857 3556 944 3640 πλὴν
961 3558 1019 3622 τοῦ
1040 3551 1247 3633 πανάπαλος

201 3777 230 3845 6)
249 3769 292 3828 lli
308 3779 366 3831 πᾶν
385 3799 459 3849 ημαρ
481 3776 628 3849 proposuit
646 3774 788 3830 Nauckius
808 3773 836 3828 in
855 3773 966 3842 Fragm.
985 3771 1071 3826 Arist.
1089 3792 1118 3846 p.
1133 3774 1175 3829 53.
1197 3773 1247 3845 qui

131 3866 263 3936 πανῆμαρ
277 3863 343 3934 jure
357 3863 482 3918 damnari
500 3872 596 3918 censet
609 3862 714 3934 quippe
731 3863 766 3915 ab
783 3859 912 3929 analogia
928 3858 1107 3926 destitutum
1128 3861 1178 3914 sed
1191 3861 1248 3915 boe

132 3949 207 4004 idem
223 3949 276 4005 dici
291 3959 385 4021 potest
399 3951 434 4005 de
449 3954 589 4022 προῆμαρ,
602 3943 715 4021 πρὸνυξ,
730 3941 869 4018 εἰνάνυχες
887 3945 1037 4016 multisque
1051 3945 1111 4001 aliis
1124 3946 1246 4002 homeri·

133 4053 229 4090 corum
245 4037 455 4093 vocabulorum.
481 4036 527 4107 [In
545 4033 643 4101 Quinti
661 4035 725 4090 loeo
743 4052 818 4089 nunc
836 4031 990 4105 repositum
1008 4040 1064 4098 est,
1083 4035 1160 4104 qnod
1179 4032 1247 4088 oiim

135 4111 296 4192 suaseram]

202 4210 231 4275 7)
244 4209 348 4265 Mirum
365 4227 415 4267 cur
431 4211 486 4265 hoc
503 4206 621 4280 elegerit
637 4223 707 4279 prae
725 4204 819 4262 multis
835 4222 953 4278 quorum
970 4221 1100 4271 mansura
1118 4222 1152 4260 ex
1167 4222 1247 4259 versu

135 4293 323 4364 cognoscitur.
