<?xml version="1.0" encoding="UTF-8"?>
<!DOCTYPE html PUBLIC "-//W3C//DTD XHTML 1.0 Transitional//EN"
    "http://www.w3.org/TR/xhtml1/DTD/xhtml1-transitional.dtd">
<html xmlns="http://www.w3.org/1999/xhtml" xml:lang="en" lang="en">
 <head>
  <title>
</title>
<meta http-equiv="Content-Type" content="text/html;charset=utf-8" />
  <meta name='ocr-system' content='tesseract 3.04.00' />
  <meta name='ocr-capabilities' content='ocr_page ocr_carea ocr_par ocr_line ocrx_word'/>
</head>
<body>
  <div class='ocr_page' id='page_1' title='image "./pathologiaegrae00lobegoog_0563.png"; bbox 0 0 2736 4778; ppageno 0'>
   <div class='ocr_carea' id='block_1_1' title="bbox 198 283 1235 417">
    <p class='ocr_par' dir='ltr' id='par_1_1' title="bbox 198 283 1235 417">
     <span class='ocr_line' id='line_1_1' title="bbox 198 283 1235 417; baseline 0.008 -17"><span class='ocrx_word' id='word_1_1' title='bbox 198 328 264 400; x_wconf 82' lang='lat' dir='ltr'>on</span> <span class='ocrx_word' id='word_1_2' title='bbox 281 283 555 399; x_wconf 65' lang='lat' dir='ltr'>rahnrrmsr</span> <span class='ocrx_word' id='word_1_3' title='bbox 572 327 635 398; x_wconf 84' lang='lat' dir='ltr'>ur</span> <span class='ocrx_word' id='word_1_4' title='bbox 654 327 931 409; x_wconf 61' lang='lat' dir='ltr'>sciturum„</span> <span class='ocrx_word' id='word_1_5' title='bbox 954 327 993 396; x_wconf 90' lang='lat' dir='ltr'>o.</span> <span class='ocrx_word' id='word_1_6' title='bbox 1003 328 1051 397; x_wconf 91' lang='lat'>11.</span> <span class='ocrx_word' id='word_1_7' title='bbox 1067 331 1094 417; x_wconf 74' lang='grc' dir='ltr'>ς.</span> <span class='ocrx_word' id='word_1_8' title='bbox 1104 329 1133 396; x_wconf 91' lang='lat'>1.</span> <span class='ocrx_word' id='word_1_9' title='bbox 1163 334 1235 409; x_wconf 74' lang='grc' dir='ltr'><strong><em>τοι</em></strong></span> 
     </span>
    </p>
   </div>
   <div class='ocr_carea' id='block_1_2' title="bbox 121 513 1241 1539">
    <p class='ocr_par' dir='ltr' id='par_1_2' title="bbox 121 513 1241 1516">
     <span class='ocr_line' id='line_1_2' title="bbox 124 513 1238 606; baseline -0.001 -21"><span class='ocrx_word' id='word_1_10' title='bbox 124 513 287 606; x_wconf 77' lang='grc' dir='ltr'><strong><em>αἰχμητήν</em></strong></span> <span class='ocrx_word' id='word_1_11' title='bbox 307 516 494 583; x_wconf 79' lang='lat' dir='ltr'>interductu</span> <span class='ocrx_word' id='word_1_12' title='bbox 518 525 731 603; x_wconf 78' lang='lat' dir='ltr'><strong>separarunt,</strong></span> <span class='ocrx_word' id='word_1_13' title='bbox 764 514 964 584; x_wconf 69' lang='lat' dir='ltr'><strong>scholiastes</strong></span> <span class='ocrx_word' id='word_1_14' title='bbox 984 536 1061 584; x_wconf 85' lang='lat' dir='ltr'>vero</span> <span class='ocrx_word' id='word_1_15' title='bbox 1082 515 1238 605; x_wconf 80' lang='lat' dir='ltr'>Dionysii</span> 
     </span>
     <span class='ocr_line' id='line_1_3' title="bbox 121 611 1238 706; baseline 0.001 -21"><span class='ocrx_word' id='word_1_16' title='bbox 121 630 262 704; x_wconf 88' lang='lat' dir='ltr'>utroque</span> <span class='ocrx_word' id='word_1_17' title='bbox 282 639 385 684; x_wconf 91' lang='lat' dir='ltr'>unum</span> <span class='ocrx_word' id='word_1_18' title='bbox 403 616 581 703; x_wconf 83' lang='lat' dir='ltr'>significari</span> <span class='ocrx_word' id='word_1_19' title='bbox 598 629 693 706; x_wconf 84' lang='lat' dir='ltr'>putat</span> <span class='ocrx_word' id='word_1_20' title='bbox 712 614 769 683; x_wconf 84' lang='grc' dir='ltr'><strong><em>τόν</em></strong></span> <span class='ocrx_word' id='word_1_21' title='bbox 791 616 889 705; x_wconf 75' lang='grc' dir='ltr'><strong><em>ἐντῷ</em></strong></span> <span class='ocrx_word' id='word_1_22' title='bbox 911 611 1083 701; x_wconf 75' lang='grc' dir='ltr'><em>αἰχμάζειν</em></span> <span class='ocrx_word' id='word_1_23' title='bbox 1104 612 1238 703; x_wconf 70' lang='grc' dir='ltr'><strong><em>ἀγριαί-</em></strong></span> 
     </span>
     <span class='ocr_line' id='line_1_4' title="bbox 121 715 1240 808; baseline -0.002 -19"><span class='ocrx_word' id='word_1_24' title='bbox 121 746 219 788; x_wconf 81' lang='grc' dir='ltr'><strong><em>νοντα</em></strong></span> <span class='ocrx_word' id='word_1_25' title='bbox 245 742 312 786; x_wconf 90' lang='lat' dir='ltr'>uno</span> <span class='ocrx_word' id='word_1_26' title='bbox 342 717 442 785; x_wconf 87' lang='lat' dir='ltr'>verbo</span> <span class='ocrx_word' id='word_1_27' title='bbox 472 715 687 804; x_wconf 71' lang='grc' dir='ltr'><strong><em>λγχιίμαρμον</em></strong></span> <span class='ocrx_word' id='word_1_28' title='bbox 713 717 766 784; x_wconf 81' lang='lat' dir='ltr'>vel</span> <span class='ocrx_word' id='word_1_29' title='bbox 796 720 959 808; x_wconf 81' lang='grc' dir='ltr'><strong><em>όοριμανῆ</em></strong></span> <span class='ocrx_word' id='word_1_30' title='bbox 991 738 1063 786; x_wconf 77' lang='lat' dir='ltr'>tute</span> <span class='ocrx_word' id='word_1_31' title='bbox 1084 721 1240 802; x_wconf 67' lang='lat' dir='ltr'>[uectem</span> 
     </span>
     <span class='ocr_line' id='line_1_5' title="bbox 121 816 1241 911; baseline -0.002 -23"><span class='ocrx_word' id='word_1_32' title='bbox 121 833 159 888; x_wconf 93' lang='lat' dir='ltr'>ut</span> <span class='ocrx_word' id='word_1_33' title='bbox 180 833 300 911; x_wconf 84' lang='lat' dir='ltr'>poetae</span> <span class='ocrx_word' id='word_1_34' title='bbox 321 819 414 887; x_wconf 88' lang='lat' dir='ltr'>latini</span> <span class='ocrx_word' id='word_1_35' title='bbox 436 819 599 886; x_wconf 79' lang='lat' dir='ltr'>dieuntv.</span> <span class='ocrx_word' id='word_1_36' title='bbox 616 818 732 886; x_wconf 87' lang='lat' dir='ltr'>Heius</span> <span class='ocrx_word' id='word_1_37' title='bbox 756 816 1146 888; x_wconf 60' lang='lat' dir='ltr'>novarensium.</span> <span class='ocrx_word' id='word_1_38' title='bbox 1183 818 1241 889; x_wconf 83' lang='lat' dir='ltr'>Sic</span> 
     </span>
     <span class='ocr_line' id='line_1_6' title="bbox 122 910 1240 1011; baseline -0.005 -21"><span class='ocrx_word' id='word_1_39' title='bbox 122 925 221 990; x_wconf 86' lang='lat' dir='ltr'>etiam</span> <span class='ocrx_word' id='word_1_40' title='bbox 242 921 415 1010; x_wconf 81' lang='grc' dir='ltr'><strong><em>πυλάρτης</em></strong></span> <span class='ocrx_word' id='word_1_41' title='bbox 437 916 675 1009; x_wconf 76' lang='grc' dir='ltr'><strong><em>κρατιρόςΙλ-</em></strong></span> <span class='ocrx_word' id='word_1_42' title='bbox 671 920 782 987; x_wconf 84' lang='grc' dir='ltr'><strong>-.Χ1Π</strong></span> <span class='ocrx_word' id='word_1_43' title='bbox 804 920 878 988; x_wconf 83' lang='grc'><strong>415.</strong></span> <span class='ocrx_word' id='word_1_44' title='bbox 903 910 1124 1011; x_wconf 82' lang='lat' dir='ltr'>explicatur‘</span> <span class='ocrx_word' id='word_1_45' title='bbox 1107 943 1126 986; x_wconf 95' lang='grc' dir='ltr'><strong><em>ο</em></strong></span> <span class='ocrx_word' id='word_1_46' title='bbox 1148 915 1240 1003; x_wconf 74' lang='grc' dir='ltr'><strong><em>λαχν-</em></strong></span> 
     </span>
     <span class='ocr_line' id='line_1_7' title="bbox 123 1014 1241 1112; baseline -0.003 -21"><span class='ocrx_word' id='word_1_47' title='bbox 123 1029 190 1111; x_wconf 85' lang='grc' dir='ltr'>ρῶς</span> <span class='ocrx_word' id='word_1_48' title='bbox 212 1023 273 1103; x_wconf 85' lang='grc' dir='ltr'><strong><em>τὰς</em></strong></span> <span class='ocrx_word' id='word_1_49' title='bbox 296 1018 405 1101; x_wconf 86' lang='grc' dir='ltr'><strong><em>πόλος</em></strong></span> <span class='ocrx_word' id='word_1_50' title='bbox 431 1016 598 1107; x_wconf 80' lang='grc' dir='ltr'><strong><em>ἁρμόζων·</em></strong></span> <span class='ocrx_word' id='word_1_51' title='bbox 622 1014 797 1109; x_wconf 79' lang='grc' dir='ltr'><strong><em>οἰμφόττρα</em></strong></span> <span class='ocrx_word' id='word_1_52' title='bbox 819 1022 881 1112; x_wconf 75' lang='grc' dir='ltr'>γὰρ</span> <span class='ocrx_word' id='word_1_53' title='bbox 907 1021 995 1111; x_wconf 83' lang='grc' dir='ltr'><strong><em>πρὸς</em></strong></span> <span class='ocrx_word' id='word_1_54' title='bbox 1017 1018 1052 1091; x_wconf 72' lang='grc' dir='ltr'>ἓν</span> <span class='ocrx_word' id='word_1_55' title='bbox 1077 1017 1241 1110; x_wconf 75' lang='grc' dir='ltr'><strong><em>ληπτέον·</em></strong></span> 
     </span>
     <span class='ocr_line' id='line_1_8' title="bbox 124 1116 1240 1246; baseline 0.002 -56"><span class='ocrx_word' id='word_1_56' title='bbox 124 1137 158 1190; x_wconf 88' lang='lat' dir='ltr'>et</span> <span class='ocrx_word' id='word_1_57' title='bbox 179 1124 350 1246; x_wconf 84' lang='lat' dir='ltr'>argutius</span> <span class='ocrx_word' id='word_1_58' title='bbox 346 1123 442 1190; x_wconf 88' lang='lat' dir='ltr'>etiam</span> <span class='ocrx_word' id='word_1_59' title='bbox 458 1121 535 1191; x_wconf 91' lang='lat' dir='ltr'>Sch.</span> <span class='ocrx_word' id='word_1_60' title='bbox 544 1121 628 1189; x_wconf 89' lang='lat' dir='ltr'>XX</span> <span class='ocrx_word' id='word_1_61' title='bbox 640 1122 713 1189; x_wconf 82' lang='lat'><strong>396.</strong></span> <span class='ocrx_word' id='word_1_62' title='bbox 732 1120 858 1191; x_wconf 74' lang='grc' dir='ltr'><strong><em>ἐσθλόν</em></strong></span> <span class='ocrx_word' id='word_1_63' title='bbox 879 1116 1067 1213; x_wconf 75' lang='grc' dir='ltr'><strong><em>ἀλεξητῆρα</em></strong></span> <span class='ocrx_word' id='word_1_64' title='bbox 1086 1118 1240 1210; x_wconf 52' lang='lat' dir='ltr'>primm)</span> 
     </span>
     <span class='ocr_line' id='line_1_9' title="bbox 122 1208 1241 1345; baseline -0.002 -52"><span class='ocrx_word' id='word_1_65' title='bbox 122 1226 162 1293; x_wconf 75' lang='grc' dir='ltr'>ἐκ</span> <span class='ocrx_word' id='word_1_66' title='bbox 182 1232 248 1294; x_wconf 83' lang='grc' dir='ltr'><strong><em>τῶν</em></strong></span> <span class='ocrx_word' id='word_1_67' title='bbox 269 1208 369 1309; x_wconf 75' lang='grc' dir='ltr'><strong><em>τριόν</em></strong></span> <span class='ocrx_word' id='word_1_68' title='bbox 390 1221 424 1292; x_wconf 72' lang='grc' dir='ltr'>ἓν</span> <span class='ocrx_word' id='word_1_69' title='bbox 445 1220 615 1309; x_wconf 80' lang='grc' dir='ltr'><em>σημαίνει,</em></span> <span class='ocrx_word' id='word_1_70' title='bbox 639 1223 673 1291; x_wconf 74' lang='grc' dir='ltr'>ἐν</span> <span class='ocrx_word' id='word_1_71' title='bbox 693 1223 831 1345; x_wconf 79' lang='grc' dir='ltr'><strong><em>πολέμῳ</em></strong></span> <span class='ocrx_word' id='word_1_72' title='bbox 854 1215 993 1309; x_wconf 71' lang='grc' dir='ltr'>ἀγαθόν.</span> <span class='ocrx_word' id='word_1_73' title='bbox 1038 1214 1223 1292; x_wconf 71' lang='lat' dir='ltr'>ento</span> <span class='ocrx_word' id='word_1_74' title='bbox 1182 1246 1241 1291; x_wconf 90' lang='grc' dir='ltr'>ονν</span> 
     </span>
     <span class='ocr_line' id='line_1_10' title="bbox 122 1317 1241 1413; baseline -0.003 -18"><span class='ocrx_word' id='word_1_75' title='bbox 122 1319 182 1395; x_wconf 71' lang='grc' dir='ltr'><strong><em>ἐπ’</em></strong></span> <span class='ocrx_word' id='word_1_76' title='bbox 207 1320 308 1405; x_wconf 76' lang='grc' dir='ltr'><strong><em>αὐτόν</em></strong></span> <span class='ocrx_word' id='word_1_77' title='bbox 329 1320 467 1411; x_wconf 77' lang='grc' dir='ltr'><strong><em>(αὐτῶν)</em></strong></span> <span class='ocrx_word' id='word_1_78' title='bbox 491 1321 551 1411; x_wconf 82' lang='grc' dir='ltr'><strong><em>τὴν</em></strong></span> <span class='ocrx_word' id='word_1_79' title='bbox 578 1321 727 1413; x_wconf 80' lang='grc' dir='ltr'><em>συναφὴν</em></span> <span class='ocrx_word' id='word_1_80' title='bbox 749 1317 868 1391; x_wconf 78' lang='grc' dir='ltr'><em>σύνδυο</em></span> <span class='ocrx_word' id='word_1_81' title='bbox 889 1328 949 1413; x_wconf 80' lang='grc' dir='ltr'><strong><em>τῆς</em></strong></span> <span class='ocrx_word' id='word_1_82' title='bbox 970 1349 1006 1392; x_wconf 80' lang='grc' dir='ltr'><strong><em>τι</em></strong></span> <span class='ocrx_word' id='word_1_83' title='bbox 1026 1319 1164 1412; x_wconf 80' lang='grc' dir='ltr'><strong><em>πρώτης</em></strong></span> <span class='ocrx_word' id='word_1_84' title='bbox 1184 1323 1241 1392; x_wconf 79' lang='grc' dir='ltr'>καὶ</span> 
     </span>
     <span class='ocr_line' id='line_1_11' title="bbox 123 1412 1239 1539; baseline -0.001 -47"><span class='ocrx_word' id='word_1_85' title='bbox 123 1423 238 1516; x_wconf 85' lang='grc' dir='ltr'><strong><em>τρλτης</em></strong></span> <span class='ocrx_word' id='word_1_86' title='bbox 255 1412 387 1508; x_wconf 62' lang='grc' dir='ltr'><strong><em>λλξτοις,</em></strong></span> <span class='ocrx_word' id='word_1_87' title='bbox 410 1425 474 1493; x_wconf 91' lang='lat' dir='ltr'>hoc</span> <span class='ocrx_word' id='word_1_88' title='bbox 492 1435 544 1492; x_wconf 88' lang='lat' dir='ltr'>est</span> <span class='ocrx_word' id='word_1_89' title='bbox 564 1422 687 1494; x_wconf 79' lang='grc' dir='ltr'><strong><em>ἐσθλὸν</em></strong></span> <span class='ocrx_word' id='word_1_90' title='bbox 672 1417 897 1539; x_wconf 72' lang='grc' dir='ltr'><strong><em>ἀλεξητῆρα</em></strong></span> <span class='ocrx_word' id='word_1_91' title='bbox 889 1420 1019 1539; x_wconf 81' lang='grc' dir='ltr'><strong><em>μάχη.</em></strong></span> <span class='ocrx_word' id='word_1_92' title='bbox 1057 1426 1101 1492; x_wconf 87' lang='lat' dir='ltr'>Et</span> <span class='ocrx_word' id='word_1_93' title='bbox 1116 1424 1239 1491; x_wconf 80' lang='lat' dir='ltr'>Eusta-</span> 
     </span>
    </p>
   </div>
   <div class='ocr_carea' id='block_1_3' title="bbox 120 1508 1271 2342">
    <p class='ocr_par' dir='ltr' id='par_1_3' title="bbox 120 1508 1271 2137">
     <span class='ocr_line' id='line_1_12' title="bbox 125 1508 1271 1632; baseline 0.003 -24"><span class='ocrx_word' id='word_1_94' title='bbox 125 1542 213 1611; x_wconf 88' lang='lat' dir='ltr'>thius</span> <span class='ocrx_word' id='word_1_95' title='bbox 233 1540 305 1624; x_wconf 81' lang='lat'><strong>851,</strong></span> <span class='ocrx_word' id='word_1_96' title='bbox 321 1540 427 1610; x_wconf 63' lang='lat'>44⁰</span> <span class='ocrx_word' id='word_1_97' title='bbox 399 1568 512 1630; x_wconf 82' lang='grc' dir='ltr'><strong><em>ωςττερ</em></strong></span> <span class='ocrx_word' id='word_1_98' title='bbox 536 1568 573 1610; x_wconf 93' lang='grc' dir='ltr'><strong><em>το</em></strong></span> <span class='ocrx_word' id='word_1_99' title='bbox 562 1508 715 1623; x_wconf 85' lang='grc' dir='ltr'><strong><em>τοξότα</em></strong></span> <span class='ocrx_word' id='word_1_100' title='bbox 734 1509 944 1629; x_wconf 75' lang='grc' dir='ltr'><strong><em>λοιβητήρ’</em></strong></span> <span class='ocrx_word' id='word_1_101' title='bbox 910 1537 998 1609; x_wconf 86' lang='grc' dir='ltr'><strong><em>οότω</em></strong></span> <span class='ocrx_word' id='word_1_102' title='bbox 1019 1540 1076 1609; x_wconf 78' lang='grc' dir='ltr'>καὶ</span> <span class='ocrx_word' id='word_1_103' title='bbox 1098 1539 1135 1608; x_wconf 84' lang='grc' dir='ltr'><strong><em>τό</em></strong></span> <span class='ocrx_word' id='word_1_104' title='bbox 1158 1543 1240 1632; x_wconf 76' lang='grc' dir='ltr'>κέρᾳ</span> <span class='ocrx_word' id='word_1_105' title='bbox 1268 1546 1271 1555; x_wconf 84' lang='grc'>’</span> 
     </span>
     <span class='ocr_line' id='line_1_13' title="bbox 122 1634 1241 1734; baseline -0.003 -22"><span class='ocrx_word' id='word_1_106' title='bbox 122 1639 227 1731; x_wconf 75' lang='lat' dir='ltr'>eyter</span> <span class='ocrx_word' id='word_1_107' title='bbox 253 1651 505 1729; x_wconf 77' lang='grc' dir='ltr'><strong><em>παρθενοπῖπα</em></strong></span> <span class='ocrx_word' id='word_1_108' title='bbox 531 1638 578 1734; x_wconf 79' lang='grc' dir='ltr'>όφ</span> <span class='ocrx_word' id='word_1_109' title='bbox 582 1637 699 1711; x_wconf 67' lang='grc' dir='ltr'>’ἕν’</span> <span class='ocrx_word' id='word_1_110' title='bbox 679 1642 905 1728; x_wconf 80' lang='grc' dir='ltr'><strong><em>αναμνωστὲον</em></strong></span> <span class='ocrx_word' id='word_1_111' title='bbox 926 1634 1028 1731; x_wconf 78' lang='grc' dir='ltr'><strong><em>η’μοον</em></strong></span> <span class='ocrx_word' id='word_1_112' title='bbox 1048 1644 1159 1726; x_wconf 83' lang='grc' dir='ltr'><strong><em>κομῶν</em></strong></span> <span class='ocrx_word' id='word_1_113' title='bbox 1180 1640 1241 1710; x_wconf 74' lang='grc' dir='ltr'><strong><em>ἐπὶ</em></strong></span> 
     </span>
     <span class='ocr_line' id='line_1_14' title="bbox 120 1740 1238 1833; baseline -0.001 -22"><span class='ocrx_word' id='word_1_114' title='bbox 120 1747 168 1832; x_wconf 79' lang='grc' dir='ltr'><strong><em>τῷ</em></strong></span> <span class='ocrx_word' id='word_1_115' title='bbox 200 1745 260 1825; x_wconf 83' lang='grc' dir='ltr'><strong><em>τὰς</em></strong></span> <span class='ocrx_word' id='word_1_116' title='bbox 292 1746 487 1833; x_wconf 75' lang='grc' dir='ltr'><strong><em>παρθένους</em></strong></span> <span class='ocrx_word' id='word_1_117' title='bbox 517 1740 725 1830; x_wconf 77' lang='grc' dir='ltr'>ὑπάγεσθαι.</span> <span class='ocrx_word' id='word_1_118' title='bbox 782 1744 878 1809; x_wconf 90' lang='lat' dir='ltr'>Haec</span> <span class='ocrx_word' id='word_1_119' title='bbox 906 1743 1045 1810; x_wconf 82' lang='lat' dir='ltr'>fortasse</span> <span class='ocrx_word' id='word_1_120' title='bbox 1078 1742 1238 1810; x_wconf 74' lang='lat' dir='ltr'>curiosius</span> 
     </span>
     <span class='ocr_line' id='line_1_15' title="bbox 123 1845 1238 1934; baseline -0.001 -22"><span class='ocrx_word' id='word_1_121' title='bbox 123 1846 291 1934; x_wconf 82' lang='lat' dir='ltr'>disputata</span> <span class='ocrx_word' id='word_1_122' title='bbox 311 1857 385 1912; x_wconf 84' lang='lat' dir='ltr'>sunt</span> <span class='ocrx_word' id='word_1_123' title='bbox 405 1870 503 1933; x_wconf 90' lang='lat' dir='ltr'>quam</span> <span class='ocrx_word' id='word_1_124' title='bbox 521 1868 656 1914; x_wconf 88' lang='lat' dir='ltr'>necesse</span> <span class='ocrx_word' id='word_1_125' title='bbox 673 1855 742 1912; x_wconf 86' lang='lat' dir='ltr'>erat</span> <span class='ocrx_word' id='word_1_126' title='bbox 762 1845 821 1911; x_wconf 86' lang='lat' dir='ltr'>sed</span> <span class='ocrx_word' id='word_1_127' title='bbox 838 1846 1045 1913; x_wconf 88' lang='lat' dir='ltr'>inveniuntur</span> <span class='ocrx_word' id='word_1_128' title='bbox 1059 1845 1124 1911; x_wconf 87' lang='lat' dir='ltr'>alia</span> <span class='ocrx_word' id='word_1_129' title='bbox 1142 1845 1238 1931; x_wconf 88' lang='lat' dir='ltr'>hujus</span> 
     </span>
     <span class='ocr_line' id='line_1_16' title="bbox 122 1940 1240 2036; baseline 0.001 -25"><span class='ocrx_word' id='word_1_130' title='bbox 122 1946 353 2035; x_wconf 81' lang='lat' dir='ltr'>implicationis</span> <span class='ocrx_word' id='word_1_131' title='bbox 386 1949 537 2036; x_wconf 85' lang='lat' dir='ltr'>exempla</span> <span class='ocrx_word' id='word_1_132' title='bbox 566 1971 650 2034; x_wconf 90' lang='lat' dir='ltr'>quae</span> <span class='ocrx_word' id='word_1_133' title='bbox 675 1970 743 2013; x_wconf 91' lang='lat' dir='ltr'>non</span> <span class='ocrx_word' id='word_1_134' title='bbox 772 1940 878 2012; x_wconf 86' lang='lat' dir='ltr'>solum</span> <span class='ocrx_word' id='word_1_135' title='bbox 905 1959 1051 2014; x_wconf 85' lang='lat' dir='ltr'>veterum</span> <span class='ocrx_word' id='word_1_136' title='bbox 1081 1946 1240 2013; x_wconf 87' lang='lat' dir='ltr'>lectorum</span> 
     </span>
     <span class='ocr_line' id='line_1_17' title="bbox 123 2047 1238 2137; baseline -0.001 -23"><span class='ocrx_word' id='word_1_137' title='bbox 123 2048 334 2116; x_wconf 73' lang='lat' dir='ltr'>subtilitatem</span> <span class='ocrx_word' id='word_1_138' title='bbox 357 2051 521 2118; x_wconf 76' lang='lat' dir='ltr'>declarent</span> <span class='ocrx_word' id='word_1_139' title='bbox 542 2051 602 2117; x_wconf 89' lang='lat' dir='ltr'>sed</span> <span class='ocrx_word' id='word_1_140' title='bbox 626 2049 724 2127; x_wconf 80' lang='lat' dir='ltr'>etiam</span> <span class='ocrx_word' id='word_1_141' title='bbox 744 2049 953 2137; x_wconf 74' lang='lat' dir='ltr'>perspicuam</span> <span class='ocrx_word' id='word_1_142' title='bbox 978 2047 1129 2114; x_wconf 90' lang='lat' dir='ltr'>omnibus</span> <span class='ocrx_word' id='word_1_143' title='bbox 1154 2048 1238 2114; x_wconf 88' lang='lat' dir='ltr'>veri·</span> 
     </span>
    </p>

    <p class='ocr_par' dir='ltr' id='par_1_4' title="bbox 122 2149 1256 2342">
     <span class='ocr_line' id='line_1_18' title="bbox 122 2149 1256 2260; baseline 0 -44"><span class='ocrx_word' id='word_1_144' title='bbox 122 2161 221 2218; x_wconf 86' lang='lat' dir='ltr'>tatem</span> <span class='ocrx_word' id='word_1_145' title='bbox 253 2153 450 2221; x_wconf 76' lang='lat' dir='ltr'>contineant</span> <span class='ocrx_word' id='word_1_146' title='bbox 504 2154 600 2219; x_wconf 90' lang='lat' dir='ltr'>Haec</span> <span class='ocrx_word' id='word_1_147' title='bbox 633 2149 802 2260; x_wconf 81' lang='lat' dir='ltr'>subjiciam</span> <span class='ocrx_word' id='word_1_148' title='bbox 835 2150 927 2218; x_wconf 81' lang='lat' dir='ltr'>alteri</span> <span class='ocrx_word' id='word_1_149' title='bbox 959 2149 1056 2235; x_wconf 89' lang='lat' dir='ltr'>hujus</span> <span class='ocrx_word' id='word_1_150' title='bbox 1089 2149 1256 2239; x_wconf 84' lang='lat' dir='ltr'>disputa·-</span> 
     </span>
     <span class='ocr_line' id='line_1_19' title="bbox 122 2253 577 2342; baseline 0 -22"><span class='ocrx_word' id='word_1_151' title='bbox 122 2253 221 2320; x_wconf 92' lang='lat' dir='ltr'>tionis</span> <span class='ocrx_word' id='word_1_152' title='bbox 244 2253 339 2342; x_wconf 89' lang='lat' dir='ltr'>parti.</span> <span class='ocrx_word' id='word_1_153' title='bbox 567 2260 577 2279; x_wconf 85' lang='lat'><em>⁰</em></span> 
     </span>
    </p>
   </div>
   <div class='ocr_carea' id='block_1_4' title="bbox 584 2521 900 2615">
    <p class='ocr_par' dir='ltr' id='par_1_5' title="bbox 584 2521 900 2615">
     <span class='ocr_line' id='line_1_20' title="bbox 584 2521 900 2615; baseline 0.003 -1"><span class='ocrx_word' id='word_1_154' title='bbox 584 2543 697 2614; x_wconf 77' lang='lat' dir='ltr'>cnr.</span> <span class='ocrx_word' id='word_1_155' title='bbox 726 2542 773 2615; x_wconf 88' lang='lat'>11.</span> <span class='ocrx_word' id='word_1_156' title='bbox 896 2521 900 2532; x_wconf 87' lang='grc'><strong>’</strong></span> 
     </span>
    </p>
   </div>
   <div class='ocr_carea' id='block_1_5' title="bbox 202 2683 1153 2888">
    <p class='ocr_par' dir='ltr' id='par_1_6' title="bbox 202 2683 1153 2888">
     <span class='ocr_line' id='line_1_21' title="bbox 202 2683 1153 2784; baseline 0.001 -25"><span class='ocrx_word' id='word_1_157' title='bbox 202 2684 254 2760; x_wconf 84' lang='lat' dir='ltr'>De</span> <span class='ocrx_word' id='word_1_158' title='bbox 281 2684 531 2784; x_wconf 72' lang='lat' dir='ltr'>adjectivorum</span> <span class='ocrx_word' id='word_1_159' title='bbox 558 2710 632 2758; x_wconf 84' lang='lat' dir='ltr'>cum</span> <span class='ocrx_word' id='word_1_160' title='bbox 658 2687 881 2760; x_wconf 65' lang='lat' dir='ltr'>substentetis</span> <span class='ocrx_word' id='word_1_161' title='bbox 908 2693 945 2759; x_wconf 86' lang='lat' dir='ltr'>et</span> <span class='ocrx_word' id='word_1_162' title='bbox 968 2683 1153 2783; x_wconf 76' lang='lat' dir='ltr'>adjectrhr‘s</span> 
     </span>
     <span class='ocr_line' id='line_1_22' title="bbox 551 2794 805 2888; baseline 0.008 -26"><span class='ocrx_word' id='word_1_163' title='bbox 551 2794 805 2888; x_wconf 83' lang='lat' dir='ltr'>conjunctione.</span> 
     </span>
    </p>
   </div>
   <div class='ocr_carea' id='block_1_6' title="bbox 120 2952 1239 4062">
    <p class='ocr_par' dir='ltr' id='par_1_7' title="bbox 120 2952 1239 4062">
     <span class='ocr_line' id='line_1_23' title="bbox 209 2952 1236 3045; baseline 0.001 -23"><span class='ocrx_word' id='word_1_164' title='bbox 209 2957 235 3040; x_wconf 64' lang='lat' dir='ltr'>t.</span> <span class='ocrx_word' id='word_1_165' title='bbox 259 2955 289 3025; x_wconf 91' lang='grc'><strong>1.</strong></span> <span class='ocrx_word' id='word_1_166' title='bbox 332 2954 471 3045; x_wconf 79' lang='lat' dir='ltr'>Triplex</span> <span class='ocrx_word' id='word_1_167' title='bbox 491 2954 549 3022; x_wconf 91' lang='lat' dir='ltr'>illa</span> <span class='ocrx_word' id='word_1_168' title='bbox 570 2956 788 3042; x_wconf 85' lang='lat' dir='ltr'>colligationis</span> <span class='ocrx_word' id='word_1_169' title='bbox 810 2955 893 3022; x_wconf 87' lang='lat' dir='ltr'>ratio</span> <span class='ocrx_word' id='word_1_170' title='bbox 924 2977 989 3040; x_wconf 86' lang='lat' dir='ltr'>qua</span> <span class='ocrx_word' id='word_1_171' title='bbox 1012 2955 1098 3035; x_wconf 87' lang='grc' dir='ltr'><strong><em>Διὸς</em></strong></span> <span class='ocrx_word' id='word_1_172' title='bbox 1125 2952 1236 3038; x_wconf 80' lang='grc' dir='ltr'><strong><em>πόλις,</em></strong></span> 
     </span>
     <span class='ocr_line' id='line_1_24' title="bbox 120 3052 1237 3142; baseline -0.002 -17"><span class='ocrx_word' id='word_1_173' title='bbox 120 3052 310 3137; x_wconf 82' lang='grc' dir='ltr'><strong><em>Διόςπολις</em></strong></span> <span class='ocrx_word' id='word_1_174' title='bbox 328 3067 360 3125; x_wconf 83' lang='lat' dir='ltr'>st</span> <span class='ocrx_word' id='word_1_175' title='bbox 376 3054 546 3135; x_wconf 88' lang='grc' dir='ltr'><strong><em>Διόπολις</em></strong></span> <span class='ocrx_word' id='word_1_176' title='bbox 567 3057 821 3142; x_wconf 85' lang='lat' dir='ltr'>distinguuntur,</span> <span class='ocrx_word' id='word_1_177' title='bbox 843 3054 983 3120; x_wconf 78' lang='lat' dir='ltr'>semitm</span> <span class='ocrx_word' id='word_1_178' title='bbox 1004 3055 1101 3120; x_wconf 86' lang='lat' dir='ltr'>etiam</span> <span class='ocrx_word' id='word_1_179' title='bbox 1119 3056 1155 3120; x_wconf 91' lang='lat' dir='ltr'>in</span> <span class='ocrx_word' id='word_1_180' title='bbox 1175 3080 1237 3123; x_wconf 90' lang='lat' dir='ltr'>uo·</span> 
     </span>
     <span class='ocr_line' id='line_1_25' title="bbox 120 3154 1238 3247; baseline 0.002 -24"><span class='ocrx_word' id='word_1_181' title='bbox 120 3156 264 3224; x_wconf 87' lang='lat' dir='ltr'>minibus</span> <span class='ocrx_word' id='word_1_182' title='bbox 285 3154 415 3225; x_wconf 91' lang='lat' dir='ltr'>urbium</span> <span class='ocrx_word' id='word_1_183' title='bbox 434 3157 577 3246; x_wconf 88' lang='lat' dir='ltr'>propriis</span> <span class='ocrx_word' id='word_1_184' title='bbox 600 3179 684 3244; x_wconf 86' lang='lat' dir='ltr'>quae</span> <span class='ocrx_word' id='word_1_185' title='bbox 704 3178 778 3224; x_wconf 90' lang='lat' dir='ltr'>cum</span> <span class='ocrx_word' id='word_1_186' title='bbox 791 3156 958 3247; x_wconf 78' lang='lat' dir='ltr'>adjectivis</span> <span class='ocrx_word' id='word_1_187' title='bbox 976 3158 1149 3243; x_wconf 87' lang='lat' dir='ltr'>conjuncta</span> <span class='ocrx_word' id='word_1_188' title='bbox 1163 3171 1238 3225; x_wconf 88' lang='lat' dir='ltr'>sunt</span> 
     </span>
     <span class='ocr_line' id='line_1_26' title="bbox 120 3253 1239 3348; baseline -0.001 -23"><span class='ocrx_word' id='word_1_189' title='bbox 120 3255 268 3348; x_wconf 75' lang='grc' dir='ltr'><strong><em>Μεγάλη</em></strong></span> <span class='ocrx_word' id='word_1_190' title='bbox 289 3253 406 3339; x_wconf 86' lang='grc' dir='ltr'><strong><em>πόλις,</em></strong></span> <span class='ocrx_word' id='word_1_191' title='bbox 429 3255 675 3347; x_wconf 81' lang='grc' dir='ltr'><strong><em>Μιγαλήπολις</em></strong></span> <span class='ocrx_word' id='word_1_192' title='bbox 697 3270 731 3326; x_wconf 92' lang='lat' dir='ltr'>et</span> <span class='ocrx_word' id='word_1_193' title='bbox 749 3258 1004 3347; x_wconf 80' lang='grc' dir='ltr'><strong><em>Μεγαλόπολις.</em></strong></span> <span class='ocrx_word' id='word_1_194' title='bbox 1047 3258 1160 3325; x_wconf 87' lang='lat' dir='ltr'>Prima</span> <span class='ocrx_word' id='word_1_195' title='bbox 1188 3270 1239 3326; x_wconf 88' lang='lat' dir='ltr'>est</span> 
     </span>
     <span class='ocr_line' id='line_1_27' title="bbox 121 3356 1238 3451; baseline 0.003 -26"><span class='ocrx_word' id='word_1_196' title='bbox 121 3359 304 3446; x_wconf 77' lang='lat' dir='ltr'>parathesis</span> <span class='ocrx_word' id='word_1_197' title='bbox 336 3360 517 3448; x_wconf 85' lang='lat' dir='ltr'>impropria</span> <span class='ocrx_word' id='word_1_198' title='bbox 543 3382 609 3447; x_wconf 87' lang='lat' dir='ltr'>qua</span> <span class='ocrx_word' id='word_1_199' title='bbox 634 3383 804 3428; x_wconf 90' lang='lat' dir='ltr'>commune</span> <span class='ocrx_word' id='word_1_200' title='bbox 827 3357 953 3451; x_wconf 74' lang='grc' dir='ltr'><strong><em>μεγάλη</em></strong></span> <span class='ocrx_word' id='word_1_201' title='bbox 975 3356 1075 3441; x_wconf 85' lang='grc' dir='ltr'><strong><em>πόλις</em></strong></span> <span class='ocrx_word' id='word_1_202' title='bbox 1096 3371 1238 3428; x_wconf 86' lang='lat' dir='ltr'>mutatur</span> 
     </span>
     <span class='ocr_line' id='line_1_28' title="bbox 121 3459 1236 3551; baseline 0.004 -25"><span class='ocrx_word' id='word_1_203' title='bbox 121 3462 156 3526; x_wconf 91' lang='lat' dir='ltr'>in</span> <span class='ocrx_word' id='word_1_204' title='bbox 185 3461 354 3549; x_wconf 90' lang='lat' dir='ltr'>proprium</span> <span class='ocrx_word' id='word_1_205' title='bbox 382 3462 493 3550; x_wconf 85' lang='lat' dir='ltr'>specie</span> <span class='ocrx_word' id='word_1_206' title='bbox 521 3486 589 3529; x_wconf 91' lang='lat' dir='ltr'>nou</span> <span class='ocrx_word' id='word_1_207' title='bbox 616 3459 749 3544; x_wconf 72' lang='lat' dir='ltr'>mutata</span> <span class='ocrx_word' id='word_1_208' title='bbox 798 3463 946 3530; x_wconf 89' lang='lat' dir='ltr'>Alteram</span> <span class='ocrx_word' id='word_1_209' title='bbox 966 3484 1119 3528; x_wconf 87' lang='lat' dir='ltr'>vocamus</span> <span class='ocrx_word' id='word_1_210' title='bbox 1138 3486 1236 3551; x_wconf 86' lang='lat' dir='ltr'>para·</span> 
     </span>
     <span class='ocr_line' id='line_1_29' title="bbox 122 3563 1235 3652; baseline 0.004 -23"><span class='ocrx_word' id='word_1_211' title='bbox 122 3564 230 3630; x_wconf 91' lang='lat' dir='ltr'>thesin</span> <span class='ocrx_word' id='word_1_212' title='bbox 253 3563 435 3652; x_wconf 87' lang='lat' dir='ltr'>propriam,</span> <span class='ocrx_word' id='word_1_213' title='bbox 459 3566 552 3650; x_wconf 90' lang='lat' dir='ltr'>cujus</span> <span class='ocrx_word' id='word_1_214' title='bbox 573 3567 706 3632; x_wconf 91' lang='lat' dir='ltr'>unicum</span> <span class='ocrx_word' id='word_1_215' title='bbox 727 3566 882 3633; x_wconf 80' lang='lat' dir='ltr'>indicium</span> <span class='ocrx_word' id='word_1_216' title='bbox 904 3576 954 3630; x_wconf 91' lang='lat' dir='ltr'>est</span> <span class='ocrx_word' id='word_1_217' title='bbox 975 3576 1128 3631; x_wconf 87' lang='lat' dir='ltr'>accentus</span> <span class='ocrx_word' id='word_1_218' title='bbox 1154 3564 1235 3634; x_wconf 89' lang='lat' dir='ltr'>dua·</span> 
     </span>
     <span class='ocr_line' id='line_1_30' title="bbox 120 3666 1236 3760; baseline 0.006 -29"><span class='ocrx_word' id='word_1_219' title='bbox 120 3690 193 3757; x_wconf 82' lang='lat' dir='ltr'>rum</span> <span class='ocrx_word' id='word_1_220' title='bbox 208 3688 326 3733; x_wconf 87' lang='lat' dir='ltr'>vocum</span> <span class='ocrx_word' id='word_1_221' title='bbox 343 3668 533 3733; x_wconf 90' lang='lat' dir='ltr'>communis.</span> <span class='ocrx_word' id='word_1_222' title='bbox 564 3668 729 3754; x_wconf 84' lang='lat' dir='ltr'>Utrinque</span> <span class='ocrx_word' id='word_1_223' title='bbox 747 3668 845 3734; x_wconf 87' lang='lat' dir='ltr'>distat</span> <span class='ocrx_word' id='word_1_224' title='bbox 862 3666 1024 3755; x_wconf 84' lang='lat' dir='ltr'>synthesis</span> <span class='ocrx_word' id='word_1_225' title='bbox 1042 3691 1127 3755; x_wconf 90' lang='lat' dir='ltr'>quae</span> <span class='ocrx_word' id='word_1_226' title='bbox 1143 3680 1236 3760; x_wconf 90' lang='lat' dir='ltr'>trope</span> 
     </span>
     <span class='ocr_line' id='line_1_31' title="bbox 120 3764 1237 3860; baseline 0.005 -27"><span class='ocrx_word' id='word_1_227' title='bbox 120 3767 244 3834; x_wconf 87' lang='lat' dir='ltr'>vocalis</span> <span class='ocrx_word' id='word_1_228' title='bbox 274 3780 418 3848; x_wconf 85' lang='lat' dir='ltr'>notatur,</span> <span class='ocrx_word' id='word_1_229' title='bbox 447 3781 484 3834; x_wconf 92' lang='lat' dir='ltr'>ut</span> <span class='ocrx_word' id='word_1_230' title='bbox 511 3771 545 3835; x_wconf 93' lang='lat' dir='ltr'>iu</span> <span class='ocrx_word' id='word_1_231' title='bbox 571 3764 769 3860; x_wconf 74' lang='lat' dir='ltr'>appellativo</span> <span class='ocrx_word' id='word_1_232' title='bbox 797 3766 982 3857; x_wconf 73' lang='grc' dir='ltr'><strong><em>ἀκρόπολις</em></strong></span> <span class='ocrx_word' id='word_1_233' title='bbox 1003 3781 1037 3838; x_wconf 86' lang='lat' dir='ltr'>et</span> <span class='ocrx_word' id='word_1_234' title='bbox 1056 3773 1092 3838; x_wconf 90' lang='lat' dir='ltr'>in</span> <span class='ocrx_word' id='word_1_235' title='bbox 1108 3773 1237 3839; x_wconf 90' lang='lat' dir='ltr'>urbium</span> 
     </span>
     <span class='ocr_line' id='line_1_32' title="bbox 122 3867 1235 3961; baseline 0.003 -25"><span class='ocrx_word' id='word_1_236' title='bbox 122 3870 297 3936; x_wconf 84' lang='lat' dir='ltr'>illustrium</span> <span class='ocrx_word' id='word_1_237' title='bbox 326 3869 479 3959; x_wconf 88' lang='lat' dir='ltr'>epithetis</span> <span class='ocrx_word' id='word_1_238' title='bbox 508 3869 699 3959; x_wconf 76' lang='grc' dir='ltr'><strong><em>λερόπολις,</em></strong></span> <span class='ocrx_word' id='word_1_239' title='bbox 727 3867 972 3958; x_wconf 75' lang='grc' dir='ltr'><strong><em>μεγαλόπολις,</em></strong></span> <span class='ocrx_word' id='word_1_240' title='bbox 1001 3868 1235 3961; x_wconf 79' lang='grc' dir='ltr'><strong><em>οὐρανόπολις,</em></strong></span> 
     </span>
     <span class='ocr_line' id='line_1_33' title="bbox 123 3967 1236 4062; baseline 0.001 -24"><span class='ocrx_word' id='word_1_241' title='bbox 123 3971 339 4053; x_wconf 79' lang='grc' dir='ltr'><strong><em>ναλλίπολις,</em></strong></span> <span class='ocrx_word' id='word_1_242' title='bbox 368 3973 415 4050; x_wconf 85' lang='lat' dir='ltr'>sio</span> <span class='ocrx_word' id='word_1_243' title='bbox 441 3973 639 4062; x_wconf 90' lang='lat' dir='ltr'>inpropriis</span> <span class='ocrx_word' id='word_1_244' title='bbox 663 3968 850 4060; x_wconf 84' lang='grc' dir='ltr'><strong><em>Ἱερόπολις</em></strong></span> <span class='ocrx_word' id='word_1_245' title='bbox 879 3973 938 4040; x_wconf 81' lang='grc' dir='ltr'>καὶ</span> <span class='ocrx_word' id='word_1_246' title='bbox 959 3967 1146 4060; x_wconf 79' lang='grc' dir='ltr'><strong><em>Ἱερόπολις</em></strong></span> <span class='ocrx_word' id='word_1_247' title='bbox 1177 3971 1236 4039; x_wconf 82' lang='grc' dir='ltr'>διὰ</span> 
     </span>
    </p>
   </div>
   <div class='ocr_carea' id='block_1_7' title="bbox 120 4126 459 4141">
    <p class='ocr_par' dir='ltr' id='par_1_8' title="bbox 120 4126 459 4141">
     <span class='ocr_line' id='line_1_34' title="bbox 120 4126 459 4141; baseline 0 0"><span class='ocrx_word' id='word_1_248' title='bbox 120 4126 459 4141; x_wconf 46' lang='lat' dir='ltr'>*m</span> 
     </span>
    </p>
   </div>
   <div class='ocr_carea' id='block_1_8' title="bbox 192 4203 1270 4287">
    <p class='ocr_par' dir='ltr' id='par_1_9' title="bbox 192 4203 1270 4287">
     <span class='ocr_line' id='line_1_35' title="bbox 192 4203 1270 4287; baseline -0.002 -24"><span class='ocrx_word' id='word_1_249' title='bbox 192 4213 236 4278; x_wconf 77' lang='lat'>20)</span> <span class='ocrx_word' id='word_1_250' title='bbox 257 4209 305 4266; x_wconf 88' lang='lat' dir='ltr'>Sic</span> <span class='ocrx_word' id='word_1_251' title='bbox 318 4228 371 4284; x_wconf 92' lang='lat' dir='ltr'>pro</span> <span class='ocrx_word' id='word_1_252' title='bbox 389 4209 479 4284; x_wconf 75' lang='grc' dir='ltr'><strong><em>μάχης</em></strong></span> <span class='ocrx_word' id='word_1_253' title='bbox 496 4210 630 4287; x_wconf 85' lang='lat' dir='ltr'>scriptum</span> <span class='ocrx_word' id='word_1_254' title='bbox 646 4221 689 4269; x_wconf 89' lang='lat' dir='ltr'>est</span> <span class='ocrx_word' id='word_1_255' title='bbox 705 4210 734 4268; x_wconf 87' lang='lat' dir='ltr'>in</span> <span class='ocrx_word' id='word_1_256' title='bbox 746 4210 781 4268; x_wconf 88' lang='lat' dir='ltr'>V.</span> <span class='ocrx_word' id='word_1_257' title='bbox 805 4209 850 4265; x_wconf 82' lang='lat' dir='ltr'>Ex</span> <span class='ocrx_word' id='word_1_258' title='bbox 867 4203 1098 4280; x_wconf 80' lang='lat' dir='ltr'>interpretatione</span> <span class='ocrx_word' id='word_1_259' title='bbox 1112 4204 1177 4262; x_wconf 80' lang='lat' dir='ltr'>Sch.</span> <span class='ocrx_word' id='word_1_260' title='bbox 1191 4206 1233 4262; x_wconf 91' lang='lat' dir='ltr'>br.</span> <span class='ocrx_word' id='word_1_261' title='bbox 1269 4233 1270 4236; x_wconf 37' lang='lat'>¹</span> 
     </span>
    </p>
   </div>
   <div class='ocr_carea' id='block_1_9' title="bbox 121 4293 1028 4450">
    <p class='ocr_par' dir='ltr' id='par_1_10' title="bbox 121 4293 1028 4450">
     <span class='ocr_line' id='line_1_36' title="bbox 121 4293 850 4372; baseline -0.001 -20"><span class='ocrx_word' id='word_1_262' title='bbox 121 4293 191 4353; x_wconf 79' lang='grc' dir='ltr'><strong><em>κατὰ</em></strong></span> <span class='ocrx_word' id='word_1_263' title='bbox 209 4293 303 4368; x_wconf 73' lang='grc' dir='ltr'><strong><em>μάχην</em></strong></span> <span class='ocrx_word' id='word_1_264' title='bbox 322 4297 438 4370; x_wconf 82' lang='lat' dir='ltr'>colligas</span> <span class='ocrx_word' id='word_1_265' title='bbox 456 4299 565 4372; x_wconf 81' lang='lat' dir='ltr'>sliquos</span> <span class='ocrx_word' id='word_1_266' title='bbox 583 4293 677 4372; x_wconf 82' lang='grc' dir='ltr'><strong><em>μόχην</em></strong></span> <span class='ocrx_word' id='word_1_267' title='bbox 694 4296 850 4371; x_wconf 89' lang='lat' dir='ltr'>scripsisse.</span> 
     </span>
     <span class='ocr_line' id='line_1_37' title="bbox 173 4380 1028 4450; baseline 0.001 -23"><span class='ocrx_word' id='word_1_268' title='bbox 173 4386 306 4435; x_wconf 75' lang='lat' dir='ltr'>habaet,</span> <span class='ocrx_word' id='word_1_269' title='bbox 321 4387 412 4428; x_wconf 78' lang='lat' dir='ltr'>Pathol·</span> <span class='ocrx_word' id='word_1_270' title='bbox 985 4380 1028 4450; x_wconf 83' lang='grc'>36</span> 
     </span>
    </p>
   </div>
   <div class='ocr_carea' id='block_1_10' title="bbox 0 0 1372 4778">
    <p class='ocr_par' dir='ltr' id='par_1_11' title="bbox 0 0 1372 4778">
     <span class='ocr_line' id='line_1_38' title="bbox 0 0 1372 4778; baseline 0 0"><span class='ocrx_word' id='word_1_271' title='bbox 0 0 1372 4778; x_wconf 95' lang='lat' dir='ltr'> </span> 
     </span>
    </p>
   </div>
  </div>
 </body>
</html>
