2736 4778
169 375 236 442 un
257 337 528 439 Paosrrmffl
548 371 611 436 ur
631 371 895 439 arnamar.
928 371 1057 441 αισι.
1108 381 1181 452 rac

61 561 142 624 EM.
168 580 209 622 ex
234 556 385 640 σκαίρειν
413 565 447 618 et
471 551 568 638 μύειν
589 554 766 619 conflatum
785 567 911 633 censet,
940 581 1023 642 quae
1047 561 1180 644 quidem

62 659 164 746 paulo
186 653 380 720 insolentior
401 664 452 719 est
473 654 667 741 compositio
694 677 755 720 neo
778 666 886 721 tamen
906 657 1041 725 Graecis
1064 662 1177 727 incon·
1242 664 1257 739 “,

63 781 180 835 cessa3
206 779 284 821 nam
305 765 339 818 et
360 753 587 842 σκαλαθύραιν
608 755 773 821 concrevit
801 779 820 821 e
844 755 950 822 verbis
973 760 1125 828 σκύλλαν
1147 774 1179 828 et

63 856 222 947 ἀθύρειν,
253 867 286 921 et
313 854 403 941 quod
430 855 476 919 illi
505 857 668 941 persimile
696 867 746 923 est
774 857 1034 942 κιλλαμαρύζοιν
1061 864 1182 928 uictore

64 982 106 1025 ex
133 954 338 1042 ἀμαρύσσων
366 966 398 1020 et
423 949 522 1022 verbo
551 958 729 1026 aGraecis
758 959 915 1026 derelicto
945 962 1063 1037 cillere,
1093 962 1181 1027 unde

65 1063 173 1126 cilium
201 1057 319 1123 dieitur
346 1065 378 1121 et
403 1062 615 1140 supercilium.
659 1058 771 1127 Verbo
799 1059 950 1145 σκαίρειν
980 1062 1087 1148 sigma
1112 1086 1181 1128 non

68 1159 247 1225 detrahitur
275 1158 334 1224 sed
362 1159 486 1223 nomini
516 1159 679 1243 Καρθμσί
708 1159 853 1249 κινήσεις
881 1162 964 1226 Hes.
1018 1163 1180 1249 Σκίδνημι

64 1260 126 1326 καί
147 1259 250 1344 χωρίς
274 1264 333 1325 τοῦ
355 1245 382 1326 ο
405 1255 452 1337 uic
474 1259 643 1337 σκάπετος
664 1261 722 1325 καὶ
749 1258 912 1339 κάπετος,
943 1262 1001 1328 καί
1026 1256 1096 1331 άπὸ
1116 1269 1180 1330 τοῦ

62 1359 213 1444 σκαίρειν
238 1356 335 1444 καρίς
360 1360 471 1446 Epim.
495 1359 604 1426 Crem.
624 1361 652 1426 Ι.
674 1360 748 1427 388.
792 1364 868 1428 Hoc
893 1363 1056 1441 ultimum,
1087 1365 1178 1449 quod

60 1459 114 1524 alii
146 1459 189 1524 ad
215 1460 317 1545 κέρας
346 1471 379 1524 et
408 1460 497 1545 κάρα
527 1463 686 1541 referunt,
718 1463 753 1527 in
779 1463 886 1527 vicino
917 1462 1017 1529 habet
1044 1466 1177 1530 nomina

60 1558 208 1647 κάραβος
229 1572 263 1625 et
284 1561 480 1628 scarabaeus
502 1563 604 1629 Proll.
616 1564 689 1629 286.
735 1564 838 1646 Quod
861 1564 1026 1629 antecedit
1041 1588 1179 1641 nomeu,

58 1671 231 1727 attestatur
246 1662 436 1748 Hesychius
452 1662 611 1742 Κάπετος
632 1661 775 1751 τάφρος,
795 1661 829 1730 οἱ
851 1664 889 1731 δὲ
910 1663 1079 1731 σκαιιετύν
1097 1666 1174 1751 (sic)

61 1762 114 1828 cui
134 1763 162 1827 si
181 1763 408 1850 componimus
427 1764 576 1829 laconica
596 1762 701 1850 Καφά
719 1761 842 1852 λουτύρ
858 1766 941 1830 Hes.
953 1765 1005 1848 ⁴⁸)
1022 1766 1174 1833 latinum·

60 1885 124 1948 qne
154 1883 249 1930 covus
281 1874 314 1930 et
344 1864 407 1928 alia
432 1888 539 1930 rerum
564 1887 716 1930 cavarum
741 1864 902 1931 vocabula
932 1864 1008 1932 κόοι
1033 1878 1065 1931 et
1093 1873 1175 1934 κῶοι

59 1964 101 2031 τὰ
126 1960 337 2048 κοιίούματα,
366 1963 498 2044 κιύίλων,
526 1964 652 2044 κώδων,
682 1963 823 2044 κιύδεια,
853 1987 892 2030 eo
921 1965 1113 2050 deducimur
1141 1977 1177 2029 ut

60 2064 166 2149 sigma
180 2130 184 2137 ,
197 2063 273 2129 huic
300 2064 441 2130 familiae
473 2088 493 2130 a
521 2065 683 2151 principio
714 2064 858 2129 defuisse
887 2075 1054 2151 putemus,
1087 2066 1177 2150 quod

59 2165 190 2230 usitatis
221 2163 373 2244 σκάπτω,
409 2165 582 2252 σκαττάιη,
619 2164 743 2251 scapha
776 2175 836 2229 etc.
869 2165 999 2251 penitus
1031 2165 1176 2232 increvit.

61 2264 252 2333 Κίδνασθαι
275 2276 307 2332 et
333 2263 556 2334 κεδάννυσθαι
577 2268 743 2331 Homerus
764 2265 999 2352 Hesiodusque
1022 2291 1090 2333 non
1110 2291 1173 2355 po·

60 2376 142 2431 nunt
163 2376 290 2453 praeter
315 2367 343 2432 si
368 2367 461 2432 aliter
487 2389 615 2433 versum
644 2368 838 2434 concinnare
861 2379 1043 2454 nequeant3
1063 2364 1174 2454 ‘quare

59 2467 93 2532 in
118 2469 164 2533 H.
187 2469 232 2532 Η.
263 2469 299 2533 in
324 2468 428 2534 Mero.
453 2470 526 2535 232.
553 2491 614 2556 pro
643 2469 777 2535 κίδνατο
807 2470 843 2534 in
870 2471 1033 2556 principio
1062 2492 1175 2535 versus

60 2568 267 2635 scribendum
287 2570 415 2653 videtur
436 2569 590 2637 σκίδνατο
612 2581 649 2635 ut
669 2570 704 2634 in
717 2571 762 2634 H.
784 2571 819 2635 in
836 2569 910 2637 Cer.
921 2570 996 2636 277.
1015 2581 1047 2635 et
1067 2571 1174 2634 Paull.

60 2670 175 2737 Silent.
189 2670 290 2736 Amb.
303 2671 375 2736 124.
397 2671 550 2755 idemque
572 2672 668 2737 codd.
692 2672 840 2759 plerique
860 2670 1020 2760 praebent
1040 2672 1075 2737 in
1097 2693 1175 2737 can-

58 2771 125 2837 tico
144 2774 223 2837 Eur.
239 2774 324 2839 Heo.
338 2771 411 2837 916.
428 2771 479 2858 ⁴⁹)
523 2772 595 2837 Nec
616 2772 744 2855 κεδάζω
768 2784 800 2838 et
822 2773 945 2841 κιδαίω
966 2773 1175 2838 inveniuntur

56 2874 99 2938 iis
128 2873 209 2939 locis
238 2872 296 2938 ubi
327 2886 465 2941 metrum
496 2856 645 2955 σκοδάζιο
675 2873 824 2939 admittit
878 2872 934 2939 Ab
962 2872 1013 2938 his
1041 2876 1172 2940 modico

58 2974 167 3060 spatio
189 2974 289 3038 distat
307 2972 425 3057 νεάζοι,
444 2972 535 3059 quod
555 2975 689 3059 proprie
711 2975 829 3038 dicitur
850 2974 892 3037 de
910 2973 1044 3038 fissione
1063 2975 1172 3060 ligno·

58 3099 143 3152 rum,
166 3071 248 3154 ξύλα
271 3071 398 3142 κιάσαι.
440 3074 545 3157 Quod
566 3095 642 3137 vero
662 3072 738 3137 hinc
753 3072 934 3136 derivatum
956 3083 1007 3135 est
1027 3074 1175 3159 σκέπαρ·

56 3203 115 3243 νον
135 3174 258 3241 nemini
285 3173 419 3241 dubium
439 3174 604 3240 videbitur
630 3173 710 3257 quin
734 3171 822 3237 idem
844 3172 886 3237 sit
907 3172 1057 3256 Κίαρνον
1080 3165 1173 3260 ἀξίνη

57 3279 141 3343 Hes.
158 3288 192 3342 et
212 3275 303 3362 quod
325 3276 442 3342 eodem
462 3274 595 3341 nomine
618 3273 798 3360 explicatur
817 3275 916 3360 κέρνα
937 3296 966 3338 ν.
984 3273 1085 3340 Proll.
1099 3275 1172 3340 280.

55 3380 174 3464 Neque
196 3389 306 3444 tamen
327 3378 478 3465 cuiquam
501 3377 536 3443 in
556 3386 698 3442 mentem
717 3376 806 3442 venit
827 3377 861 3440 in
885 3373 1013 3441 duobus
1035 3377 1174 3440 Homeri

57 3481 157 3559 locis,
185 3480 244 3547 ubi
273 3479 399 3566 syllaba
428 3480 537 3546 brevis
569 3490 644 3544 ante
673 3479 860 3563 σκέπαρνον
881 3500 948 3542 non
971 3476 1172 3563 producitur,

57 3583 223 3664 κέσαρνον
244 3604 406 3669 reponere
428 3581 489 3647 etsi
510 3604 578 3646 non
599 3578 771 3645 defuerunt
792 3578 848 3663 qui
870 3577 913 3643 ob
936 3575 1020 3643 hanc
1041 3600 1173 3644 causam

56 3681 262 3767 Κάσανδρος
284 3693 318 3748 et
342 3674 556 3768 Καιιάνδριος
579 3680 772 3756 scriberent,
797 3680 888 3764 quod
908 3679 1058 3766 probavit
1077 3683 1110 3747 Ν
1112 3705 1171 3747 on-

55 3806 119 3848 nus
140 3783 205 3849 111.
222 3784 275 3850 39.
298 3784 358 3850 sed
378 3783 567 3849 Priscianus
589 3783 629 3847 de
650 3782 749 3846 Metr.
763 3780 828 3845 ΠΙ.
845 3781 920 3846 404.
942 3795 1092 3848 neutrum
1113 3783 1173 3846 ad·

125 3969 174 4036 48)
192 3970 271 4025 Idem
289 3965 395 4030 Πίελος
412 3964 520 4040 σκάφη,
539 3965 656 4040 λμβαιὴ·
677 3966 772 4023 Schol.
785 3965 871 4026 Arist
886 3967 960 4037 qu.
976 3967 1051 4019 tuso.
1073 3960 1173 4026 πύελος

56 4049 168 4128 ’ὄρυγμα
174 4094 182 4123 ,
201 4050 319 4126 ἐμβατὴ,
338 4055 408 4108 ἔνθα
425 4050 615 4109 ἀπολούονται
628 4052 658 4106 id
677 4057 722 4106 est
736 4051 846 4106 solium.

126 4141 173 4204 rt)
192 4139 257 4194 Non
274 4137 358 4195 aliter
375 4138 477 4194 dieitur
494 4137 522 4193 in
542 4138 668 4194 oratione
687 4137 808 4191 numeris
828 4135 921 4191 soluta
937 4132 1053 4187 Aristot.
1071 4132 1168 4190 Probl.

56 4222 222 4279 xxl11.1c.
236 4241 265 4295 p.
273 4224 334 4278 933.
348 4225 424 4279 αδδ.
437 4224 553 4281 Lucian.
566 4223 640 4278 Dial.
653 4221 815 4279 Deor.XX.
824 4222 848 4273 5.
863 4228 893 4274 et
906 4218 952 4273 alii
966 4218 1168 4292 posteriorum

56 4309 142 4364 Plato
159 4326 228 4364 vero
247 4317 277 4365 et
295 4309 457 4383 Xenophon
475 4306 657 4366 rusucurium
676 4306 850 4380 praeferunt.
