2736 4778
124 335 177 412 εδ
492 328 810 402 DISSERTATIO
840 330 868 401 1.
911 400 914 411 .

129 518 198 599 (isio
223 514 351 589 οἰέσθω
380 515 437 585 ὁίι
462 518 499 585 τὸ
532 517 641 588 ἐθέλω
670 517 706 587 ἐκ
733 523 792 590 τοῦ
819 519 910 589 θέλω
936 514 1023 589 ἐστὶ·
1051 519 1088 587 τὰ
1125 507 1236 608 ysici

129 623 186 692 lui
211 617 372 710 φωνήεντι
400 621 530 707 πέφυκε
559 616 824 703 πλεονάζιοθαι,
854 619 912 689 lei
932 617 1113 709 συμφώνου
1130 623 1168 691 δὲ
1187 617 1238 701 oi,

128 722 217 790 brevi
238 731 315 809 post
332 719 444 818 adjicit
464 722 558 788 δοκεῖ
577 720 615 788 δὲ
636 719 674 789 τὸ
698 721 790 790 otto
809 717 1058 810 ἇνιιλογώεεροι
1073 715 1174 790 εἶναι·
1196 723 1239 792 τὰ

127 824 189 911 γὰρ
213 821 270 891 διὰ
285 824 343 890 τοῦ
362 827 428 889 ator
448 819 533 905 ὑπὲρ
549 818 610 890 δύο
626 822 797 906 συλλαβὰς
813 827 1025 911 περισπᾶεαι
1042 817 1157 909 ἀμελῶ
1169 836 1237 916 etc.

127 927 220 995 Haec
239 923 322 989 rstio
343 921 432 988 volet
450 920 575 1008 aliquid
603 922 663 988 sed
689 944 757 990 non
778 935 902 990 tantum
923 934 960 990 ut
978 946 1047 991 rem
1069 926 1237 1004 coniiciat3

127 1051 201 1094 num
228 1028 264 1092 in
285 1024 373 1092 omni
393 1045 513 1111 genere
534 1022 765 1091 vocabulorum
790 1025 892 1091 multa
911 1025 1116 1112 reperiuntur
1141 1050 1236 1115 pars·

125 1131 203 1216 loga
219 1139 253 1195 et
273 1127 343 1193 sine
365 1125 515 1214 exemplo
537 1126 621 1192 ficta
665 1126 813 1194 Tertium
841 1139 891 1193 est
920 1149 1116 1214 pronomen,
1145 1131 1238 1214 cujus

128 1253 226 1298 cause
251 1227 449 1318 Apollonius
485 1228 585 1294 Pron.
613 1228 634 1293 l.
662 1250 690 1295 c.
726 1229 809 1295 lieno
837 1229 1061 1315 quaestionem
1088 1229 1236 1298 instituit.

126 1333 193 1399 Hic
214 1331 300 1397 enim
321 1329 401 1396 dicit
428 1335 536 1410 κεῖνος
557 1330 721 1397 nonnullis
748 1331 944 1419 primitivum
969 1331 1072 1396 videri
1096 1330 1139 1398 ob
1167 1355 1238 1398 eam

127 1457 259 1502 causam
286 1431 377 1519 quod
404 1431 514 1498 Dones
542 1437 640 1521 τῆνος
667 1432 791 1512 dicunt,
819 1433 943 1499 Aeolcs
963 1437 1077 1520 κῆιος,
1108 1435 1239 1520 etquis

126 1535 254 1625 epsilon
283 1534 426 1600 nativum
457 1544 548 1600 extra
578 1533 804 1621 praeverbium
826 1531 862 1602 ἐκ
884 1544 958 1600 anto
977 1533 1089 1621 kappa
1109 1557 1239 1624 sempor

126 1639 304 1726 aspiratum
327 1634 511 1701 inveniatur
539 1633 674 1722 ἕκηλος,
704 1630 830 1715 ἑκατόν,
854 1632 945 1715 ἑκάς,
969 1633 1051 1704 ἑκών
1065 1638 1106 1721 ⁴).
1148 1639 1239 1705 Illud

127 1742 173 1807 sic
195 1737 312 1804 refellit
332 1748 369 1803 nt
389 1735 547 1803 dialectos
564 1747 696 1803 certam
718 1737 891 1821 judicandi
912 1760 1058 1806 normam
1079 1740 1237 1826 praebere

125 1852 226 1929 neget
253 1850 367 1927 utpote
396 1858 480 1923 quae
508 1836 687 1925 primitivas
715 1836 946 1905 uocabulorum
976 1840 1104 1928 species
1137 1865 1237 1931 saepe

125 1945 303 2010 immutent.
344 1939 400 2007 De
422 1938 550 2005 defectu
574 1938 782 2026 aspirationis
805 1940 868 2007 hoc
887 1942 1081 2029 respondet,
1110 1945 1236 2032 sepire·-

124 2045 166 2111 tis
187 2043 250 2109 illis
272 2064 339 2108 non
362 2062 497 2129 prorsus
517 2040 621 2106 simile
643 2063 715 2108 esse
728 2038 861 2121 lesisse,
885 2043 1008 2131 quippe
1022 2044 1112 2128 quod
1127 2045 1236 2111 demto

126 2144 230 2235 epsilo
260 2143 422 2228 relinquat
448 2142 624 2209 dictionem
644 2139 790 2229 (λεπτόν)
821 2165 860 2209 sc
880 2145 951 2211 ficri
975 2169 1074 2234 posse
1094 2161 1133 2212 ut
1153 2148 1238 2215 ἐκεῖ·

124 2273 181 2324 νος
203 2268 244 2310 ex
264 2245 408 2330 aspirato
432 2239 556 2322 ἐκεῖνος
576 2255 688 2309 uatum
713 2242 756 2309 sit
780 2244 864 2311 sicut
886 2243 1007 2325 ἇεαλός
1029 2271 1071 2314 ex
1092 2244 1236 2327 ἁπαλός.

124 2344 346 2434 Aspirationis
373 2343 505 2430 quidem
533 2344 568 2409 in
592 2355 738 2410 neutram
769 2356 895 2432 partem
920 2369 1074 2434 magnum
1106 2349 1237 2437 pondus

126 2459 190 2527 est,
217 2447 276 2514 sed
298 2446 354 2512 ills
373 2445 574 2534 pronominis
596 2446 714 2523 dorici,
741 2446 857 2513 aeolici
883 2460 915 2513 et
936 2471 1013 2517 vero
1039 2449 1137 2517 etiam
1162 2473 1236 2537 ger-

125 2548 241 2615 manici
268 2548 438 2614 consensio
465 2547 654 2636 opinionem
678 2546 814 2636 prsebet
837 2556 945 2628 κεῖοος
970 2551 1131 2639 integrum
1153 2574 1236 2630 esse,

125 2663 255 2716 anctum
279 2669 356 2715 vero
384 2649 523 2729 ἐκεῖνος,
553 2651 644 2737 quod
674 2651 709 2716 in
740 2671 887 2717 sermone
915 2652 1048 2737 quidem
1073 2655 1239 2740 praevolet

126 2752 185 2819 sed
207 2750 248 2817 ab
260 2751 406 2817 Homero
425 2752 477 2836 (ut
490 2772 576 2817 nune
592 2751 724 2837 quidem
739 2753 802 2837 est)
819 2774 887 2819 non
905 2755 1037 2842 ponitur
1051 2756 1114 2822 nisi
1133 2767 1236 2822 metro

124 2852 341 2919 necessarium
366 2851 418 2918 vel
443 2852 488 2917 nd
515 2874 632 2920 sonum
660 2852 791 2919 suevius
819 2865 885 2933 cst,
912 2852 1018 2939 sn'pgs'
1049 2855 1169 2925 ἐκεῖνοι
1196 2858 1235 2923 ll.

125 2952 257 3021 xvffl.
281 2953 352 3019 188.
381 2963 417 3017 ut
444 2946 550 3035 τεύχε’
579 2951 681 3022 ἐσύλα
709 2966 769 3021 etc.
801 2955 841 3022 ci.
870 2956 968 3024 Voss.
997 2957 1041 3022 cd
1067 2960 1161 3024 Anat
1185 2959 1236 3025 75.

125 3055 194 3124 ἐκεῖ
218 3076 379 3142 nusquam
407 3053 466 3121 sed
491 3054 681 3143 saepissime
707 3061 814 3134 κεῖθι,
837 3063 965 3137 κεῖθεν,
988 3065 1092 3139 κεῖσε,
1118 3057 1236 3144 quibus

125 3158 286 3224 contraris
316 3150 470 3233 adustos,
502 3150 654 3236 κάκεῖνος
682 3157 753 3241 jam
781 3157 993 3226 Aristarchus
1029 3159 1159 3226 sustulit
1195 3163 1236 3228 cf.

124 3257 293 3324 Duentzer
320 3257 361 3321 de
387 3256 510 3321 Zenod.
538 3279 571 3342 p.
593 3256 645 3322 59.
687 3258 734 3322 Et
756 3257 800 3322 sd
826 3257 888 3324 hoc
911 3262 1094 3350 exemplum
1115 3262 1236 3329 Archi·

124 3358 239 3423 lochus
256 3365 306 3423 κεῖ
323 3356 491 3443 scripsisse
506 3355 643 3434 videtur,
664 3357 756 3439 cujus
772 3355 826 3420 hic
842 3379 925 3424 unus
942 3363 1032 3430 testis
1052 3363 1237 3430 nominetur

125 3457 234 3544 Epim.
256 3456 285 3522 1.
306 3455 379 3521 249.
406 3453 448 3543 κη’
475 3456 551 3541 (sic)
580 3451 652 3524 ἀντὶ
676 3461 738 3525 τοῦ
767 3453 837 3526 ἐκεῖ
861 3468 972 3554 τροπῇ
998 3470 1059 3553 τῆς
1076 3449 1119 3534 ἐἶ
1141 3453 1236 3557 sic-s}

127 3554 286 3635 οἱολικιῦς
312 3555 461 3643 Theogn.
489 3556 571 3623 Con.
597 3557 669 3621 155.
714 3554 822 3622 Ceteri
849 3560 1058 3632 Grammatici
1085 3567 1178 3654 paria
1202 3567 1237 3634 in

126 3671 266 3746 utroque
290 3679 361 3723 esse
383 3657 540 3723 affirmant
561 3656 730 3742 analogiae
751 3675 932 3739 momente3
962 3688 1037 3731 nam
1058 3667 1137 3752 quis
1157 3691 1235 3756 pro.

195 3932 225 3997 t)
244 3929 292 3986 Sic
310 3927 395 3985 etism
414 3925 510 3983 schol.
528 3927 564 3980 Α.
584 3924 622 3978 sd
639 3922 672 3978 11.
686 3922 719 3980 V.
740 3926 796 3981 ⁷59.
819 3914 910 4003 Epim.
929 3931 952 3988 1.
969 3937 1019 3990 249
1039 3953 1081 4007 sq.
1100 3935 1129 3992 ri
1143 3925 1168 3994 ἐ’
1182 3937 1237 4010 πρὸ

128 4022 175 4076 τοῦ
192 4006 403 4075 {decimius
420 4016 497 4068 ostra
516 4008 599 4066 ὁπότε
619 4007 658 4074 μὴ
676 4011 707 4064 ἐκ
725 4015 838 4075 κλίσεως
856 4015 986 4088 τυγχάνοι
1003 4020 1123 4095 ῥήματος
1145 4019 1159 4089 ἢ
1180 4022 1237 4080 ἀπὸ

127 4110 288 4177 προθιορως
307 4099 324 4172 ἢ
343 4094 527 4184 μιμοῑειηεὸς
547 4095 741 4166 ἀφαιρεῖσθαι·
763 4096 791 4152 ri
811 4099 842 4153 δὲ
862 4101 996 4177 ἐκεχειρία
1019 4107 1069 4162 οὐκ
1090 4109 1147 4180 ἔχει
1168 4107 1238 4181 γνή-

126 4207 189 4248 σιον
199 4179 257 4246 si}
272 4187 341 4244 stas
360 4185 388 4244 si
400 4207 432 4259 χ,
445 4185 589 4256 elegans.
615 4179 650 4233 Id
663 4197 725 4235 cum
737 4177 800 4242 imis
811 4187 993 4255 compositum
1004 4191 1125 4264 ideoque
1137 4195 1237 4268 spirito

127 4294 226 4352 aspero
243 4275 421 4332 scribendum
438 4286 499 4328 esso
514 4283 571 4321 non
587 4266 1219 4340 persusdetGoettlingimdTh00d05‚21s‚
