2736 4778
305 358 371 424 uu
393 355 670 425 russorum.
713 354 754 422 c.
771 356 832 423 iv.
859 359 885 441 ς.
906 357 938 420 4.
1107 360 1184 432 447

68 542 172 627 idolio
194 541 366 609 ιόιτέσίιν
394 536 570 624 ἱδρωτίόες
591 539 701 607 Schol.
724 540 830 625 Hipp.
861 540 903 605 Τ.
924 539 970 605 Il.
990 542 1063 607 370.
1093 543 1183 626 quod

64 645 185 710 Pollux
216 642 311 706 affert
339 641 458 706 eodem
486 641 585 705 modo
613 639 771 725 scriptum
806 641 866 705 sed
892 653 1182 727 proparoxytonon

66 758 117 811 ost
143 747 176 809 in
203 745 312 829 Hipp.
341 742 470 828 Aphor.
499 764 532 828 p.
563 742 634 807 724.
656 741 697 805 Τ.
719 741 765 806 ΙΙ.
796 753 830 806 et
853 741 969 808 Galen.
999 740 1126 809 Οοιιιιιι.
1148 766 1182 830 p.

65 848 137 912 uo.
160 847 203 911 r.
224 843 342 911 xvu.
371 843 411 909 P.
427 843 471 908 11.
503 843 582 909 Aca
603 865 715 908 rursu
739 866 759 906 a
781 843 945 908 femininis
967 843 1002 908 tn
1021 826 1185 920 ἰῑῐςιιῑ

67 945 263 1013 exeuntibus
282 939 372 1020 ἅλως
389 939 497 1029 dispice
509 944 573 1028 ²⁰),
591 940 757 1029 ἱίοςὲᾠος,
774 940 1002 1031 ἩρώἩρῷος
1017 939 1062 1020 ὡς
1072 950 1182 1030 Κῷος,

72 1044 359 1129 stratoclia-31:309
385 1039 431 1120 ὡς
455 1048 601 1131 Apurios
626 1044 743 1130 Steph.
776 1044 896 1128 quihus
934 1044 1085 1111 omnibus
1114 1046 1183 1111 iota

65 1146 210 1211 vmdicat
221 1144 370 1209 diastasrs
381 1140 547 1222 Μινωιος,
567 1143 780 1229 λιχιόιοςῊ),
799 1157 831 1210 et
842 1147 1051 1212 consentiunt
1061 1146 1181 1213 Gram

66 1246 177 1311 malici
198 1267 298 1310 unum
313 1243 513 1331 excipientes
531 1245 731 1331 gentilicium
744 1239 924 1322 illesos
904 1248 975 1314 απὸ
997 1273 1055 1314 τοο
1040 1241 1182 1325 ileos

67 1342 250 1435 ripstlav'
228 1370 314 1428 ιχειν
336 1343 374 1411 rvi
397 1370 422 1413 ι
433 1344 491 1409 καὶ
513 1342 879 1466 neonaorpndollurcig
888 1344 1072 1434 clivosus
1055 1354 1179 1435 ηριῦος·

67 1444 151 1514 ἀλλὰ
173 1445 258 1531 πρὸς
278 1441 538 1533 ἆνιιδιαοιολὴν
567 1449 624 1511 τοῦ
648 1440 766 1532 ἀθῷος
793 1453 851 1512 ιοῦ
875 1446 935 1513 ἐπὶ
956 1452 1015 1514 τοῦ
1036 1442 1179 1537 ἅζημιόυ

68 1546 103 1614 cd
128 1573 139 1613 ι
125 1536 349 1628 ἀποβάλλει
376 1543 434 1611 καὶ
461 1542 753 1631 προπαροξονιτιιι
778 1547 857 1611 ΕΜ.
880 1546 940 1624 26,
968 1548 1022 1612 40.
1045 1549 1098 1613 cui
1119 1549 1179 1613 ad

64 1647 238 1734 stipulatur
258 1645 448 1731 Stephanus
475 1654 508 1710 et
533 1645 608 1711 libri
629 1646 787 1732 Aeschyli
804 1641 937 1714 Ἀθῶον
959 1640 1061 1725 αἶπος
1086 1648 1179 1713 exhi·

63 1748 187 1814 bentee.
232 1749 357 1815 Verum
378 1757 486 1811 tamen
516 1745 572 1811 illa
598 1747 815 1813 distinctionis
844 1769 942 1812 causa
967 1748 1100 1815 minime
1119 1772 1179 1815 ne·

61 1849 205 1915 cessaria
235 1859 286 1913 est
314 1859 347 1912 et
369 1845 594 1934 diphthongus
616 1848 804 1934 incorrupta
828 1860 966 1939 apparet
985 1850 1021 1915 in
1042 1873 1179 1937 compo·

63 1949 125 2015 sito
156 1943 355 2034 ἇκρόθοιον,
391 1949 483 2034 quod
510 1949 674 2014 Arcadius
701 1950 773 2014 122.
805 1951 890 2015 inter
915 1950 1180 2034 hyperdisyllaba

62 2049 192 2136 generis
216 2048 323 2113 neutri
345 2048 381 2111 in
401 2073 473 2115 οιον
497 2049 648 2114 exeuntia
672 2049 784 2126 refert3
807 2050 842 2115 id
865 2049 950 2114 enim
966 2050 1020 2113 vix
1038 2050 1179 2115 dubitari

65 2161 176 2238 potest
198 2149 277 2234 quin
293 2149 337 2214 eit
356 2171 477 2215 nomen
498 2149 588 2215 urbis
610 2150 645 2214 in
663 2150 784 2215 vertice
804 2150 947 2215 Athonis
967 2150 1059 2228 sitae,
1082 2174 1179 2236 quem

63 2250 255 2317 Herodotus
267 2243 539 2336 Aaoddcrovss),
563 2251 776 2336 Thucydides
803 2251 921 2318 Strabo
944 2263 978 2316 et
1000 2253 1123 2339 Scylax
1144 2278 1178 2340 p.

62 2352 138 2418 278.
169 2350 221 2418 ed.
248 2351 404 2416 Hudeon.
423 2347 614 2436 Ἀκρόθιοοι
642 2363 775 2430 vocant3
811 2353 844 2417 in
878 2353 977 2419 Plinii
1002 2354 1179 2439 Melasque

62 2453 161 2521 codd.
184 2451 355 2519 Acrathon
384 2464 416 2517 et
443 2453 658 2519 Acroathoon
684 2452 836 2519 scribitur
864 2455 964 2539 idque
994 2455 1177 2539 proximum

62 2578 139 2621 vero
161 2549 380 2640 Ἀκροάθῳον
406 2552 474 2617 eive
495 2550 711 2641 Ἀκράθῳον,
749 2555 839 2638 quod
866 2554 955 2619 idem
973 2549 1178 2640 Ἀκροθοῖον

63 2657 129 2722 dici
152 2664 281 2744 poterat
308 2665 346 2717 ut
370 2675 391 2718 a
412 2653 551 2738 simplici
570 2647 714 2733 Ἅθοος,
742 2656 832 2741 quod
861 2655 1051 2741 Stephanus
1075 2656 1178 2736 affert,

55 2755 212 2835 Ἀθοῖος,
246 2754 288 2820 ab
313 2750 502 2831 Ἀλκάθοος
540 2755 732 2821 solemnium
762 2779 881 2822 nomen
917 2756 959 2824 aci
987 2753 1178 2826 Ἀλκαθοῖα

62 2858 176 2927 Schol.
199 2856 298 2922 Pind.
320 2855 416 2921 Nem.
440 2856 482 2922 V.
506 2855 557 2921 84.
590 2857 715 2941 (omiss.
741 2857 776 2922 in
797 2857 914 2941 Thes.)
944 2859 1034 2943 quod
1054 2853 1177 2926 Ἀλκα-

63 2955 167 3026 θόιια
191 2957 256 3023 dici
285 2966 417 3043 poterat
444 2968 481 3020 ut
503 2950 696 3023 Ἀντινόοιο.
741 2960 859 3041 Itaque
885 2959 927 3023 de
953 2957 1080 3023 duabus
1102 2981 1177 3023 sen-

61 3059 183 3136 tentiis,
206 3080 288 3144 quas
309 3057 501 3123 Eustathius
520 3058 682 3176 proponit
702 3058 775 3134 358,
796 3060 848 3122 42.
865 3052 1002 3135 Ἀθωος
1023 3057 1096 3122 τὸ
1083 3055 1178 3122 ἐθνι-

62 3161 123 3227 κὸν
144 3161 246 3245 χωρὶς
278 3158 441 3226 ι-κιιτοὶ
468 3152 566 3222 δὲἩ
527 3157 728 3239 Ηριιόιανὸν
750 3152 918 3225 ιινάπαλιν
940 3160 1178 3241 recommend-

60 3287 119 3327 roc
140 3255 185 3337 ὡς
207 3254 329 3347 dorice,
356 3260 513 3344 Μινῴος,
544 3257 693 3343 eligimus
720 3282 790 3323 eam
820 3282 907 3344 quae
928 3271 1109 3324 auctorem
1105 3280 1178 3343 po-

63 3361 182 3426 tiorem
205 3359 319 3436 habet3
350 3381 449 3443 quem
467 3379 525 3422 cur
546 3381 613 3423 non
635 3381 747 3424 omnes
771 3361 901 3445 sequuti
925 3360 1007 3436 sint,
1030 3360 1100 3443 jam
1121 3380 1178 3422 ex-

62 3461 280 3549 planavimus.
326 3461 395 3528 Sed
419 3459 552 3546 saepius
574 3460 672 3524 etiam
693 3461 877 3545 adjectivis,
906 3482 1044 3545 quorum
1065 3458 1179 3546 primi·

134 3698 178 3761 to)
195 3697 259 3751 Iota
276 3703 372 3750 servet
387 3693 554 3749 solemnium
570 3710 674 3747 nomen
686 3690 719 3747 ιὰ
734 3689 831 3747 Ἀλώιο
849 3694 879 3748 id
895 3703 937 3750 eet
952 3693 1039 3766 ‘Alpa
1052 3695 1081 3751 in
1094 3698 1178 3752 codd.

60 3783 208 3839 Demosth.
224 3798 247 3836 c.
260 3781 363 3836 Neaer.
379 3782 454 3835 1385.
468 3782 520 3834 sed
533 3778 699 3850 plerumque
714 3781 796 3833 deest
809 3798 835 3835 v.
849 3779 989 3854 Interppr.
1003 3783 1040 3836 ad
1053 3781 1179 3853 Alciphr.

62 3868 102 3923 II.
116 3869 169 3939 Ep.
183 3867 237 3922 III.
253 3869 293 3920 10.
317 3866 352 3920 In
359 3865 470 3920 anecd.
482 3863 574 3919 Bekk.
584 3862 728 3919 &titileia
740 3864 797 3920 sind
810 3869 857 3921 rori
870 3871 1081 3931 συναυλίζεσθαι
1094 3864 1179 3920 scrib.

61 3957 268 4016 συναλίζεσθαι.
830 4021 856 4032 .-

133 4040 178 4101 2¹)
191 4038 236 4091 Ex
248 4051 398 4091 numerosa
413 4033 520 4089 familie
533 4032 767 4106 appellativorum
785 4033 814 4088 in
832 4056 855 4089 e
872 4035 1049 4099 exeuntium,
1067 4050 1140 4105 quae
1152 4032 1181 4086 in

62 4124 173 4178 Techn.
192 4124 251 4175 317.
271 4119 441 4184 enumeravi,
465 4121 519 4174 hoc
535 4137 621 4173 unum
638 4119 777 4191 processit
794 4119 966 4189 adjectivum
984 4118 1071 4189 idque
1090 4126 1182 4173 lotum

61 4208 207 4282 poeticum
220 4214 329 4262 estnec
342 4222 466 4275 unquam
477 4203 660 4259 contrahitur.

133 4294 180 4361 22)
194 4293 285 4348 Codd.
300 4289 428 4345 nonnulli
438 4287 591 4363 Ἀκρὸθοον
602 4307 655 4361 pro
665 4285 820 4360 Ἀκράοοον
834 4293 913 4358 puto.
