2736 4778
258 351 309 421 95
625 338 945 409 DISSERTATIO
976 340 1004 409 Ι.

258 525 383 612 Aurius]
407 526 485 611 (hoc
507 525 657 609 accentu)
681 521 813 613 φοβερά
834 526 916 591 Hes.
938 525 1096 589 incertum
1123 535 1230 593 utrum
1256 527 1368 596 vitios.

258 629 416 716 seriptum
437 649 479 691 sn
501 637 636 713 propter
655 627 887 713 proprietatem
909 626 1154 711 significationis
1175 628 1239 695 huc
1259 629 1358 699 demu

258 744 361 797 tatum
381 731 423 796 sit
444 740 481 793 ut
501 728 630 796 λεύσσω
651 725 814 812 rictiaco),
826 725 942 804 λευκός
953 725 1103 810 γλαυκός,
1120 726 1244 810 λάμπον
1255 733 1368 817 μλῆν

257 831 356 922 γλήνη
379 853 401 896 a
424 829 588 896 communi
609 828 699 895 fonte
722 823 802 894 λάω.
846 828 957 912 Hyrtii
984 828 1092 895 herois
1113 831 1217 916 Mysii
1248 843 1365 918 patre

258 957 360 1022 quum
382 933 480 998 edere
502 931 599 995 vellet
617 931 799 1006 Homerus,
826 928 862 993 id
885 942 1106 1015 consequutus
1134 944 1185 999 est
1215 934 1311 999 unius
1332 933 1356 999 li

258 1049 346 1104 terae
372 1036 539 1122 impensa;
572 1031 749 1119 appellavit
781 1035 812 1094 Γ
807 1026 921 1116 ύρτιον
947 1031 987 1096 Il.
1008 1032 1106 1100 XIV.
1136 1034 1210 1099 512.
1253 1035 1364 1101 Utrun

257 1143 376 1215 δεῦκος
398 1158 440 1201 ex
461 1137 599 1220 γλεῦκος
620 1145 727 1198 ortum
748 1131 791 1196 sit
812 1131 981 1218 sphaeresi
1008 1134 1131 1219 primae
1153 1157 1319 1202 consonae
1340 1159 1360 1203 e

256 1237 409 1306 antithesi
421 1235 584 1303 secundae
596 1257 637 1300 an
649 1246 792 1300 assumto
808 1257 936 1320 gemma
948 1235 1034 1300 delta
1052 1237 1085 1300 in
1096 1237 1228 1303 lambda
1246 1239 1348 1306 abieti

257 1345 425 1429 disputare
447 1339 524 1405 nolo
546 1361 576 1402 v.
598 1336 717 1402 Parall.
743 1338 813 1402 133.
858 1337 928 1402 Nee
953 1337 1032 1401 mihi
1057 1352 1108 1403 sat
1132 1340 1302 1426 explorata
1323 1364 1368 1407 es

256 1443 409 1532 cognatio
433 1439 602 1507 nominum
621 1434 704 1526 ὀργή
727 1450 759 1502 et
778 1435 897 1522 γοργός
926 1439 1006 1504 ΕΜ.
1028 1440 1138 1525 Epim.
1161 1442 1189 1508 Ι.
1213 1443 1291 1520 103,
1319 1443 1360 1508 17

255 1554 377 1637 γρῖφος
397 1555 466 1611 rete
488 1554 521 1607 et
541 1541 606 1627 ὸίψ
629 1552 731 1625 teges,
756 1538 875 1624 quibus
899 1539 1119 1606 Schneiderus
1139 1564 1237 1609 unam
1261 1543 1353 1610 notio

255 1672 330 1715 nem
349 1648 488 1714 contexti
509 1641 631 1708 tribuit.
676 1646 707 1705 Γ
704 1641 776 1708 irco
800 1664 860 1727 pro
883 1639 996 1709 εἵλετο
1013 1653 1047 1706 et
1065 1644 1159 1727 μέντοι
1177 1667 1237 1730 pro
1254 1641 1368 1730 ἕπεο

256 1747 404 1838 quamvis
427 1743 530 1832 epicis
557 1740 757 1828 approbata,
786 1752 893 1807 tamen
926 1740 1039 1808 literae
1067 1743 1209 1811 aeolicae
1231 1744 1361 1832 vestigi

255 1851 442 1921 ostendunt

338 1952 404 2018 111.
448 1949 540 2014 Inter
560 1944 735 2022 vocabula,
764 1942 882 2030 quibus
906 1945 1116 2012 Grammatici
1144 1949 1231 2015 delta
1261 1947 1303 2014 de
1340 1979 1344 2005 τ

254 2067 342 2123 ctum
361 2074 433 2119 esse
453 2050 581 2126 volunt,
603 2070 704 2113 unum
727 2047 848 2113 eminet
869 2057 901 2112 et
923 2049 1114 2115 difficultate
1135 2051 1368 2137 interpretans

255 2169 289 2223 et
310 2154 490 2220 temeritate
512 2149 804 2236 interpretantium,
826 2149 1026 2216 homericum
1047 2152 1128 2216 illud
1149 2149 1241 2235 iupis
1263 2147 1360 2234 ἰχθύς

256 2258 298 2322 de
323 2277 389 2339 quo
411 2251 639 2318 Herodianum
667 2250 702 2315 in
723 2250 924 2337 Pathologia
952 2253 1146 2318 disseruisse
1173 2253 1328 2320 discimus
1358 2285 1368 2311 ·.

255 2356 345 2424 Gon
373 2354 455 2431 288,
477 2353 530 2419 38.
565 2349 655 2440 isphr
685 2348 782 2434 ἰχθύν
808 2353 904 2435 παρὰ
937 2352 975 2419 τὸ
1004 2352 1121 2420 διαίνου
1153 2355 1265 2441 διερὸς
1290 2356 1365 2423 κατ’

255 2453 444 2543 ἀποβολήν·
480 2452 512 2523 oi
545 2455 583 2522 δὲ
607 2452 703 2539 παρὰ
736 2453 775 2519 τὸ
808 2450 887 2519 ὀίω·
918 2452 1025 2530 οὕτως
1050 2451 1263 2539 Ἡρωδιανὸς
1289 2485 1355 2547 usp

255 2564 397 2627 παθῶν·
431 2569 463 2623 et
494 2556 558 2622 hoc
590 2555 703 2619 nititur
735 2552 895 2639 Hesychii
927 2555 1053 2620 notatio
1084 2552 1191 2640 Ἱερόν
1222 2556 1366 2643 ἔνομρον.

254 2659 360 2725 Aliud
380 2680 446 2723 non
467 2656 574 2722 minus
597 2669 839 2724 controversum
857 2654 953 2741 hujus
975 2656 1165 2742 abjectionis
1183 2659 1311 2746 exempl
1344 2689 1360 2719 ι,

255 2758 407 2824 admixtis
436 2758 646 2824 dissimilibus
685 2759 779 2824 affert
810 2757 921 2825 Sahal.
949 2758 1043 2844 Lips.
1073 2758 1117 2824 ad
1145 2759 1185 2825 Il.
1214 2759 1262 2826 H.
1291 2761 1366 2827 413.

255 2860 335 2924 ΕΜ.
358 2860 410 2937 35,
432 2859 485 2924 41.
508 2859 618 2945 Epim.
637 2859 666 2937 I,
692 2861 762 2926 183.
785 2860 881 2945 παρὰ
904 2861 942 2926 τὸ
965 2861 1066 2948 δῆλος
1088 2857 1182 2948 ἣλιος
1204 2859 1250 2940 ὥς
1271 2864 1367 2946 παρὰ

255 2961 293 3027 τὸ
317 2957 422 3050 drusii
452 2957 534 3049 iroap'
561 2962 618 3027 καὶ
651 2960 735 3028 δαΐαν
768 2963 806 3027 τὸ
833 2960 958 3048 μερίζοι)
988 2962 1091 3029 δαῖσα
1119 2963 1176 3030 καὶ
1201 2955 1282 3030 αἶσα
1310 2965 1367 3032 καὶ

254 3059 382 3146 δαίμων
414 3060 521 3147 aihtron
553 3060 571 3129 ὁ
608 3060 778 3148 ἔμπειρος.
833 3063 888 3130 Dc
921 3062 1025 3149 primo
1057 3062 1171 3131 leviter
1202 3076 1301 3141 erret3
1334 3077 1366 3130 et

254 3161 359 3251 ὀιωκή
381 3187 447 3229 non
470 3165 587 3231 dicitur
609 3165 667 3230 sed
690 3161 800 3233 διώκω
821 3165 921 3230 modo
943 3164 1085 3250 ideoque
1107 3166 1154 3232 sic
1174 3177 1209 3232 ut
1225 3158 1306 3235 αἶσα
1322 3165 1366 3231 ed

255 3264 353 3329 ulium
375 3267 482 3330 locum
506 3269 662 3351 pertinet3
694 3265 821 3345 δαίμων
842 3289 902 3354 pro
925 3264 1062 3356 deripitur
1086 3269 1185 3335 semel
1205 3267 1367 3333 invenitur

254 3365 344 3450 apud
380 3366 628 3444 Archilochum,
668 3389 745 3430 nam
785 3366 826 3430 de
858 3368 1008 3435 Hesiodo
1046 3370 1153 3436 minus
1190 3370 1366 3458 persuadet

255 3465 477 3552 Goettlingius
506 3469 548 3533 ad
570 3469 663 3555 Opp.
686 3467 823 3551 31410)
873 3469 1025 3536 Eundem
1057 3476 1134 3538 vero
1167 3472 1366 3539 intellectum

255 3563 374 3630 habere
404 3565 510 3648 αἴμων
540 3593 581 3634 ex
612 3593 678 3637 uno
708 3578 893 3635 sumserunt
912 3569 1049 3637 Homeri
1076 3574 1149 3642 loco
1173 3574 1213 3641 Π.
1241 3576 1282 3642 V.
1311 3575 1364 3642 49.

253 3664 311 3730 uhi
338 3667 516 3752 aspiratum
544 3685 594 3737 cst
619 3669 851 3756 Σκαμάνδριον
876 3667 997 3750 αἵμονα
1022 3672 1141 3763 θήρης.
1186 3676 1228 3743 Id
1256 3687 1365 3742 autem

251 3768 400 3855 praecise
422 3780 521 3852 negat
541 3772 749 3839 Hermannus
774 3770 817 3836 ad
839 3768 922 3834 Hec.
945 3770 995 3835 89.
1020 3775 1126 3858 οἷ’μων
1147 3777 1233 3843 enim
1254 3778 1365 3863 potius

252 3867 409 3957 cupidum
430 3868 482 3934 vel
503 3870 632 3935 avidum
654 3873 838 3959 siguificare
868 3891 888 3932 a
912 3873 1042 3939 nomine
1068 3869 1151 3959 αἷμα
1176 3879 1364 3958 derivatum,

251 3972 288 4036 id
309 3984 417 4038 autem
439 3969 479 4035 ab
508 3993 547 4036 ea
570 3972 680 4038 radice
701 3975 836 4039 ductum
860 3969 963 4034 videri
990 3975 1077 4040 unde
1098 3978 1232 4044 verbum
1257 3975 1364 4047 ἅΐσσον

253 4075 451 4160 proprieque
472 4073 636 4139 declarare
657 4074 692 4137 id
715 4073 805 4158 quod
828 4071 929 4135 saliat.
973 4075 1048 4140 Hoc
1074 4080 1206 4163 quidem
1228 4081 1261 4145 in
1285 4102 1363 4147 cou-

324 4275 368 4346 to)
379 4279 593 4349 Aurportcruror
608 4277 636 4335 in
646 4277 720 4333 Gud.
739 4275 794 4340 131,
809 4277 850 4328 Ρ).
864 4272 966 4331 rectius
979 4277 1193 4352 δαημονέστατοι
1207 4283 1269 4339 ΕΜ,
1282 4285 1362 4343 Suid.
