<?xml version="1.0" encoding="UTF-8"?>
<!DOCTYPE html PUBLIC "-//W3C//DTD XHTML 1.0 Transitional//EN"
    "http://www.w3.org/TR/xhtml1/DTD/xhtml1-transitional.dtd">
<html xmlns="http://www.w3.org/1999/xhtml" xml:lang="en" lang="en">
 <head>
  <title>
</title>
<meta http-equiv="Content-Type" content="text/html;charset=utf-8" />
  <meta name='ocr-system' content='tesseract 3.04.00' />
  <meta name='ocr-capabilities' content='ocr_page ocr_carea ocr_par ocr_line ocrx_word'/>
</head>
<body>
  <div class='ocr_page' id='page_1' title='image "./pathologiaegrae00lobegoog_0173.png"; bbox 0 0 2736 4778; ppageno 0'>
   <div class='ocr_carea' id='block_1_1' title="bbox 148 299 1189 387">
    <p class='ocr_par' dir='ltr' id='par_1_1' title="bbox 148 299 1189 387">
     <span class='ocr_line' id='line_1_1' title="bbox 148 299 1189 387; baseline 0.003 -12"><span class='ocrx_word' id='word_1_1' title='bbox 148 301 574 376; x_wconf 76' lang='lat' dir='ltr'><strong>nuraosrrmsrnr</strong></span> <span class='ocrx_word' id='word_1_2' title='bbox 591 299 854 368; x_wconf 77' lang='lat' dir='ltr'><strong>arumuusl.</strong></span> <span class='ocrx_word' id='word_1_3' title='bbox 872 299 1090 387; x_wconf 67' lang='lat' dir='ltr'><strong>evniat</strong></span> <span class='ocrx_word' id='word_1_4' title='bbox 1117 306 1189 377; x_wconf 82' lang='lat'><strong>163</strong></span> 
     </span>
    </p>
   </div>
   <div class='ocr_carea' id='block_1_2' title="bbox 69 476 1255 2507">
    <p class='ocr_par' dir='ltr' id='par_1_2' title="bbox 69 476 1255 786">
     <span class='ocr_line' id='line_1_2' title="bbox 69 476 1189 582; baseline -0.008 -20"><span class='ocrx_word' id='word_1_5' title='bbox 69 495 230 582; x_wconf 84' lang='lat' dir='ltr'><strong>Apollon.</strong></span> <span class='ocrx_word' id='word_1_6' title='bbox 259 493 345 557; x_wconf 85' lang='lat' dir='ltr'><strong>Lex.</strong></span> <span class='ocrx_word' id='word_1_7' title='bbox 367 488 421 552; x_wconf 81' lang='lat'><strong>47.</strong></span> <span class='ocrx_word' id='word_1_8' title='bbox 450 481 710 549; x_wconf 77' lang='lat' dir='ltr'><strong>cf.Pr011.146.</strong></span> <span class='ocrx_word' id='word_1_9' title='bbox 739 476 878 565; x_wconf 77' lang='grc' dir='ltr'><strong>ἆλκέμει</strong></span> <span class='ocrx_word' id='word_1_10' title='bbox 902 485 959 552; x_wconf 84' lang='grc' dir='ltr'><strong>καλ</strong></span> <span class='ocrx_word' id='word_1_11' title='bbox 988 488 1189 576; x_wconf 80' lang='grc' dir='ltr'><em>πλεονασμῷ</em></span> 
     </span>
     <span class='ocr_line' id='line_1_3' title="bbox 73 577 1255 684; baseline -0.015 -26"><span class='ocrx_word' id='word_1_12' title='bbox 73 584 201 684; x_wconf 46' lang='lat' dir='ltr'><strong>tie-dd</strong></span> <span class='ocrx_word' id='word_1_13' title='bbox 221 588 408 669; x_wconf 76' lang='grc' dir='ltr'><em>ἀλαλκέμεν</em></span> <span class='ocrx_word' id='word_1_14' title='bbox 430 583 543 651; x_wconf 88' lang='lat' dir='ltr'><strong>Schol.</strong></span> <span class='ocrx_word' id='word_1_15' title='bbox 565 580 796 647; x_wconf 79' lang='lat' dir='ltr'><strong>Od.lH.23&#39;l.</strong></span> <span class='ocrx_word' id='word_1_16' title='bbox 816 577 951 668; x_wconf 78' lang='grc' dir='ltr'><strong><em>ἇτηροῖς</em></strong></span> <span class='ocrx_word' id='word_1_17' title='bbox 971 586 1026 652; x_wconf 75' lang='grc' dir='ltr'><strong>καὶ</strong></span> <span class='ocrx_word' id='word_1_18' title='bbox 1046 591 1190 656; x_wconf 61' lang='lat' dir='ltr'><strong>mom.</strong></span> <span class='ocrx_word' id='word_1_19' title='bbox 1249 647 1255 655; x_wconf 31' lang='lat'>¹</span> 
     </span>
     <span class='ocr_line' id='line_1_4' title="bbox 71 677 1035 786; baseline -0.006 -31"><span class='ocrx_word' id='word_1_20' title='bbox 71 702 150 786; x_wconf 68' lang='grc' dir='ltr'><strong>σμῷ</strong></span> <span class='ocrx_word' id='word_1_21' title='bbox 171 677 328 782; x_wconf 65' lang='grc' dir='ltr'><strong><em>οῆςῖοἶρ</em></strong></span> <span class='ocrx_word' id='word_1_22' title='bbox 340 689 508 773; x_wconf 76' lang='grc' dir='ltr'><strong>συλλαβῆς</strong></span> <span class='ocrx_word' id='word_1_23' title='bbox 530 678 731 771; x_wconf 76' lang='grc' dir='ltr'><strong><em>ἀταρτηροῖς</em></strong></span> <span class='ocrx_word' id='word_1_24' title='bbox 752 682 830 750; x_wconf 83' lang='lat' dir='ltr'><strong>Sch.</strong></span> <span class='ocrx_word' id='word_1_25' title='bbox 853 681 892 747; x_wconf 94' lang='lat' dir='ltr'><strong>Il.</strong></span> <span class='ocrx_word' id='word_1_26' title='bbox 912 683 941 748; x_wconf 92' lang='lat' dir='ltr'><strong>I.</strong></span> <span class='ocrx_word' id='word_1_27' title='bbox 962 685 1035 749; x_wconf 80' lang='lat'><strong>223.</strong></span> 
     </span>
    </p>

    <p class='ocr_par' dir='ltr' id='par_1_3' title="bbox 72 799 1245 2507">
     <span class='ocr_line' id='line_1_5' title="bbox 162 799 1191 896; baseline -0.001 -25"><span class='ocrx_word' id='word_1_28' title='bbox 162 816 188 896; x_wconf 60' lang='grc' dir='ltr'><strong>ξ.</strong></span> <span class='ocrx_word' id='word_1_29' title='bbox 210 812 243 874; x_wconf 93' lang='grc'><strong>4.</strong></span> <span class='ocrx_word' id='word_1_30' title='bbox 289 808 366 875; x_wconf 83' lang='lat' dir='ltr'><strong>Jam</strong></span> <span class='ocrx_word' id='word_1_31' title='bbox 395 825 471 867; x_wconf 80' lang='lat' dir='ltr'><strong>vero</strong></span> <span class='ocrx_word' id='word_1_32' title='bbox 503 799 722 867; x_wconf 87' lang='lat' dir='ltr'><strong>exordiendus</strong></span> <span class='ocrx_word' id='word_1_33' title='bbox 751 812 802 866; x_wconf 87' lang='lat' dir='ltr'><strong>est</strong></span> <span class='ocrx_word' id='word_1_34' title='bbox 827 822 933 866; x_wconf 88' lang='lat' dir='ltr'><strong>sermo</strong></span> <span class='ocrx_word' id='word_1_35' title='bbox 955 801 1084 886; x_wconf 87' lang='lat' dir='ltr'><strong>longior</strong></span> <span class='ocrx_word' id='word_1_36' title='bbox 1105 814 1137 868; x_wconf 91' lang='lat' dir='ltr'><strong>et</strong></span> <span class='ocrx_word' id='word_1_37' title='bbox 1156 806 1191 870; x_wconf 92' lang='lat' dir='ltr'><strong>in</strong></span> 
     </span>
     <span class='ocr_line' id='line_1_6' title="bbox 76 900 1245 1000; baseline -0.013 -21"><span class='ocrx_word' id='word_1_38' title='bbox 76 916 189 1000; x_wconf 87' lang='lat' dir='ltr'><strong>plures</strong></span> <span class='ocrx_word' id='word_1_39' title='bbox 214 919 325 997; x_wconf 85' lang='lat' dir='ltr'><strong>partes</strong></span> <span class='ocrx_word' id='word_1_40' title='bbox 348 906 467 970; x_wconf 91' lang='lat' dir='ltr'><strong>divisus</strong></span> <span class='ocrx_word' id='word_1_41' title='bbox 489 903 529 967; x_wconf 91' lang='lat' dir='ltr'><strong>de</strong></span> <span class='ocrx_word' id='word_1_42' title='bbox 552 900 748 966; x_wconf 84' lang='lat' dir='ltr'><strong>nominibus.</strong></span> <span class='ocrx_word' id='word_1_43' title='bbox 793 905 924 968; x_wconf 90' lang='lat' dir='ltr'><strong>Horum</strong></span> <span class='ocrx_word' id='word_1_44' title='bbox 949 903 1015 968; x_wconf 92' lang='lat' dir='ltr'><strong>duo</strong></span> <span class='ocrx_word' id='word_1_45' title='bbox 1039 913 1114 967; x_wconf 88' lang='lat' dir='ltr'><strong>sunt</strong></span> <span class='ocrx_word' id='word_1_46' title='bbox 1134 926 1192 989; x_wconf 87' lang='lat' dir='ltr'><strong>ge-</strong></span> <span class='ocrx_word' id='word_1_47' title='bbox 1238 954 1245 964; x_wconf 83' lang='grc'>,</span> 
     </span>
     <span class='ocr_line' id='line_1_7' title="bbox 78 1003 1193 1089; baseline -0.006 -11"><span class='ocrx_word' id='word_1_48' title='bbox 78 1037 176 1089; x_wconf 84' lang='lat' dir='ltr'><strong>nera3</strong></span> <span class='ocrx_word' id='word_1_49' title='bbox 206 1033 309 1074; x_wconf 93' lang='lat' dir='ltr'><strong>unum</strong></span> <span class='ocrx_word' id='word_1_50' title='bbox 330 1031 348 1073; x_wconf 87' lang='lat' dir='ltr'><strong>a</strong></span> <span class='ocrx_word' id='word_1_51' title='bbox 371 1005 475 1071; x_wconf 87' lang='lat' dir='ltr'><strong>verbis</strong></span> <span class='ocrx_word' id='word_1_52' title='bbox 497 1014 585 1070; x_wconf 77' lang='lat' dir='ltr'><strong>serto</strong></span> <span class='ocrx_word' id='word_1_53' title='bbox 612 1003 738 1070; x_wconf 82' lang='lat' dir='ltr'><strong>tramite</strong></span> <span class='ocrx_word' id='word_1_54' title='bbox 766 1004 957 1083; x_wconf 89' lang='lat' dir='ltr'><strong>deductum,</strong></span> <span class='ocrx_word' id='word_1_55' title='bbox 988 1005 1126 1070; x_wconf 88' lang='lat' dir='ltr'><strong>alterum</strong></span> <span class='ocrx_word' id='word_1_56' title='bbox 1152 1005 1193 1071; x_wconf 89' lang='lat' dir='ltr'><strong>ab</strong></span> 
     </span>
     <span class='ocr_line' id='line_1_8' title="bbox 81 1104 1195 1196; baseline -0.004 -20"><span class='ocrx_word' id='word_1_57' title='bbox 81 1114 155 1176; x_wconf 90' lang='lat' dir='ltr'><strong>aliis</strong></span> <span class='ocrx_word' id='word_1_58' title='bbox 178 1111 331 1177; x_wconf 89' lang='lat' dir='ltr'><strong>orationis</strong></span> <span class='ocrx_word' id='word_1_59' title='bbox 352 1106 509 1196; x_wconf 86' lang='lat' dir='ltr'><strong>partibus.</strong></span> <span class='ocrx_word' id='word_1_60' title='bbox 554 1104 743 1172; x_wconf 89' lang='lat' dir='ltr'><strong>Verbalium</strong></span> <span class='ocrx_word' id='word_1_61' title='bbox 773 1106 897 1193; x_wconf 83' lang='lat' dir='ltr'>duplex</span> <span class='ocrx_word' id='word_1_62' title='bbox 919 1106 1077 1171; x_wconf 86' lang='lat' dir='ltr'><strong>derivatio</strong></span> <span class='ocrx_word' id='word_1_63' title='bbox 1098 1117 1195 1171; x_wconf 83' lang='lat' dir='ltr'><strong>auto</strong></span> 
     </span>
     <span class='ocr_line' id='line_1_9' title="bbox 82 1206 1194 1301; baseline -0.002 -24"><span class='ocrx_word' id='word_1_64' title='bbox 82 1213 237 1301; x_wconf 86' lang='lat' dir='ltr'><strong>perfecto,</strong></span> <span class='ocrx_word' id='word_1_65' title='bbox 260 1213 300 1276; x_wconf 92' lang='lat' dir='ltr'><strong>de</strong></span> <span class='ocrx_word' id='word_1_66' title='bbox 322 1232 385 1295; x_wconf 93' lang='lat' dir='ltr'><strong>quo</strong></span> <span class='ocrx_word' id='word_1_67' title='bbox 409 1230 499 1284; x_wconf 86' lang='lat' dir='ltr'><strong>mox,</strong></span> <span class='ocrx_word' id='word_1_68' title='bbox 522 1215 578 1272; x_wconf 87' lang='lat' dir='ltr'><strong>aut</strong></span> <span class='ocrx_word' id='word_1_69' title='bbox 600 1206 641 1271; x_wconf 85' lang='lat' dir='ltr'><strong>ab</strong></span> <span class='ocrx_word' id='word_1_70' title='bbox 668 1207 739 1271; x_wconf 90' lang='lat' dir='ltr'><strong>aliis</strong></span> <span class='ocrx_word' id='word_1_71' title='bbox 763 1207 853 1272; x_wconf 86' lang='lat' dir='ltr'><strong>verbi</strong></span> <span class='ocrx_word' id='word_1_72' title='bbox 875 1207 1121 1287; x_wconf 88' lang='lat' dir='ltr'><strong>inclinamentis‚</strong></span> <span class='ocrx_word' id='word_1_73' title='bbox 1144 1211 1194 1275; x_wconf 78' lang='lat' dir='ltr'><strong>dc-</strong></span> 
     </span>
     <span class='ocr_line' id='line_1_10' title="bbox 80 1304 1191 1395; baseline -0.003 -16"><span class='ocrx_word' id='word_1_74' title='bbox 80 1310 194 1381; x_wconf 75' lang='grc' dir='ltr'><strong><em>δάσκω</em></strong></span> <span class='ocrx_word' id='word_1_75' title='bbox 215 1310 337 1391; x_wconf 79' lang='grc' dir='ltr'><strong><em>διδάξω</em></strong></span> <span class='ocrx_word' id='word_1_76' title='bbox 355 1309 515 1391; x_wconf 80' lang='grc' dir='ltr'><strong>δεδίδοχα</strong></span> <span class='ocrx_word' id='word_1_77' title='bbox 535 1304 652 1394; x_wconf 70' lang='grc' dir='ltr'><strong><em>διδαχή</em></strong></span> <span class='ocrx_word' id='word_1_78' title='bbox 676 1304 887 1388; x_wconf 79' lang='grc' dir='ltr'><strong><em>διδάσκαλος,</em></strong></span> <span class='ocrx_word' id='word_1_79' title='bbox 908 1307 1191 1395; x_wconf 57' lang='grc' dir='ltr'><strong><em>βιβάζιθβεβάσιο</em></strong></span> 
     </span>
     <span class='ocr_line' id='line_1_11' title="bbox 72 1406 1191 1498; baseline -0.002 -19"><span class='ocrx_word' id='word_1_80' title='bbox 72 1411 223 1497; x_wconf 63' lang='lat' dir='ltr'><strong>deiicere,</strong></span> <span class='ocrx_word' id='word_1_81' title='bbox 241 1408 425 1498; x_wconf 83' lang='grc' dir='ltr'><strong><em>πιπράσκω</em></strong></span> <span class='ocrx_word' id='word_1_82' title='bbox 445 1406 646 1493; x_wconf 58' lang='grc' dir='ltr'><strong>περάσιοίλ)</strong></span> <span class='ocrx_word' id='word_1_83' title='bbox 671 1413 809 1492; x_wconf 80' lang='grc' dir='ltr'><strong><em>πρᾶσις,</em></strong></span> <span class='ocrx_word' id='word_1_84' title='bbox 831 1408 999 1495; x_wconf 81' lang='grc' dir='ltr'><strong><em>ὀιδράσκιο</em></strong></span> <span class='ocrx_word' id='word_1_85' title='bbox 1024 1408 1191 1496; x_wconf 81' lang='grc' dir='ltr'><strong><em>δράσομαι</em></strong></span> 
     </span>
     <span class='ocr_line' id='line_1_12' title="bbox 78 1505 1193 1598; baseline -0.003 -19"><span class='ocrx_word' id='word_1_86' title='bbox 78 1509 266 1597; x_wconf 75' lang='grc' dir='ltr'><strong><em>ἀπόδρασις</em></strong></span> <span class='ocrx_word' id='word_1_87' title='bbox 301 1506 467 1598; x_wconf 82' lang='grc' dir='ltr'><strong><em>δρασμός,</em></strong></span> <span class='ocrx_word' id='word_1_88' title='bbox 498 1508 652 1576; x_wconf 69' lang='lat' dir='ltr'><strong>maniosa)</strong></span> <span class='ocrx_word' id='word_1_89' title='bbox 685 1505 776 1574; x_wconf 78' lang='grc' dir='ltr'><strong><em>πίσω</em></strong></span> <span class='ocrx_word' id='word_1_90' title='bbox 809 1510 936 1592; x_wconf 74' lang='grc' dir='ltr'><strong><em>σεισμός</em></strong></span> <span class='ocrx_word' id='word_1_91' title='bbox 961 1511 1014 1575; x_wconf 85' lang='lat' dir='ltr'><strong>vel</strong></span> <span class='ocrx_word' id='word_1_92' title='bbox 1044 1511 1140 1575; x_wconf 87' lang='lat' dir='ltr'><strong>etiam</strong></span> <span class='ocrx_word' id='word_1_93' title='bbox 1173 1534 1193 1576; x_wconf 85' lang='lat' dir='ltr'><strong>a</strong></span> 
     </span>
     <span class='ocr_line' id='line_1_13' title="bbox 76 1606 1191 1699; baseline -0.002 -22"><span class='ocrx_word' id='word_1_94' title='bbox 76 1613 178 1699; x_wconf 82' lang='lat' dir='ltr'><strong>stirpe</strong></span> <span class='ocrx_word' id='word_1_95' title='bbox 198 1613 273 1699; x_wconf 87' lang='lat' dir='ltr'><strong>ipsa</strong></span> <span class='ocrx_word' id='word_1_96' title='bbox 290 1613 398 1688; x_wconf 73' lang='grc' dir='ltr'><strong><em>θέσις,</em></strong></span> <span class='ocrx_word' id='word_1_97' title='bbox 421 1606 523 1686; x_wconf 80' lang='grc' dir='ltr'><strong><em>δόσις.</em></strong></span> <span class='ocrx_word' id='word_1_98' title='bbox 566 1611 620 1674; x_wconf 84' lang='lat' dir='ltr'><strong>Ex</strong></span> <span class='ocrx_word' id='word_1_99' title='bbox 642 1608 692 1673; x_wconf 93' lang='lat' dir='ltr'><strong>his</strong></span> <span class='ocrx_word' id='word_1_100' title='bbox 714 1621 822 1674; x_wconf 87' lang='lat' dir='ltr'><strong>autem</strong></span> <span class='ocrx_word' id='word_1_101' title='bbox 843 1611 1057 1698; x_wconf 79' lang='lat' dir='ltr'><strong>perspicitur,</strong></span> <span class='ocrx_word' id='word_1_102' title='bbox 1079 1635 1100 1676; x_wconf 86' lang='lat' dir='ltr'><strong>a</strong></span> <span class='ocrx_word' id='word_1_103' title='bbox 1121 1634 1191 1676; x_wconf 89' lang='lat' dir='ltr'><strong>ver-</strong></span> 
     </span>
     <span class='ocr_line' id='line_1_14' title="bbox 75 1710 1191 1798; baseline -0.001 -21"><span class='ocrx_word' id='word_1_104' title='bbox 75 1713 144 1791; x_wconf 88' lang='lat' dir='ltr'><strong>bis,</strong></span> <span class='ocrx_word' id='word_1_105' title='bbox 178 1736 263 1798; x_wconf 89' lang='lat' dir='ltr'><strong>quae</strong></span> <span class='ocrx_word' id='word_1_106' title='bbox 291 1710 451 1796; x_wconf 86' lang='lat' dir='ltr'><strong>syllabam</strong></span> <span class='ocrx_word' id='word_1_107' title='bbox 480 1711 645 1796; x_wconf 75' lang='lat' dir='ltr'><strong>praesenti</strong></span> <span class='ocrx_word' id='word_1_108' title='bbox 673 1713 849 1798; x_wconf 82' lang='lat' dir='ltr'><strong>praelixam</strong></span> <span class='ocrx_word' id='word_1_109' title='bbox 869 1712 903 1776; x_wconf 92' lang='lat' dir='ltr'><strong>in</strong></span> <span class='ocrx_word' id='word_1_110' title='bbox 928 1711 1036 1777; x_wconf 81' lang='lat' dir='ltr'><strong>lutum</strong></span> <span class='ocrx_word' id='word_1_111' title='bbox 1060 1723 1191 1791; x_wconf 85' lang='lat' dir='ltr'><strong>exuunt,</strong></span> 
     </span>
     <span class='ocr_line' id='line_1_15' title="bbox 76 1811 1191 1898; baseline -0.001 -20"><span class='ocrx_word' id='word_1_112' title='bbox 76 1815 210 1880; x_wconf 84' lang='lat' dir='ltr'><strong>nomina</strong></span> <span class='ocrx_word' id='word_1_113' title='bbox 237 1813 369 1878; x_wconf 77' lang='lat' dir='ltr'><strong>formari</strong></span> <span class='ocrx_word' id='word_1_114' title='bbox 397 1811 512 1876; x_wconf 88' lang='lat' dir='ltr'><strong>eadem</strong></span> <span class='ocrx_word' id='word_1_115' title='bbox 535 1812 657 1897; x_wconf 87' lang='lat' dir='ltr'><strong>figura,</strong></span> <span class='ocrx_word' id='word_1_116' title='bbox 685 1812 726 1878; x_wconf 94' lang='lat' dir='ltr'><strong>ab</strong></span> <span class='ocrx_word' id='word_1_117' title='bbox 754 1813 817 1877; x_wconf 83' lang='lat' dir='ltr'><strong>ulio</strong></span> <span class='ocrx_word' id='word_1_118' title='bbox 846 1833 966 1898; x_wconf 81' lang='lat' dir='ltr'><strong>genere</strong></span> <span class='ocrx_word' id='word_1_119' title='bbox 990 1814 1062 1879; x_wconf 89' lang='lat' dir='ltr'><strong>alia.</strong></span> <span class='ocrx_word' id='word_1_120' title='bbox 1107 1814 1191 1879; x_wconf 80' lang='lat' dir='ltr'><strong>Ter-¹</strong></span> 
     </span>
     <span class='ocr_line' id='line_1_16' title="bbox 76 1912 1194 2001; baseline -0.003 -19"><span class='ocrx_word' id='word_1_121' title='bbox 76 1917 183 1982; x_wconf 87' lang='lat' dir='ltr'><strong>minos</strong></span> <span class='ocrx_word' id='word_1_122' title='bbox 204 1915 309 2001; x_wconf 86' lang='lat' dir='ltr'><strong>magis</strong></span> <span class='ocrx_word' id='word_1_123' title='bbox 335 1912 516 1999; x_wconf 84' lang='lat' dir='ltr'><strong>descriptos</strong></span> <span class='ocrx_word' id='word_1_124' title='bbox 538 1912 660 1978; x_wconf 90' lang='lat' dir='ltr'><strong>habent</strong></span> <span class='ocrx_word' id='word_1_125' title='bbox 680 1913 735 1977; x_wconf 89' lang='lat' dir='ltr'><strong>illa</strong></span> <span class='ocrx_word' id='word_1_126' title='bbox 754 1936 838 1998; x_wconf 90' lang='lat' dir='ltr'><strong>quae</strong></span> <span class='ocrx_word' id='word_1_127' title='bbox 858 1916 993 2000; x_wconf 82' lang='lat' dir='ltr'><strong>perlecti</strong></span> <span class='ocrx_word' id='word_1_128' title='bbox 1017 1917 1194 2000; x_wconf 81' lang='lat' dir='ltr'><strong>imaginem</strong></span> 
     </span>
     <span class='ocr_line' id='line_1_17' title="bbox 77 2011 1194 2102; baseline -0.002 -20"><span class='ocrx_word' id='word_1_129' title='bbox 77 2018 221 2083; x_wconf 78' lang='lat' dir='ltr'><strong>referrmt</strong></span> <span class='ocrx_word' id='word_1_130' title='bbox 253 2013 479 2098; x_wconf 74' lang='grc' dir='ltr'><strong><em>πεποίθησις,</em></strong></span> <span class='ocrx_word' id='word_1_131' title='bbox 512 2012 743 2098; x_wconf 60' lang='lat' dir='ltr'><strong>neutroque,</strong></span> <span class='ocrx_word' id='word_1_132' title='bbox 772 2011 968 2100; x_wconf 68' lang='grc' dir='ltr'><strong><em>γεγήθησις,</em></strong></span> <span class='ocrx_word' id='word_1_133' title='bbox 999 2013 1194 2102; x_wconf 71' lang='grc' dir='ltr'><strong><em>ἐγρήγορσις</em></strong></span> 
     </span>
     <span class='ocr_line' id='line_1_18' title="bbox 77 2112 1193 2203; baseline -0.002 -21"><span class='ocrx_word' id='word_1_134' title='bbox 77 2118 120 2182; x_wconf 90' lang='lat' dir='ltr'><strong>ab</strong></span> <span class='ocrx_word' id='word_1_135' title='bbox 145 2115 307 2203; x_wconf 74' lang='grc' dir='ltr'><strong><em>ἐγρήγορα</em></strong></span> <span class='ocrx_word' id='word_1_136' title='bbox 330 2114 533 2202; x_wconf 70' lang='grc' dir='ltr'><strong><em>ἐγρήγορμιιι</em></strong></span> <span class='ocrx_word' id='word_1_137' title='bbox 559 2113 737 2177; x_wconf 87' lang='lat' dir='ltr'><strong>derivatum</strong></span> <span class='ocrx_word' id='word_1_138' title='bbox 758 2114 846 2177; x_wconf 90' lang='lat' dir='ltr'><strong>unde</strong></span> <span class='ocrx_word' id='word_1_139' title='bbox 869 2112 1057 2178; x_wconf 81' lang='lat' dir='ltr'><strong>adverbium</strong></span> <span class='ocrx_word' id='word_1_140' title='bbox 1081 2114 1193 2180; x_wconf 91' lang='lat' dir='ltr'><strong>home-</strong></span> 
     </span>
     <span class='ocr_line' id='line_1_19' title="bbox 78 2212 1194 2304; baseline -0.003 -20"><span class='ocrx_word' id='word_1_141' title='bbox 78 2221 183 2285; x_wconf 88' lang='lat' dir='ltr'><strong>ricum</strong></span> <span class='ocrx_word' id='word_1_142' title='bbox 205 2215 386 2304; x_wconf 76' lang='grc' dir='ltr'><strong>ἔγρηγορτί.</strong></span> <span class='ocrx_word' id='word_1_143' title='bbox 432 2212 563 2295; x_wconf 82' lang='lat' dir='ltr'><strong>Quibus</strong></span> <span class='ocrx_word' id='word_1_144' title='bbox 579 2213 808 2300; x_wconf 84' lang='lat' dir='ltr'><strong>subjungenda</strong></span> <span class='ocrx_word' id='word_1_145' title='bbox 826 2226 901 2279; x_wconf 90' lang='lat' dir='ltr'><strong>sunt</strong></span> <span class='ocrx_word' id='word_1_146' title='bbox 920 2215 1080 2300; x_wconf 85' lang='lat' dir='ltr'><strong>adjectiva</strong></span> <span class='ocrx_word' id='word_1_147' title='bbox 1097 2215 1194 2304; x_wconf 72' lang='grc' dir='ltr'><strong><em>ἐγρή-</em></strong></span> 
     </span>
     <span class='ocr_line' id='line_1_20' title="bbox 79 2312 1193 2406; baseline -0.001 -21"><span class='ocrx_word' id='word_1_148' title='bbox 79 2345 194 2406; x_wconf 76' lang='grc' dir='ltr'><strong><em>γορος,</em></strong></span> <span class='ocrx_word' id='word_1_149' title='bbox 224 2313 382 2404; x_wconf 75' lang='grc' dir='ltr'><strong><em>ιλμοιρτός</em></strong></span> <span class='ocrx_word' id='word_1_150' title='bbox 406 2326 440 2379; x_wconf 90' lang='lat' dir='ltr'><strong>ot</strong></span> <span class='ocrx_word' id='word_1_151' title='bbox 461 2315 626 2400; x_wconf 85' lang='lat' dir='ltr'><strong>singulare</strong></span> <span class='ocrx_word' id='word_1_152' title='bbox 648 2312 832 2402; x_wconf 76' lang='grc' dir='ltr'><strong><em>κεχριιόδης</em></strong></span> <span class='ocrx_word' id='word_1_153' title='bbox 853 2315 1056 2403; x_wconf 85' lang='lat' dir='ltr'><strong>hiulcus²⁰).</strong></span> <span class='ocrx_word' id='word_1_154' title='bbox 1100 2320 1193 2385; x_wconf 85' lang='lat' dir='ltr'><strong>Haeo</strong></span> 
     </span>
     <span class='ocr_line' id='line_1_21' title="bbox 80 2416 1195 2507; baseline -0.002 -21"><span class='ocrx_word' id='word_1_155' title='bbox 80 2419 260 2506; x_wconf 84' lang='lat' dir='ltr'><strong>elegantior</strong></span> <span class='ocrx_word' id='word_1_156' title='bbox 280 2417 483 2483; x_wconf 90' lang='lat' dir='ltr'><strong>consuetudo</strong></span> <span class='ocrx_word' id='word_1_157' title='bbox 500 2417 635 2502; x_wconf 79' lang='lat' dir='ltr'><strong>respuit</strong></span> <span class='ocrx_word' id='word_1_158' title='bbox 667 2416 748 2481; x_wconf 91' lang='lat' dir='ltr'><strong>Plus</strong></span> <span class='ocrx_word' id='word_1_159' title='bbox 764 2438 841 2483; x_wconf 86' lang='lat' dir='ltr'><strong>vero</strong></span> <span class='ocrx_word' id='word_1_160' title='bbox 857 2419 1056 2483; x_wconf 83' lang='lat' dir='ltr'><strong>auctoritatis</strong></span> <span class='ocrx_word' id='word_1_161' title='bbox 1073 2419 1195 2507; x_wconf 87' lang='lat' dir='ltr'><strong>adepta</strong></span> 
     </span>
    </p>
   </div>
   <div class='ocr_carea' id='block_1_3' title="bbox 78 2513 1197 3106">
    <p class='ocr_par' dir='ltr' id='par_1_4' title="bbox 78 2513 1197 3106">
     <span class='ocr_line' id='line_1_22' title="bbox 80 2513 1192 2607; baseline -0.001 -21"><span class='ocrx_word' id='word_1_162' title='bbox 80 2534 156 2586; x_wconf 86' lang='lat' dir='ltr'><strong>sunt</strong></span> <span class='ocrx_word' id='word_1_163' title='bbox 174 2519 385 2596; x_wconf 80' lang='lat' dir='ltr'><strong>substantiva,</strong></span> <span class='ocrx_word' id='word_1_164' title='bbox 407 2541 543 2603; x_wconf 89' lang='lat' dir='ltr'><strong>quorum</strong></span> <span class='ocrx_word' id='word_1_165' title='bbox 565 2519 762 2605; x_wconf 89' lang='lat' dir='ltr'><strong>principium</strong></span> <span class='ocrx_word' id='word_1_166' title='bbox 789 2518 813 2581; x_wconf 75' lang='lat' dir='ltr'><strong>a‘</strong></span> <span class='ocrx_word' id='word_1_167' title='bbox 837 2519 956 2582; x_wconf 84' lang='lat' dir='ltr'><strong>vocali:</strong></span> <span class='ocrx_word' id='word_1_168' title='bbox 987 2513 1051 2604; x_wconf 76' lang='grc' dir='ltr'><strong>ἇκή</strong></span> <span class='ocrx_word' id='word_1_169' title='bbox 1079 2515 1192 2607; x_wconf 63' lang='lat' dir='ltr'><strong>duom}</strong></span> 
     </span>
     <span class='ocr_line' id='line_1_23' title="bbox 80 2613 1193 2707; baseline -0.002 -20"><span class='ocrx_word' id='word_1_170' title='bbox 80 2622 164 2688; x_wconf 75' lang='lat' dir='ltr'><strong>sosoi</strong></span> <span class='ocrx_word' id='word_1_171' title='bbox 193 2616 528 2701; x_wconf 73' lang='grc' dir='ltr'><strong><em>ἀιαόιιῑλοισιασμόι,</em></strong></span> <span class='ocrx_word' id='word_1_172' title='bbox 555 2616 619 2685; x_wconf 76' lang='lat' dir='ltr'><strong>i‘dm</strong></span> <span class='ocrx_word' id='word_1_173' title='bbox 650 2619 708 2706; x_wconf 67' lang='lat' dir='ltr'><strong>a‘dri</strong></span> <span class='ocrx_word' id='word_1_174' title='bbox 734 2616 861 2705; x_wconf 72' lang='grc' dir='ltr'><strong><em>ἕδιοδή,</em></strong></span> <span class='ocrx_word' id='word_1_175' title='bbox 895 2614 965 2703; x_wconf 70' lang='lat' dir='ltr'><strong>dyo)</strong></span> <span class='ocrx_word' id='word_1_176' title='bbox 995 2614 1058 2707; x_wconf 71' lang='lat' dir='ltr'><strong>o&#39;ryq‘</strong></span> <span class='ocrx_word' id='word_1_177' title='bbox 1082 2613 1193 2706; x_wconf 77' lang='grc' dir='ltr'><strong><em>σἰγιογὴ</em></strong></span> 
     </span>
     <span class='ocr_line' id='line_1_24' title="bbox 78 2713 1195 2808; baseline 0.001 -20"><span class='ocrx_word' id='word_1_178' title='bbox 78 2723 158 2789; x_wconf 87' lang='grc' dir='ltr'><strong>ΕΜ.</strong></span> <span class='ocrx_word' id='word_1_179' title='bbox 188 2721 240 2797; x_wconf 89' lang='grc'><strong>55,</strong></span> <span class='ocrx_word' id='word_1_180' title='bbox 273 2720 326 2786; x_wconf 85' lang='grc'><strong>30.</strong></span> <span class='ocrx_word' id='word_1_181' title='bbox 361 2729 393 2784; x_wconf 89' lang='lat' dir='ltr'><strong>et</strong></span> <span class='ocrx_word' id='word_1_182' title='bbox 424 2741 535 2785; x_wconf 88' lang='lat' dir='ltr'><strong>rursus</strong></span> <span class='ocrx_word' id='word_1_183' title='bbox 567 2743 599 2806; x_wconf 89' lang='lat' dir='ltr'><strong>p.</strong></span> <span class='ocrx_word' id='word_1_184' title='bbox 627 2720 700 2798; x_wconf 80' lang='lat'><strong>596,</strong></span> <span class='ocrx_word' id='word_1_185' title='bbox 725 2720 776 2785; x_wconf 83' lang='lat'><strong>50.</strong></span> <span class='ocrx_word' id='word_1_186' title='bbox 807 2713 905 2787; x_wconf 74' lang='lat' dir='ltr'><strong>datto</strong></span> <span class='ocrx_word' id='word_1_187' title='bbox 932 2715 1032 2808; x_wconf 57' lang='lat' dir='ltr'><strong>(dari)</strong></span> <span class='ocrx_word' id='word_1_188' title='bbox 1056 2715 1195 2808; x_wconf 78' lang='grc' dir='ltr'><em>ὀπωπή,</em></span> 
     </span>
     <span class='ocr_line' id='line_1_25' title="bbox 79 2815 1196 2909; baseline -0.002 -20"><span class='ocrx_word' id='word_1_189' title='bbox 79 2822 143 2905; x_wconf 75' lang='grc' dir='ltr'><strong>ἔχω</strong></span> <span class='ocrx_word' id='word_1_190' title='bbox 166 2816 225 2909; x_wconf 72' lang='grc' dir='ltr'><strong><em>ιἰχή</em></strong></span> <span class='ocrx_word' id='word_1_191' title='bbox 249 2815 374 2907; x_wconf 77' lang='grc' dir='ltr'><strong><em>ιἰκιοχὴ,</em></strong></span> <span class='ocrx_word' id='word_1_192' title='bbox 398 2818 467 2908; x_wconf 71' lang='grc' dir='ltr'><strong>ἥκω</strong></span> <span class='ocrx_word' id='word_1_193' title='bbox 495 2816 558 2908; x_wconf 63' lang='lat' dir='ltr'><strong>dxii</strong></span> <span class='ocrx_word' id='word_1_194' title='bbox 582 2815 773 2909; x_wconf 57' lang='grc' dir='ltr'><strong>ἇιιωιιήῖί).</strong></span> <span class='ocrx_word' id='word_1_195' title='bbox 818 2820 887 2889; x_wconf 87' lang='lat' dir='ltr'><strong>Sed</strong></span> <span class='ocrx_word' id='word_1_196' title='bbox 912 2820 992 2887; x_wconf 88' lang='lat' dir='ltr'><strong>haec</strong></span> <span class='ocrx_word' id='word_1_197' title='bbox 1016 2845 1196 2909; x_wconf 86' lang='lat' dir='ltr'><strong>paronyma</strong></span> 
     </span>
     <span class='ocr_line' id='line_1_26' title="bbox 78 2917 1194 3008; baseline 0 -20"><span class='ocrx_word' id='word_1_198' title='bbox 78 2946 152 2989; x_wconf 86' lang='lat' dir='ltr'><strong>esse</strong></span> <span class='ocrx_word' id='word_1_199' title='bbox 182 2943 250 2986; x_wconf 88' lang='lat' dir='ltr'><strong>non</strong></span> <span class='ocrx_word' id='word_1_200' title='bbox 279 2919 464 3006; x_wconf 86' lang='lat' dir='ltr'><strong>persuadet.</strong></span> <span class='ocrx_word' id='word_1_201' title='bbox 502 2917 608 3008; x_wconf 81' lang='grc' dir='ltr'><strong><em>Ὀιιή,</em></strong></span> <span class='ocrx_word' id='word_1_202' title='bbox 638 2922 729 3007; x_wconf 91' lang='lat' dir='ltr'><strong>quod</strong></span> <span class='ocrx_word' id='word_1_203' title='bbox 750 2923 1002 3004; x_wconf 86' lang='lat' dir='ltr'><strong>consequentiae</strong></span> <span class='ocrx_word' id='word_1_204' title='bbox 1025 2945 1124 2987; x_wconf 86' lang='lat' dir='ltr'><strong>causa</strong></span> <span class='ocrx_word' id='word_1_205' title='bbox 1143 2925 1194 2987; x_wconf 93' lang='lat' dir='ltr'><strong>in·</strong></span> 
     </span>
     <span class='ocr_line' id='line_1_27' title="bbox 80 3016 1197 3106; baseline -0.001 -17"><span class='ocrx_word' id='word_1_206' title='bbox 80 3023 178 3098; x_wconf 85' lang='lat' dir='ltr'><strong>serui,</strong></span> <span class='ocrx_word' id='word_1_207' title='bbox 199 3021 321 3106; x_wconf 84' lang='lat' dir='ltr'><strong>legitur</strong></span> <span class='ocrx_word' id='word_1_208' title='bbox 342 3020 475 3105; x_wconf 91' lang='lat' dir='ltr'><strong>quidem</strong></span> <span class='ocrx_word' id='word_1_209' title='bbox 497 3022 556 3086; x_wconf 89' lang='lat' dir='ltr'><strong>sed</strong></span> <span class='ocrx_word' id='word_1_210' title='bbox 575 3023 641 3087; x_wconf 81' lang='lat' dir='ltr'><strong>alio</strong></span> <span class='ocrx_word' id='word_1_211' title='bbox 664 3022 831 3085; x_wconf 88' lang='lat' dir='ltr'><strong>intellectu</strong></span> <span class='ocrx_word' id='word_1_212' title='bbox 851 3032 949 3103; x_wconf 89' lang='lat' dir='ltr'><strong>atque</strong></span> <span class='ocrx_word' id='word_1_213' title='bbox 973 3016 1050 3106; x_wconf 78' lang='grc' dir='ltr'><strong>ιῦπή</strong></span> <span class='ocrx_word' id='word_1_214' title='bbox 1079 3034 1112 3086; x_wconf 91' lang='lat' dir='ltr'><strong>et</strong></span> <span class='ocrx_word' id='word_1_215' title='bbox 1133 3024 1197 3089; x_wconf 89' lang='lat' dir='ltr'><strong>hoo</strong></span> 
     </span>
    </p>
   </div>
   <div class='ocr_carea' id='block_1_4' title="bbox 77 3120 1198 3410">
    <p class='ocr_par' dir='ltr' id='par_1_5' title="bbox 77 3120 1198 3410">
     <span class='ocr_line' id='line_1_28' title="bbox 79 3120 1197 3211; baseline -0.002 -22"><span class='ocrx_word' id='word_1_216' title='bbox 79 3124 171 3211; x_wconf 87' lang='lat' dir='ltr'><strong>apud</strong></span> <span class='ocrx_word' id='word_1_217' title='bbox 199 3125 381 3187; x_wconf 88' lang='lat' dir='ltr'><strong>Homerum</strong></span> <span class='ocrx_word' id='word_1_218' title='bbox 412 3132 444 3187; x_wconf 90' lang='lat' dir='ltr'><strong>et</strong></span> <span class='ocrx_word' id='word_1_219' title='bbox 471 3122 619 3187; x_wconf 89' lang='lat' dir='ltr'><strong>Homero</strong></span> <span class='ocrx_word' id='word_1_220' title='bbox 652 3120 820 3207; x_wconf 83' lang='lat' dir='ltr'><strong>proximos</strong></span> <span class='ocrx_word' id='word_1_221' title='bbox 851 3140 918 3183; x_wconf 92' lang='lat' dir='ltr'><strong>non</strong></span> <span class='ocrx_word' id='word_1_222' title='bbox 947 3121 1106 3206; x_wconf 89' lang='lat' dir='ltr'><strong>reperitur</strong></span> <span class='ocrx_word' id='word_1_223' title='bbox 1134 3124 1197 3187; x_wconf 91' lang='lat' dir='ltr'><strong>nisi</strong></span> 
     </span>
     <span class='ocr_line' id='line_1_29' title="bbox 77 3220 1196 3310; baseline -0.003 -19"><span class='ocrx_word' id='word_1_224' title='bbox 77 3224 299 3310; x_wconf 86' lang='lat' dir='ltr'><strong>compositum</strong></span> <span class='ocrx_word' id='word_1_225' title='bbox 329 3220 504 3308; x_wconf 78' lang='grc' dir='ltr'><strong><em>περιωπή,</em></strong></span> <span class='ocrx_word' id='word_1_226' title='bbox 539 3221 652 3309; x_wconf 79' lang='grc' dir='ltr'>ἐνωπῇ</span> <span class='ocrx_word' id='word_1_227' title='bbox 680 3243 734 3297; x_wconf 83' lang='lat' dir='ltr'><strong>ao,</strong></span> <span class='ocrx_word' id='word_1_228' title='bbox 762 3220 790 3285; x_wconf 89' lang='lat' dir='ltr'><strong>si</strong></span> <span class='ocrx_word' id='word_1_229' title='bbox 811 3220 1058 3308; x_wconf 88' lang='lat' dir='ltr'><strong>metaplasmum</strong></span> <span class='ocrx_word' id='word_1_230' title='bbox 1079 3223 1196 3288; x_wconf 88' lang='lat' dir='ltr'><strong>admit-</strong></span> 
     </span>
     <span class='ocr_line' id='line_1_30' title="bbox 80 3317 1198 3410; baseline 0.002 -19"><span class='ocrx_word' id='word_1_231' title='bbox 80 3328 188 3404; x_wconf 88' lang='lat' dir='ltr'><strong>timus,</strong></span> <span class='ocrx_word' id='word_1_232' title='bbox 221 3319 298 3390; x_wconf 68' lang='grc' dir='ltr'><strong>κατ’</strong></span> <span class='ocrx_word' id='word_1_233' title='bbox 333 3321 447 3389; x_wconf 73' lang='grc' dir='ltr'>ἐνῶπα</span> <span class='ocrx_word' id='word_1_234' title='bbox 481 3346 511 3387; x_wconf 88' lang='lat' dir='ltr'><strong>v.</strong></span> <span class='ocrx_word' id='word_1_235' title='bbox 541 3322 661 3387; x_wconf 89' lang='lat' dir='ltr'><strong>Parall.</strong></span> <span class='ocrx_word' id='word_1_236' title='bbox 693 3322 764 3389; x_wconf 85' lang='lat'><strong>169.</strong></span> <span class='ocrx_word' id='word_1_237' title='bbox 816 3324 858 3388; x_wconf 93' lang='lat' dir='ltr'><strong>Id</strong></span> <span class='ocrx_word' id='word_1_238' title='bbox 886 3323 986 3410; x_wconf 89' lang='lat' dir='ltr'><strong>igitur</strong></span> <span class='ocrx_word' id='word_1_239' title='bbox 1012 3324 1052 3390; x_wconf 91' lang='lat' dir='ltr'><strong>ab</strong></span> <span class='ocrx_word' id='word_1_240' title='bbox 1070 3317 1198 3393; x_wconf 75' lang='lat' dir='ltr'><strong>duona</strong></span> 
     </span>
    </p>
   </div>
   <div class='ocr_carea' id='block_1_5' title="bbox 74 3554 1199 4312">
    <p class='ocr_par' dir='ltr' id='par_1_6' title="bbox 78 3554 1197 3884">
     <span class='ocr_line' id='line_1_31' title="bbox 149 3554 1196 3631; baseline 0.006 -20"><span class='ocrx_word' id='word_1_241' title='bbox 149 3559 195 3627; x_wconf 80' lang='lat' dir='ltr'><strong>to)</strong></span> <span class='ocrx_word' id='word_1_242' title='bbox 207 3557 344 3612; x_wconf 81' lang='lat' dir='ltr'><strong>Futurum</strong></span> <span class='ocrx_word' id='word_1_243' title='bbox 355 3555 453 3628; x_wconf 79' lang='grc' dir='ltr'><strong><em>πράσω</em></strong></span> <span class='ocrx_word' id='word_1_244' title='bbox 468 3554 564 3625; x_wconf 84' lang='lat' dir='ltr'><strong>colligi</strong></span> <span class='ocrx_word' id='word_1_245' title='bbox 578 3566 674 3627; x_wconf 81' lang='lat' dir='ltr'><strong>potest</strong></span> <span class='ocrx_word' id='word_1_246' title='bbox 685 3575 721 3614; x_wconf 89' lang='lat' dir='ltr'><strong>ex</strong></span> <span class='ocrx_word' id='word_1_247' title='bbox 734 3557 838 3613; x_wconf 83' lang='lat' dir='ltr'><strong>aoristo</strong></span> <span class='ocrx_word' id='word_1_248' title='bbox 850 3559 963 3628; x_wconf 76' lang='grc' dir='ltr'><strong><em>ἔπρασε,</em></strong></span> <span class='ocrx_word' id='word_1_249' title='bbox 974 3576 1057 3631; x_wconf 90' lang='lat' dir='ltr'><strong>quem</strong></span> <span class='ocrx_word' id='word_1_250' title='bbox 1067 3578 1082 3616; x_wconf 94' lang='lat' dir='ltr'><strong>e</strong></span> <span class='ocrx_word' id='word_1_251' title='bbox 1092 3560 1196 3618; x_wconf 88' lang='lat' dir='ltr'><strong>Photio</strong></span> 
     </span>
     <span class='ocr_line' id='line_1_32' title="bbox 78 3640 1197 3723; baseline 0.004 -25"><span class='ocrx_word' id='word_1_252' title='bbox 78 3644 161 3699; x_wconf 85' lang='lat' dir='ltr'><strong>attuli</strong></span> <span class='ocrx_word' id='word_1_253' title='bbox 173 3645 210 3697; x_wconf 86' lang='lat' dir='ltr'><strong>ad</strong></span> <span class='ocrx_word' id='word_1_254' title='bbox 222 3643 328 3697; x_wconf 86' lang='lat' dir='ltr'><strong>Buttm.</strong></span> <span class='ocrx_word' id='word_1_255' title='bbox 341 3644 399 3698; x_wconf 79' lang='lat'><strong>152.</strong></span> <span class='ocrx_word' id='word_1_256' title='bbox 426 3641 495 3697; x_wconf 88' lang='lat' dir='ltr'><strong>Cum</strong></span> <span class='ocrx_word' id='word_1_257' title='bbox 508 3640 603 3711; x_wconf 84' lang='lat' dir='ltr'><strong>glossa</strong></span> <span class='ocrx_word' id='word_1_258' title='bbox 615 3643 709 3698; x_wconf 78' lang='lat' dir='ltr'><strong>Schot</strong></span> <span class='ocrx_word' id='word_1_259' title='bbox 719 3643 839 3698; x_wconf 90' lang='lat' dir='ltr'><strong>Philoot.</strong></span> <span class='ocrx_word' id='word_1_260' title='bbox 851 3645 910 3698; x_wconf 78' lang='lat'><strong>978.</strong></span> <span class='ocrx_word' id='word_1_261' title='bbox 924 3649 1070 3721; x_wconf 75' lang='grc' dir='ltr'><strong><em>πέπραμαι</em></strong></span> <span class='ocrx_word' id='word_1_262' title='bbox 1085 3668 1197 3723; x_wconf 66' lang='grc' dir='ltr'><strong><em>πεπρα-</em></strong></span> 
     </span>
     <span class='ocr_line' id='line_1_33' title="bbox 79 3723 1196 3806; baseline 0.004 -22"><span class='ocrx_word' id='word_1_263' title='bbox 79 3728 239 3801; x_wconf 76' lang='grc' dir='ltr'><strong><em>γμιὲιευμαι</em></strong></span> <span class='ocrx_word' id='word_1_264' title='bbox 269 3728 402 3783; x_wconf 84' lang='lat' dir='ltr'><strong>convenit</strong></span> <span class='ocrx_word' id='word_1_265' title='bbox 425 3727 584 3798; x_wconf 86' lang='lat' dir='ltr'><strong>Hesychius</strong></span> <span class='ocrx_word' id='word_1_266' title='bbox 607 3723 748 3802; x_wconf 76' lang='grc' dir='ltr'><strong><em>Ἔπροσεν</em></strong></span> <span class='ocrx_word' id='word_1_267' title='bbox 773 3724 997 3806; x_wconf 71' lang='grc' dir='ltr'><strong><em>ἐσραγμάιεοσε,</em></strong></span> <span class='ocrx_word' id='word_1_268' title='bbox 1025 3751 1113 3805; x_wconf 83' lang='lat' dir='ltr'><strong>quare</strong></span> <span class='ocrx_word' id='word_1_269' title='bbox 1138 3752 1196 3789; x_wconf 88' lang='lat' dir='ltr'><strong>non</strong></span> 
     </span>
     <span class='ocr_line' id='line_1_34' title="bbox 78 3811 557 3884; baseline -0.008 -14"><span class='ocrx_word' id='word_1_270' title='bbox 78 3832 163 3870; x_wconf 85' lang='lat' dir='ltr'><strong>ausus</strong></span> <span class='ocrx_word' id='word_1_271' title='bbox 183 3832 245 3868; x_wconf 88' lang='lat' dir='ltr'><strong>sum</strong></span> <span class='ocrx_word' id='word_1_272' title='bbox 263 3814 385 3884; x_wconf 70' lang='grc' dir='ltr'><strong><em>ἔπρασσε</em></strong></span> <span class='ocrx_word' id='word_1_273' title='bbox 404 3811 557 3882; x_wconf 86' lang='lat' dir='ltr'><strong>corrigere.</strong></span> 
     </span>
    </p>

    <p class='ocr_par' dir='ltr' id='par_1_7' title="bbox 79 3897 1199 4058">
     <span class='ocr_line' id='line_1_35' title="bbox 147 3897 1199 3973; baseline -0.001 -19"><span class='ocrx_word' id='word_1_274' title='bbox 147 3901 195 3968; x_wconf 69' lang='grc' dir='ltr'><strong>λθ)</strong></span> <span class='ocrx_word' id='word_1_275' title='bbox 212 3897 317 3953; x_wconf 89' lang='lat' dir='ltr'><strong>Vinum</strong></span> <span class='ocrx_word' id='word_1_276' title='bbox 336 3897 605 3954; x_wconf 83' lang='lat' dir='ltr'><strong>eataoscaumenites</strong></span> <span class='ocrx_word' id='word_1_277' title='bbox 623 3897 695 3952; x_wconf 92' lang='lat' dir='ltr'><strong>Plin.</strong></span> <span class='ocrx_word' id='word_1_278' title='bbox 717 3907 746 3954; x_wconf 86' lang='lat' dir='ltr'><strong>st</strong></span> <span class='ocrx_word' id='word_1_279' title='bbox 763 3899 870 3956; x_wconf 84' lang='lat' dir='ltr'><strong>Vitruv.</strong></span> <span class='ocrx_word' id='word_1_280' title='bbox 889 3920 968 3959; x_wconf 88' lang='lat' dir='ltr'><strong>more</strong></span> <span class='ocrx_word' id='word_1_281' title='bbox 988 3901 1199 3973; x_wconf 80' lang='lat' dir='ltr'><strong>gentiliciorum</strong></span> 
     </span>
     <span class='ocr_line' id='line_1_36' title="bbox 79 3983 792 4058; baseline 0.004 -19"><span class='ocrx_word' id='word_1_282' title='bbox 79 3984 289 4040; x_wconf 84' lang='lat' dir='ltr'><strong>denominatum</strong></span> <span class='ocrx_word' id='word_1_283' title='bbox 308 3992 351 4038; x_wconf 83' lang='lat' dir='ltr'><strong>est</strong></span> <span class='ocrx_word' id='word_1_284' title='bbox 370 4002 388 4037; x_wconf 84' lang='lat' dir='ltr'><strong>a</strong></span> <span class='ocrx_word' id='word_1_285' title='bbox 406 3983 530 4056; x_wconf 87' lang='lat' dir='ltr'><strong>Phrygia</strong></span> <span class='ocrx_word' id='word_1_286' title='bbox 548 3989 792 4058; x_wconf 78' lang='grc' dir='ltr'><strong><em>Καιαιιειιιιυμέιη.</em></strong></span> 
     </span>
    </p>

    <p class='ocr_par' dir='ltr' id='par_1_8' title="bbox 74 4067 1196 4312">
     <span class='ocr_line' id='line_1_37' title="bbox 147 4067 1195 4146; baseline 0.003 -24"><span class='ocrx_word' id='word_1_287' title='bbox 147 4071 193 4135; x_wconf 73' lang='lat'><strong>21)</strong></span> <span class='ocrx_word' id='word_1_288' title='bbox 210 4071 312 4141; x_wconf 87' lang='lat' dir='ltr'><strong>Inepta</strong></span> <span class='ocrx_word' id='word_1_289' title='bbox 329 4078 373 4124; x_wconf 89' lang='lat' dir='ltr'><strong>est</strong></span> <span class='ocrx_word' id='word_1_290' title='bbox 388 4072 461 4124; x_wconf 85' lang='lat' dir='ltr'><strong>haec</strong></span> <span class='ocrx_word' id='word_1_291' title='bbox 478 4068 627 4140; x_wconf 88' lang='lat' dir='ltr'><strong>originatio</strong></span> <span class='ocrx_word' id='word_1_292' title='bbox 641 4068 696 4125; x_wconf 77' lang='lat' dir='ltr'><strong>dud</strong></span> <span class='ocrx_word' id='word_1_293' title='bbox 709 4075 757 4126; x_wconf 84' lang='grc' dir='ltr'><strong>ιοῦ</strong></span> <span class='ocrx_word' id='word_1_294' title='bbox 773 4069 828 4140; x_wconf 75' lang='grc' dir='ltr'><strong>ἥκω</strong></span> <span class='ocrx_word' id='word_1_295' title='bbox 842 4071 871 4127; x_wconf 74' lang='grc' dir='ltr'><strong>τὸ</strong></span> <span class='ocrx_word' id='word_1_296' title='bbox 884 4071 1039 4146; x_wconf 76' lang='grc' dir='ltr'><strong><em>πορεύομαι</em></strong></span> <span class='ocrx_word' id='word_1_297' title='bbox 1057 4067 1107 4139; x_wconf 63' lang='lat' dir='ltr'><strong>lxvi</strong></span> <span class='ocrx_word' id='word_1_298' title='bbox 1125 4068 1195 4140; x_wconf 81' lang='grc' dir='ltr'><strong>παρ’</strong></span> 
     </span>
     <span class='ocr_line' id='line_1_38' title="bbox 74 4151 1196 4226; baseline 0.007 -20"><span class='ocrx_word' id='word_1_299' title='bbox 74 4152 224 4225; x_wconf 75' lang='grc' dir='ltr'><strong>Ἀρχιλόχῳ</strong></span> <span class='ocrx_word' id='word_1_300' title='bbox 246 4160 292 4209; x_wconf 79' lang='grc' dir='ltr'><strong>καὶ</strong></span> <span class='ocrx_word' id='word_1_301' title='bbox 309 4155 377 4210; x_wconf 74' lang='grc' dir='ltr'><strong>κατὰ</strong></span> <span class='ocrx_word' id='word_1_302' title='bbox 397 4153 532 4224; x_wconf 80' lang='grc' dir='ltr'><strong>συστολὴν</strong></span> <span class='ocrx_word' id='word_1_303' title='bbox 549 4151 601 4224; x_wconf 70' lang='lat' dir='ltr'><strong>dxvi</strong></span> <span class='ocrx_word' id='word_1_304' title='bbox 619 4173 647 4226; x_wconf 92' lang='lat' dir='ltr'><strong>p.</strong></span> <span class='ocrx_word' id='word_1_305' title='bbox 659 4156 699 4222; x_wconf 75' lang='lat'><strong>⁴7,</strong></span> <span class='ocrx_word' id='word_1_306' title='bbox 712 4157 754 4212; x_wconf 77' lang='lat'><strong>23.</strong></span> <span class='ocrx_word' id='word_1_307' title='bbox 770 4157 955 4211; x_wconf 85' lang='lat' dir='ltr'><strong>Buttmannus</strong></span> <span class='ocrx_word' id='word_1_308' title='bbox 974 4166 1050 4213; x_wconf 86' lang='lat' dir='ltr'><strong>recto</strong></span> <span class='ocrx_word' id='word_1_309' title='bbox 1067 4157 1196 4214; x_wconf 83' lang='lat' dir='ltr'><strong>thematis</strong></span> 
     </span>
     <span class='ocr_line' id='line_1_39' title="bbox 77 4235 638 4312; baseline 0.002 -19"><span class='ocrx_word' id='word_1_310' title='bbox 77 4240 143 4295; x_wconf 85' lang='lat' dir='ltr'><strong>loco</strong></span> <span class='ocrx_word' id='word_1_311' title='bbox 162 4240 243 4312; x_wconf 89' lang='lat' dir='ltr'><strong>pouit</strong></span> <span class='ocrx_word' id='word_1_312' title='bbox 260 4235 318 4294; x_wconf 75' lang='grc' dir='ltr'><strong><em>ἅκοι</em></strong></span> <span class='ocrx_word' id='word_1_313' title='bbox 338 4235 457 4312; x_wconf 57' lang='lat' dir='ltr'><strong>(dreigo)</strong></span> <span class='ocrx_word' id='word_1_314' title='bbox 474 4239 638 4312; x_wconf 72' lang='grc' dir='ltr'><strong>ἀκαχμέιος.</strong></span> 
     </span>
    </p>
   </div>
   <div class='ocr_carea' id='block_1_6' title="bbox 924 4327 987 4392">
    <p class='ocr_par' dir='ltr' id='par_1_9' title="bbox 924 4327 987 4392">
     <span class='ocr_line' id='line_1_40' title="bbox 924 4327 987 4392; baseline 0.032 -2"><span class='ocrx_word' id='word_1_315' title='bbox 924 4327 987 4392; x_wconf 79' lang='grc'><strong>11*</strong></span> 
     </span>
    </p>
   </div>
   <div class='ocr_carea' id='block_1_7' title="bbox 0 0 1384 4778">
    <p class='ocr_par' dir='ltr' id='par_1_10' title="bbox 0 0 1384 4778">
     <span class='ocr_line' id='line_1_41' title="bbox 0 0 1384 4778; baseline 0 0"><span class='ocrx_word' id='word_1_316' title='bbox 0 0 1384 4778; x_wconf 95' lang='lat' dir='ltr'><strong> </strong></span> 
     </span>
    </p>
   </div>
  </div>
 </body>
</html>
