2736 4778
127 445 129 449 Ι
163 329 1095 439 nuraosuuuusrarumme1.c.x.ss
1127 357 1205 432 207

87 563 203 630 pugna
225 539 421 606 destitenmt
439 527 654 619 οοπ-ὂὶμοχοι
672 535 734 601 sed
752 531 935 618 ἇπόμαχοι.
963 538 1119 603 Attamen
1137 561 1205 606 non

89 643 197 709 solum
227 639 385 706 detractio
414 639 487 721 ejus
517 636 579 715 rei,
609 658 695 722 quae
723 635 834 711 affuit,
867 633 930 701 hac
962 639 1206 724 praepositione

89 744 276 811 declaratur
306 739 367 805 sed
395 737 544 804 etiamsi
568 738 642 822 quie
662 737 699 803 id
722 760 789 824 quo
812 736 939 824 aspirat
959 739 1105 804 nondum
1126 758 1219 808 con·¹

89 856 251 933 sequutus
273 852 333 908 est.
375 839 430 905 Ita
449 838 634 927 impuberes
655 839 815 906 nominati
838 847 914 904 sunt
935 833 1129 922 ἆπόδρομοι
1151 841 1208 909 διὰ

90 947 131 1012 τὸ
160 943 265 1032 μήπω
293 945 358 1009 τῶν
385 944 506 1010 κοινῶν
534 937 670 1029 δρόμων
690 942 840 1025 μετέχειν
858 942 1015 1005 Ammon.
1042 936 1210 1026 ἆπάγελοι

93 1042 128 1113 οἱ
155 1043 299 1134 μηδέπω
327 1037 621 1127 συνομιλιιζόμονοι
641 1042 724 1107 Ηοο.
747 1035 904 1124 indies?
924 1037 942 1107 ὁ
966 1034 1094 1128 ἄνηβος
1111 1043 1209 1128 παρὰ

93 1142 301 1231 Καλλιμάχῳ
327 1144 422 1209 Euat.
451 1135 579 1230 ἀφῆλιξ
605 1137 623 1208 ὁ
651 1140 812 1225 νεώτερος
832 1142 915 1207 Hes.
937 1142 1029 1226 quod
1050 1141 1093 1207 ab
1118 1144 1208 1209 Atti·

88 1245 184 1311 cistis
204 1243 407 1331 improbatur
426 1242 468 1309 ei.
489 1241 618 1309 Nauck.
636 1241 809 1328 Aristopln
829 1242 880 1308 95.
925 1243 995 1311 Sed
1015 1254 1134 1330 poetae
1155 1246 1208 1313 in·

90 1346 219 1413 terdum
250 1366 311 1432 pro
343 1343 443 1431 alpha
477 1342 637 1429 privativo
667 1343 944 1430 praepositionem
971 1357 1131 1432 usurpant
1155 1350 1209 1415 vel

89 1467 299 1513 numerorum
328 1443 567 1532 explendorum
594 1465 695 1510 causa
717 1444 770 1509 vel
793 1443 871 1528 quia
895 1442 1145 1529 significantior,
1171 1461 1211 1515 ut

92 1547 279 1634 Sophocles
306 1545 385 1611 alibi
414 1538 533 1624 ι’ἰξενον
558 1542 666 1629 ὅρμον
692 1544 776 1609 dixit
801 1544 888 1610 Phil.
914 1546 988 1611 217.
1017 1546 1096 1612 alibi
1122 1543 1236 1616 inii

91 1650 186 1730 ξενον
208 1646 297 1716 Oed.
319 1645 362 1714 Τ.
383 1645 455 1712 196.
483 1645 649 1711 Pindarus
672 1640 865 1734 ἇπόκληρος
884 1644 999 1711 πόνων
1027 1669 1088 1733 pro
1110 1641 1209 1730 ipor-

94 1774 153 1832 ρος
170 1748 212 1815 Ρ.
236 1750 280 1817 V.
303 1748 354 1814 71.
377 1757 411 1812 et
430 1746 629 1833 posteriores
650 1739 808 1824 ἄποπτος
828 1770 895 1812 non
911 1747 1017 1813 solum
1033 1771 1095 1837 pro
1113 1743 1211 1819 ἄπιο-

94 1855 156 1916 isa
181 1845 415 1934 ὁρώμενος”)
445 1846 505 1913 sed
538 1847 634 1913 etiam
660 1867 720 1934 pro
749 1843 893 1933 ἀόρατος
913 1872 943 1913 v.
965 1851 1007 1914 ad
1028 1852 1084 1936 Aj.
1102 1876 1133 1917 v.
1158 1854 1210 1920 14.

92 1950 148 2014 De
180 1944 361 2026 ἀπόσιτος.
390 1948 480 2033 quod
505 1950 713 2013 Hermannus
742 1947 846 2025 affert,
868 1961 956 2013 extat
979 1950 1096 2015 Geloni
1117 1953 1211 2017 testi-

92 2048 239 2115 monium
269 2047 474 2134 ambiguumr
503 2046 582 2125 roric
610 2043 809 2130 ἀνορέκτους
837 2044 973 2125 ἀσίτους
999 2045 1211 2133 ὀνομάζουσι,

95 2149 175 2226 τοὺς
193 2149 239 2237 μὴ
261 2149 580 2237 ποοςονηνογμὲνους
606 2143 715 2223 aazia,
743 2147 821 2224 οούς
850 2142 881 2212 δ’
914 2142 1213 2233 ἀπεστραμμένους

93 2248 301 2341 προςίιοθοι
327 2250 486 2316 καλοῦσιν
509 2243 694 2326 innuimus
720 2245 846 2314 Comm.
873 2247 901 2312 Ι.
927 2247 961 2312 in
984 2249 1084 2336 Epid.
1107 2250 1135 2317 Ι.
1157 2253 1211 2321 20.

96 2372 133 2434 p.
155 2349 206 2414 74.
232 2347 275 2414 Τ.
294 2347 412 2417 XVII.-
434 2348 474 2413 P.
496 2349 525 2414 I.
546 2347 659 2414 sedin
680 2347 806 2415 Comm.
828 2349 856 2414 1.
878 2349 913 2414 in
935 2349 998 2415 111.
1017 2351 1067 2416 72.
1090 2374 1124 2438 p.
1137 2354 1210 2421 743.

94 2446 282 2527 ciuccirane
313 2449 400 2517 ποιὰ
427 2448 576 2516 παλαιὰν
605 2446 689 2528 ἔθος
716 2453 782 2515 τῶν
802 2446 962 2537 Ἑλλήνιον
991 2451 1069 2530 τοὺς
1095 2447 1212 2537 ἀνορέ-

96 2551 195 2629 ιῖιους
214 2551 383 2628 καλοῦσιν,
405 2561 438 2616 et
461 2550 497 2615 in
516 2549 643 2617 Comm.
665 2551 700 2615 in
720 2549 854 2616 Pronh.
878 2552 929 2628 71,
951 2550 1025 2616 654.
1049 2551 1092 2616 Τ.
1113 2553 1212 2619 xvl.

95 2646 259 2718 ἀπόσιτοι
276 2646 322 2718 ὀἱ
350 2646 538 2734 dadoenus,
571 2652 639 2717 sive
674 2651 835 2737 scriptura
861 2652 1022 2719 vacillavit
1049 2652 1117 2720 sive
1145 2653 1213 2720 dis-

93 2751 220 2817 crimen
240 2772 356 2839 parum
376 2751 478 2817 lixum
497 2751 575 2827 iuit3
604 2750 781 2838 Oppianus
808 2764 896 2819 certe
920 2754 999 2819 Hal.
1024 2755 1053 2820 1.
1074 2756 1147 2821 299.
1170 2757 1215 2823 de

93 2853 207 2919 diaeta
233 2853 360 2939 aegroti
385 2852 541 2939 loquens,
576 2874 674 2938 quem
706 2852 852 2918 medicus
880 2857 987 2940 βορῆς
1013 2849 1215 2925 irenem

97 2951 225 3037 ἐρύκοι.
261 2952 325 3021 hoc
363 2976 424 3041 pro
463 2946 614 3033 ἄπυστος
653 2953 721 3019 sive
754 2947 915 3039 ὅμιυοτος
947 2954 1087 3041 scripsit
1144 2957 1214 3024 Sed

94 3046 323 3141 exemplorum
348 3077 426 3142 pars
451 3055 595 3121 maxima
620 3054 702 3119 nulli
729 3064 780 3120 est
800 3052 875 3117 usui
899 3053 979 3137 quia
997 3078 1065 3119 non
1087 3069 1216 3123 consut

97 3177 198 3239 quam
218 3155 283 3221 vim
304 3156 507 3243 praepositio
532 3176 665 3240 quoque
688 3155 724 3219 in
743 3154 819 3218 loco
841 3152 1004 3233 obtineat3
1025 3157 1126 3243 idque
1148 3180 1216 3225 non

96 3255 207 3323 solum
227 3255 269 3322 de
289 3250 360 3324 ἀπό
383 3256 470 3322 valet
491 3256 551 3321 sed
573 3256 670 3323 etiam
692 3256 733 3322 de
755 3254 807 3336 ἐξ,
830 3276 915 3340 quae
937 3278 1036 3345 saepe
1055 3258 1102 3323 illi
1125 3259 1216 3324 simi-

98 3358 163 3423 lem
195 3355 297 3422 habet
328 3355 601 3443 significationem
631 3355 781 3445 privandi
810 3353 940 3437 ἔκνους,
975 3355 1108 3447 ἔκφρων
1137 3360 1160 3425 i.
1182 3384 1214 3446 q.

99 3451 233 3546 ὅμοιον,
256 3453 409 3540 ἔννομος,
427 3454 571 3537 ἔνδικος,
587 3457 641 3525 cui
656 3456 867 3525 Grammatici
883 3479 1056 3545 perperam
1071 3458 1218 3526 tribuunt

97 3556 296 3624 contrariam
327 3568 524 3644 potestatem
559 3563 618 3627 roi
649 3550 734 3646 dyor
766 3558 908 3623 δικαίου.
958 3549 1143 3645 Ἔκπικρος
1169 3562 1216 3630 Η.

97 3656 290 3744 Stephanus
310 3660 504 3727 sermm
519 3679 651 3727 οπιοοιιι
670 3658 797 3738 reddit,
821 3656 1016 3726 Dindorflus
1044 3682 1122 3727 vero
1142 3667 1216 3731 ονο-

97 3777 249 3836 amensa·
271 3777 347 3825 πονο
360 3762 610 3845 praepositionis
628 3762 664 3826 ia
679 3761 862 3844 tuiasmodi
877 3765 1057 3846 conpositis
1071 3768 1217 3833 minoen

96 3863 208 3943 potiar
236 3878 330 3944 quam
358 3878 476 3944 οιιοοιιι
504 3862 552 3927 tis
580 3871 635 3927 est.
686 3858 759 3926 Imo
790 3870 840 3925 est
860 3860 970 3948 potius
992 3862 1164 3953 multiplex
1185 3874 1219 3931 et

168 4110 218 4179 2⁹)
234 4109 267 4164 lo
278 4111 335 4166 hoc
349 4106 474 4173 inanior
483 4108 657 4185 praepositio
674 4107 906 4184 significationem
917 4131 985 4168 vere
997 4112 1117 4169 localem
1132 4114 1219 4172 habat

99 4195 180 4250 utin
199 4194 295 4251 verbis
313 4194 441 4271 ἂμορᾷν,
462 4194 636 4252 ἀποσκοπεῖν
656 4188 844 4266 (uaesanae
861 4192 981 4255 irater
998 4200 1112 4255 ονοπὸν
1131 4198 1218 4274 lies.)

99 4280 276 4356 derpactm
293 4288 323 4335 et
339 4280 369 4336 in
385 4279 499 4336 nomina
516 4274 624 4352 ἔποψις
636 4286 825 4355 prospectas.
