2736 4778
195 366 260 435 280
580 361 860 431 DISSERTATIO
880 358 989 430 vm‘

195 528 373 598 habendam
395 546 476 609 esse,
499 523 575 614 σφί
596 532 702 594 autem
724 532 759 592 et
779 524 877 613 σφίσι
897 517 961 593 non
988 527 1063 609 poni
1082 524 1146 591 nisi
1180 521 1231 593 δι’
1268 523 1324 593 ai·

197 630 335 720 φωνίιιν,
356 632 416 696 hoc
438 635 501 710 est,
536 629 591 695 ubi
612 648 723 696 versus
744 629 874 695 brevem
904 633 1015 712 poscat
1046 629 1214 713 syllabam.
1260 628 1326 696 Sed

197 755 279 820 quae
300 735 428 818 proprie
450 733 565 799 dicitur
586 732 750 815 euphonia,
774 731 814 797 ab
835 731 1019 797 Aristarcho
1040 733 1190 814 qrraesila
1212 738 1275 812 est,
1297 734 1323 797 si

194 839 232 919 is,
254 844 291 903 ut
313 836 479 920 Spitznero
502 834 635 915 udatur,
657 836 690 899 in
711 834 748 900 ll.
773 832 854 899 xm
875 833 938 899 713
962 830 1001 899 ml
1024 832 1087 919 γάρ
1109 858 1171 921 σφι
1196 830 1322 921 σταδίῃ

188 946 367 1024 propterea
388 937 524 1019 scripsit,
545 942 583 1002 ut
603 939 699 1004 bium
711 937 948 1003 consonantium
958 954 1144 1003 concursum
1154 934 1323 1019 effugeret

196 1043 338 1109 Eaedem
359 1046 667 1107 tamenconcurrrmt
687 1040 720 1105 in
742 1040 877 1105 dictione
898 1044 950 1104 ter
970 1040 1107 1121 repetita
1128 1035 1161 1104 iv
1186 1036 1321 1127 σταδίῃ,

196 1146 314 1228 illeque
335 1145 381 1210 sic
401 1144 507 1225 potius
528 1142 589 1208 sibi
611 1143 809 1226 persuasisse
824 1141 958 1222 videtur,
982 1140 1063 1229 σφίν
1075 1159 1138 1207 non
1159 1142 1239 1223 poni
1260 1143 1322 1207 nisi

197 1246 305 1312 hiatus
326 1244 447 1311 umndi
469 1262 567 1309 causa
587 1250 643 1310 aut
665 1245 705 1310 ad
726 1244 961 1327 producendam
982 1243 1144 1326 syllabam,
1167 1240 1232 1328 σφί
1245 1262 1322 1333 vero

196 1347 230 1413 in
252 1349 316 1437 arsi
336 1348 476 1430 positum
498 1346 577 1415 satis
601 1347 732 1428 produci
763 1346 969 1430 sequentibus
1002 1345 1124 1413 duabus
1156 1337 1322 1425 consonis}

199 1468 263 1533 qua
284 1450 323 1516 de
346 1468 444 1517 causa
463 1467 547 1514 nunc
559 1446 567 1481 '·
575 1448 723 1514 scribitur
745 1448 830 1526 Ζεὺς
851 1450 890 1517 δέ
912 1473 972 1535 σφι
998 1447 1163 1535 Κρονίδης
1186 1448 1235 1514 IX
1258 1448 1323 1515 aab

198 1544 331 1618 sicilici
344 1576 404 1640 σφι
417 1575 485 1637 προ
500 1547 651 1637 πάροιθε
661 1549 710 1616 XI
721 1548 784 1615 734
795 1550 910 1635 [Bekk.
922 1551 1023 1636 σφιν],
1035 1551 1091 1615 sed
1102 1549 1183 1615 alias
1193 1551 1228 1616 iu
1239 1550 1325 1617 thesi

200 1649 246 1733 ὥς
267 1676 347 1741 σφιν
369 1658 503 1741 πρῶτον
523 1652 561 1717 Il.
583 1651 688 1718 XXIV
710 1652 762 1718 27.
787 1690 823 1701 -
848 1652 939 1730 Quod
961 1653 1145 1735 Apollonius
1166 1652 1210 1719 de
1231 1653 1321 1719 duali

193 1755 309 1820 tertiae
330 1773 486 1838 personae
508 1755 598 1836 (licit,
631 1749 652 1842 ἦ
679 1757 808 1839 σφῶιν
830 1750 991 1822 οὐδέποτε
1014 1750 1203 1836 inopinae
1227 1758 1268 1820 τὸ
1294 1754 1314 1826 3

194 1854 287 1923 Pron.
311 1856 372 1922 114
394 1856 429 1937 G,
462 1857 549 1922 valet
570 1856 611 1922 de
632 1856 792 1937 omnibus;
814 1846 956 1923 dativum
978 1862 1030 1922 τῶ
1037 1884 1065 1933 ι,
1097 1876 1195 1940 quem
1217 1858 1321 1925 Zeno-

194 1956 500 2024 consumma
511 1956 629 2025 inferre
650 1964 780 2024 conatus
792 1966 850 2040 est,
873 1958 1239 2027 LucianusSoloeciatae
1262 1980 1321 2029 suo

195 2058 293 2126 donat
313 2061 345 2126 in
366 2060 518 2126 Pseudos.
540 2059 600 2146 §ti
612 2058 675 2126 602
686 2060 721 2125 T.
731 2060 790 2141 III,
813 2061 982 2128 Theocrito
999 2062 1093 2127 XXII
1117 2061 1180 2129 165
1203 2066 1323 2131 eremit

195 2158 356 2228 Sohaeferi
367 2162 533 2242 correctio;
555 2162 743 2228 'restatvero
753 2161 851 2246 Orpb
861 2163 946 2229 Litb.
958 2162 1021 2230 767
1032 2167 1091 2230 νῶι
1108 2161 1319 2233 (λέ-ἰοῦσιν.

279 2265 485 2348 Reliquorum
506 2265 660 2331 vocalium
682 2264 806 2331 duabus
826 2282 963 2332 consona
994 2264 1119 2331 mobiba
1150 2267 1321 2335 tribuitur:

200 2370 269 2456 Τῆς
290 2360 412 2447 ἄλλος
433 2361 640 2450 σἰντωννμλας
661 2366 699 2433 τὸ
723 2364 892 2455 οὐδέτερον
922 2360 1064 2454 ὤφειλεν
1098 2360 1187 2436 εἶναι
1218 2362 1322 2437 ἄλλον

197 2465 243 2548 ὡς
264 2468 302 2536 τὸ
327 2465 460 2555 ἀγαθὸν
480 2469 563 2553 μετὰ
586 2473 646 2535 τσῦ
668 2464 882 2556 ἶᾶναλόγως·
906 2468 997 2553 ὅμως
1019 2472 1194 2538 πέπονθεν
1216 2470 1321 2539 αὐτοῦ

195 2569 326 2639 ἔνδειαν
348 2566 393 2649 ὡς
415 2571 471 2639 καὶ
492 2571 530 2638 τὸ
553 2579 715 2638 τσισῦτσ
738 2572 793 2638 καὶ
816 2578 1002 2651 τοσοῦτο,
1027 2569 1098 2638 ἀλλ’
1123 2573 1318 2657 ἐπαναλαμ-

192 2673 285 2756 priva
308 2669 388 2738 αὐτὸ
414 2668 491 2738 καθ’
504 2667 829 2758 Ἦριινδισνὸνεῖπεῖν
852 2674 886 2741 ἐν
907 2679 953 2762 τῷ
976 2672 1267 2760 ἀλλοπρόσαλλον,
1289 2684 1320 2743 et

195 2775 308 2839 iisdem
331 2774 456 2839 cibariis
478 2781 588 2856 pastus
610 2776 802 2858 EpimliO.
825 2777 867 2841 20
890 2785 947 2844 τοῦ
969 2772 1072 2856 ἄλλος
1093 2778 1129 2866 τι)
1153 2774 1322 2866 οὐδέτερον
1354 2766 1357 2771 ’

194 2866 281 2941 εἶναι
298 2871 549 2961 &periclitam
571 2877 655 2959 μετὰ
678 2881 737 2943 τσῦ
759 2877 789 2958 ὖ,
821 2874 889 2943 ἀλλ’
915 2871 934 2941 ‘ri
958 2872 1100 2967 ὤφειλεν
1123 2879 1210 2962 ἔχειν
1233 2882 1269 2949 ἐν
1283 2887 1321 2971 τῇ

195 2972 370 3062 ἁπλότητι,
401 2974 556 3064 ἀνέλαβεν
588 2975 623 3046 ἔν
655 2984 696 3069 τῇ
729 2980 895 3055 συνθέσει,
931 2979 1073 3061 ἔξαλλσν,
1108 2980 1317 3068 πρόσσλλσν,

193 3079 278 3160 quod
299 3080 403 3161 ipsum
424 3100 486 3147 non
497 3081 621 3164 legitur,
644 3083 701 3147 sed
714 3079 927 3168 ἀπρόσαλλιιν
948 3090 982 3149 at-
1000 3083 1137 3163 ἔξιιλλσν
1160 3088 1249 3168 apud
1270 3106 1318 3153 re

196 3181 360 3247 centiores.
413 3181 649 3249 Choeroboscus
662 3184 796 3249 eundem
818 3185 919 3251 locum
942 3186 1169 3252 baaansCan.
1182 3187 1257 3254 362.
1281 3190 1322 3256 30

172 3286 177 3295 ’
197 3280 286 3346 addit
309 3275 467 3349 ἅνταλλον
490 3291 523 3350 et
545 3283 724 3368 πάραλλσν.

279 3383 524 3465 Vocabulorum,
559 3405 641 3468 quae
674 3387 840 3470 {longum
861 3390 893 3454 ln
915 3389 1027 3454 ultima
1054 3388 1186 3470 babent,
1220 3412 1318 3459 uuum

193 3500 293 3564 genus
325 3484 387 3550 huc
419 3489 606 3567 arcessitur,
639 3489 718 3554 illud
752 3490 835 3570 dico,
868 3492 957 3556 cuius
990 3510 1082 3557 casus
1117 3493 1238 3576 obliqui
1261 3496 1317 3562 At·

191 3584 254 3649 tice
294 3586 540 3668 contrahuntur;
577 3590 714 3671 primurn
751 3591 968 3658 substantiva:
1009 3590 1028 3680 ἡ
1069 3591 1188 3661 εἰκών
1227 3591 1316 3665 ἅντιν-

191 3687 371 3774 βσλῇσσῦ
401 3687 428 3758 ἶ
461 3690 587 3775 γίνεται
617 3688 711 3757 εἰκώ
751 3694 803 3760 καὶ
841 3690 879 3760 σύ
918 3693 1075 3781 φυλάττει
1115 3696 1174 3783 τὴν
1212 3694 1318 3783 αὐτὴν

193 3786 561 3855 accaronitarum.
605 3792 674 3858 Hoc
694 3814 768 3860 vero
791 3795 869 3861 satis
892 3814 1006 3862 causae
1027 3803 1090 3878 est,
1124 3816 1181 3863 cur
1213 3806 1316 3866 meta·

192 3891 405 3956 schematistis
426 3892 532 3973 potius
555 3899 730 3975 asseratur,
753 3898 841 3962 cuius
863 3899 987 3980 generis
1003 3900 1104 3965 multa
1126 3904 1318 3985 congregari

191 3992 223 4055 in
244 3990 392 4057 Rhemat.
420 3991 492 4066 aaa,
517 3995 672 4078 simulque
694 3999 815 4078 monui,
850 4006 882 4065 et
903 4001 962 4067 boc
984 4007 1017 4091 et
1037 4002 1187 4068 nonnulla
1208 4005 1277 4071 alia
1299 4025 1319 4071 a

191 4100 347 4173 grammat
333 4094 403 4160 ticis
425 4093 577 4177 relata,‘
559 4122 580 4185 η
604 4094 707 4189 opici,
727 4098 872 4187 βληχώθ)
904 4108 1033 4184 praeter
1054 4105 1199 4188 obhquos
1222 4125 1317 4174 casus

259 4246 288 4305 al
307 4249 390 4302 Omiis
381 4266 503 4305 unomen
521 4256 611 4308 matris
629 4252 824 4311 Amazonum
811 4276 827 4324 p
841 4253 910 4321 ἀλιι
912 4251 946 4321 cai
964 4259 1039 4313 Euat
1057 4258 1189 4315 adilian
1208 4260 1272 4330 828,
1289 4262 1317 4316 nl

193 4316 261 4365 enirn
279 4333 443 4386 paronymon
460 4327 511 4376 ost.
