2736 4778
193 312 237 437 ’λο
571 365 851 436 olssssssrlo
883 366 938 435 VI.

193 552 291 601 unum
314 529 349 601 ai
370 535 473 621 γραῦς
494 532 709 599 Βυιιυιιυουο
729 548 854 615 quoque
876 532 903 617 ᾗ.
916 531 967 598 50.
989 531 1011 597 4
1032 536 1240 601 contrsotum
1254 551 1328 601 csso

192 643 299 722 putst3
333 634 470 703 sedhic
502 635 722 717 nominativus,
755 654 849 719 quem
882 636 1050 703 Atticistoc
1077 637 1250 717 reficiunt,
1285 638 1327 705 od

194 761 302 808 cusum
323 740 461 822 primum
481 736 618 804 reflexus
640 739 773 819 videtur,
797 738 886 805 cuius
897 740 996 806 vocali
1012 739 1180 822 principali
1195 741 1327 824 ypsilon

192 862 264 911 sose
296 842 451 925 applicuit
481 841 565 906 sicut
596 859 658 907 vsu
694 842 726 909 in
759 841 873 908 Latino
905 866 1017 924 νσνυσ,
1048 844 1326 928 γνανααιαιλυσῆ

191 947 338 1014 Alterum
369 965 391 1011 a
422 948 530 1010 nostro
552 944 713 1026 proposito
736 945 886 1012 abhorret
908 965 955 1027 eo,
987 947 1072 1029 quod
1093 950 1191 1028 νᾶες,
1228 946 1325 1017 νάσσα

190 1070 254 1119 non
283 1049 426 1116 eiusdem
447 1047 575 1114 dialecti
597 1053 672 1114 sunt
693 1054 788 1132 atque
812 1045 847 1116 αἱ
869 1052 960 1130 ναῦς,
983 1053 1055 1127 ταῖς
1077 1045 1237 1117 υσυαλ-
1252 1049 1326 1117 Duo

192 1153 304 1233 verbs,
338 1170 420 1235 quac
451 1151 502 1217 his
532 1151 668 1219 similem
688 1152 827 1234 speciem
849 1157 976 1235 gerunt,
1009 1156 1153 1219 vetenm
1188 1152 1326 1234 quidum

58 1272 62 1277 ·
192 1256 364 1337 duplicitur
385 1252 500 1321 offecto
520 1273 592 1321 esso
614 1254 823 1322 constituunt:
842 1249 1048 1344 Ἡρωδιανὸς
1069 1254 1158 1339 λέγω
1170 1249 1325 1325 sonaim

192 1354 307 1442 (iasio)
340 1352 539 1446 c‘sddptorog
561 1351 649 1426 αὗσα
672 1356 728 1425 καὶ
752 1353 903 1427 διαλύσει
925 1357 980 1424 καὶ
1002 1361 1113 1447 τροπῇ
1135 1362 1199 1425 τοῦ
1223 1363 1248 1432 ὖ
1276 1357 1325 1441 εἷς

194 1464 216 1533 ι’
240 1453 323 1528 droa
346 1456 461 1547 ὥσπερ
483 1458 540 1527 καὶ
572 1458 611 1527 τὸ
634 1451 769 1540 aignan
793 1455 927 1540 ἇέξυυαι
949 1460 1021 1527 ΕΜ.
1043 1458 1116 1527 464.
1139 1459 1194 1529 34.
1252 1463 1326 1533 Hoc

194 1565 222 1631 si
243 1582 315 1631 cum
330 1564 444 1630 Latino
465 1583 565 1649 cupeo
587 1567 621 1629 et
632 1561 766 1630 Gothico
787 1563 874 1629 αωλισ
888 1562 1087 1643 conferimus
1108 1564 1325 1649 principalius

192 1667 294 1733 rideri
315 1666 419 1747 debet,
442 1684 538 1749 quam
559 1667 717 1749 poeticum
734 1662 834 1747 ἀέξω,
857 1686 919 1749 quo
930 1667 1087 1733 Homerus
1108 1668 1216 1737 utitur
1235 1670 1323 1751 solo3

192 1788 251 1836 nco
273 1775 389 1851 tomen,
412 1774 499 1851 puto,
521 1769 680 1852 ignoravit
700 1770 850 1851 alterum,
873 1771 931 1838 sed
951 1771 1096 1839 versibus
1118 1770 1188 1837 suis
1212 1773 1323 1856 aptius

192 1873 319 1958 reperit
342 1890 406 1955 qus
428 1871 550 1939 ratione
561 1871 720 1941 Hesiodus
743 1858 1104 1961 odqddcvocoinpidsus
1118 1875 1323 1943 cst—Gon·

192 1977 327 2045 trarium
360 1974 456 2043 schol.
479 1973 568 2041 Pind
591 1974 640 2042 Oh
662 1975 725 2043 VII
747 1975 789 2042 70
821 1977 964 2043 decernit
997 1979 1036 2043 de
1063 1977 1225 2047 sdiectiro
1248 1996 1323 2047 cum

191 2079 289 2147 verbo
310 2077 483 2161 composito
505 2075 757 2167 φαυσλμβροιον
778 2079 1038 2168 φασσλμβροτον·
1061 2080 1099 2149 τὸ
1120 2083 1141 2153 ι’
1158 2081 1220 2150 καὶ
1243 2083 1322 2157 ποῖ

128 2236 137 2245 ,
191 2179 239 2262 οἷς
260 2182 319 2267 τὴν
341 2175 377 2253 αα
399 2182 585 2270 δίφθογγον
607 2183 743 2251 συνεῖλε.
787 2182 919 2251 Potcrst
940 2183 1025 2249 idcm
1035 2183 1197 2253 Homerus
1213 2184 1320 2255 suom

191 2291 294 2353 metro
315 2285 472 2365 incolumi
497 2284 555 2351 ssd
576 2287 727 2368 praetulit
741 2286 885 2368 altorum,
908 2287 969 2352 etsi
984 2287 1178 2377 φαέσωυοιι
1190 2289 1318 2373 didon.

192 2390 250 2459 Sed
272 2384 393 2478 φαὺσιο
416 2404 436 2457 ο
456 2390 620 2471 praesenti
642 2387 742 2479 φαιλω
765 2386 969 2478 (dorpaneo),
992 2392 1042 2458 cui
1066 2392 1089 2461 ιῖ
1107 2397 1238 2460 mature
1269 2395 1317 2463 in·

192 2495 300 2561 crevit
344 2493 413 2559 Hoc
435 2496 543 2558 sutum
565 2493 592 2559 si
614 2494 660 2559 its
682 2512 717 2560 sc
739 2493 845 2574 habet,
868 2493 1080 2577 diphthongus
1097 2495 1317 2565 dissolutssst

113 2582 115 2586 ¹
192 2617 254 2665 non
277 2615 366 2662 mero
388 2595 509 2677 dialysi
533 2596 590 2661 sed
611 2598 710 2663 mixto
731 2615 803 2664 cum
825 2602 923 2678 tropo,
946 2598 1101 2679 quomodo
1112 2598 1316 2669 Herodianus

191 2702 212 2766 l.
236 2719 261 2767 c.
284 2718 323 2766 ex
346 2692 448 2767 αὗσαι
469 2699 607 2781 primum
630 2694 749 2784 ἆΰσαι,
772 2707 840 2767 tum
863 2695 962 2768 ἀέσαι
984 2699 1102 2769 foetum
1125 2718 1198 2769 esse
1222 2704 1270 2769 sit
1296 2706 1317 2777 ῐ

192 2803 269 2891 in}
301 2805 438 2885 mutat03
472 2802 518 2869 sic
540 2809 685 2871 servatur
706 2804 830 2886 regulo:
864 2803 1072 2887 diphthongos
1094 2807 1214 2873 nonin
1235 2809 1314 2875 sliss

191 2907 317 2974 vocales
340 2905 446 2974 dirimi
466 2925 562 2989 quom
582 2907 666 2975 unde
689 2908 880 2990 compositae
903 2912 986 2973 sunt
1042 2907 1193 2975 Ceterum
1215 2911 1314 2979 nostri

193 3010 370 3092 technologi
392 3010 545 3077 soristum
568 3002 664 3091 ἅσσα,
688 3005 753 3078 ὅσα
776 3012 818 3077 ad
839 3007 1070 3093 praesensdc'o
1092 3010 1237 3081 referunt
1258 3015 1314 3081 sd·

192 3115 293 3180 hibita
315 3114 441 3196 systolc,
464 3134 492 3180 v.
514 3115 624 3181 Rhcm.
651 3112 720 3180 191.
740 3152 775 3162 -
801 3114 852 3179 Ad
874 3115 1031 3197 synizcsin
1054 3120 1179 3199 spectat
1200 3118 1314 3199 geniti·

192 3236 250 3283 vus
273 3216 470 3299 spumosus,
494 3218 548 3300 qui
568 3236 695 3284 versum
709 3217 913 3285 Homericum
935 3218 1057 3284 orditur
1078 3218 1114 3284 Π.
1130 3219 1239 3287 XXIV
1251 3219 1313 3288 769

193 3321 320 3408 δαέρων
343 3313 365 3406 ἢ
387 3319 526 3405 γαλόων.
562 3320 757 3405 Bisyllabum
767 3320 908 3385 ΡΙιααιοα
931 3328 1025 3388 antes
1047 3323 1244 3406 disputatum
1256 3331 1315 3393 ost

266 3427 317 3508 ᾖ
341 3423 374 3489 in
394 3427 421 3509 ἦ
440 3427 583 3491 mutatur
604 3444 667 3492 non
690 3424 792 3491 solum
813 3425 846 3492 in
859 3425 975 3492 Dorico
997 3420 1097 3505 ὀδών,
1111 3420 1236 3507 diovis,
1256 3429 1315 3496 scd

191 3529 276 3595 idom
298 3525 367 3593 ficri
390 3528 526 3593 sumitur
547 3528 581 3595 in
603 3528 726 3595 duabus
737 3528 926 3595 dictionibus
938 3528 979 3593 sd
1001 3547 1198 3597 communem
1220 3551 1314 3600 usum

192 3631 353 3714 expositis.
399 3629 451 3697 Sic
484 3634 570 3698 certo
592 3631 788 3716 Phrynichus
809 3634 843 3698 in
865 3632 945 3715 App.
968 3633 1010 3698 22
1033 3627 1221 3717 ὁδολεσχιῖν
1243 3630 1314 3703 ἀπὸ

192 3739 251 3801 τοῦ
275 3730 357 3822 ἅδην
382 3771 418 3782 -
444 3730 466 3799 i*
488 3730 640 3803 ἀπὸτοῦ
668 3729 801 3825 ἀηδοῦς·
835 3733 867 3801 οἱ
901 3735 963 3825 γὰρ
978 3728 1088 3815 Ἴωνος
1109 3731 1168 3825 τήν
1191 3732 1316 3827 ἀηδίαν

192 3836 446 3924 συναλοίφουτες
467 3834 694 3922 τρισυλλάβως
716 3836 900 3927 γράφουσα.
916 3839 969 3908 διὸ
986 3839 1040 3907 καὶ
1056 3838 1212 3929 ἐξετάθη.
1248 3842 1315 3910 No·

192 3943 285 4008 minis
309 3937 389 4008 ddio
411 3941 789 4022 nemorumnemorum
823 3944 879 4008 sod
912 3944 952 4011 de
974 3945 1070 4012 verbo
1103 3962 1315 4027 congcrmsno

191 4046 330 4127 loquitur
352 4043 446 4110 schol.
471 4042 529 4111 Od.
551 4044 568 4110 I
593 4044 653 4113 134
676 4043 840 4137 φιλωτέου
862 4046 898 4113 τὸ
923 4043 1063 4136 αἰδὴσοιε·
1090 4045 1171 4115 ὅσον
1192 4047 1257 4136 γὰρ
1281 4049 1317 4117 ἐν

192 4149 377 4236 συναλοιφῇ
401 4147 438 4213 τὸ
462 4144 668 4232 φιλούμενον
690 4146 723 4215 ἐν
747 4144 829 4239 ἀρχῇ
856 4155 986 4240 φωνῆεν
1009 4147 1229 4240 ἐπικρατλοῃ,
1258 4151 1317 4221 καὶ

260 4369 289 4434 *)
307 4374 341 4439 cl.
356 4390 387 4441 p.
404 4371 447 4427 43.
