2736 4778
172 342 220 417 88
535 332 854 407 DISSERTATIO
886 334 914 401 1.

142 592 146 603 ,
171 523 305 612 quidem
333 521 483 589 convenit
513 544 587 589 cum
615 533 759 590 vetorum
781 520 935 610 opinione
957 515 1093 606 αἷζηαύς
1118 520 1183 587 dici
1205 518 1284 601 τοὺς

172 622 257 713 dyas
279 624 412 708 ζέοντας
429 625 511 690 Hes.
534 624 594 689 sed
615 623 698 690 haec
717 625 791 712 ipsa
810 623 913 689 nihilo
934 622 1136 710 probabilior
1157 634 1207 688 est
1228 647 1283 692 ce-

170 726 248 795 ten's
270 725 418 792 vocabuli
440 724 540 813 prisci
561 724 855 812 explanationibus,
878 724 1017 810 quodsi
1039 725 1172 810 proprie
1186 726 1282 809 juve-

169 851 246 895 nem
273 827 453 914 significat,
482 848 556 892 cum
587 823 715 912 αι’ζήεις
735 826 757 893 i.
781 849 812 912 q.
837 822 1007 914 εὖτραφής
1026 839 1148 909 vocotus
1171 827 1283 893 conie-

169 930 307 998 rendum
337 930 479 1006 videtum
511 928 538 992 si
567 927 716 992 universe
741 927 905 993 hominem
935 925 1051 1013 (ζωόν)
1080 949 1154 992 cum
1182 928 1282 994 verbo

172 1032 230 1123 ζῇν
258 1031 467 1115 conjunctum
495 1038 545 1094 est
571 1038 609 1092 ut
634 1024 806 1117 Μινήζηας
833 1024 1004 1112 ὄλνγόβιας
1030 1030 1112 1095 Hes.
1164 1030 1283 1118 Itaque

168 1133 224 1199 vix
255 1133 399 1219 effugere
426 1152 600 1220 possumus
633 1129 712 1214 quin
740 1129 878 1216 primam
903 1128 1062 1214 syllabam
1088 1155 1283 1220 supervaca-

168 1256 266 1301 neam
298 1233 459 1312 dicamus,
486 1252 594 1318 neque
622 1231 686 1295 alia
710 1231 836 1296 ratione
863 1230 1010 1317 expediri
1037 1242 1147 1318 potest
1177 1231 1285 1322 Αἷζη-

169 1335 262 1414 νεκὲς
282 1333 429 1421 διηνεκές
449 1329 584 1400 αἰώνιον
605 1334 687 1397 Hes.
711 1329 930 1418 01Λῖολίγγη
957 1329 1050 1411 σκιά,
1074 1329 1187 1418 ὀλίγας
1206 1332 1285 1419 χρό-

170 1458 241 1514 νος,
270 1456 409 1521 quorum
439 1434 797 1521 interpretamentorum
822 1434 957 1498 alterum
983 1456 1056 1499 cum
1079 1429 1180 1524 ήλύγη
1203 1459 1282 1503 oon·

169 1536 275 1614 venit,
302 1537 438 1602 alterum
466 1559 539 1602 cum
562 1532 696 1623 Ὠλίγγη
727 1530 903 1619 ιάιαριαῖινν
931 1532 1102 1616 ἐλάχιστον
1121 1537 1201 1603 ΕΜ.
1224 1539 1284 1604 sed

171 1638 265 1725 origo
292 1638 436 1709 omnium
464 1638 527 1703 alte
554 1636 703 1702 abstmsa
729 1645 787 1701 est.
838 1634 935 1716 Quae
960 1636 1171 1702 Grammatici
1203 1662 1281 1727 pro-

123 1825 125 1829 Α
170 1749 298 1828 ponunt
318 1739 414 1824 hujus
430 1738 610 1826 pleonasmi
632 1737 791 1824 exempla,
813 1736 1046 1807 invalidissima
1060 1748 1151 1804 sunt:
1170 1737 1284 1824 ψαρός

170 1836 269 1921 ταχύς
301 1835 370 1908 dno
404 1842 464 1906 τοῦ
495 1839 649 1924 ψαίριιν,
685 1836 769 1904 ὅθεν
802 1837 858 1904 καὶ
892 1833 1043 1924 αι’ψηρός
1071 1838 1149 1906 8011.
1179 1841 1283 1909 Arist.

168 1939 281 2009 Nubb.
309 1940 402 2008 1226.
429 1935 600 2007 αἰκάλλειν
624 1935 693 2006 ἀπὸ
721 1943 920 2026 μεταφορᾶς
946 1944 1013 2005 τῶν
1040 1936 1282 2025 ἀλεκτρυόνιον·

169 2039 314 2111 κάλλαια
347 2042 409 2127 γὰρ
447 2039 488 2106 τὰ
514 2034 640 2107 τούτων
665 2039 775 2124 γένεια
808 2039 919 2107 Schol.
946 2041 1033 2126 qu.
1063 2042 1116 2108 48.
1164 2042 1283 2130 Neque

170 2143 298 2230 aptiora
334 2152 411 2209 sunt
439 2139 562 2227 ellipsis
595 2141 807 2207 documenta:
840 2138 939 2230 γλήνη
967 2139 985 2230 ή
1012 2141 1095 2232 κόρη
1122 2145 1217 2231 παρὰ
1242 2146 1281 2213 τὸ

170 2240 354 2331 αἰγλήεσσα
383 2236 468 2310 clauc
495 2241 674 2338 Sobel-Il.
703 2241 802 2309 XIV.
829 2242 903 2308 493.
936 2241 1036 2333 γλήνη
1065 2243 1202 2332 ἢπαρὰ
1222 2247 1282 2337 τήν

170 2339 288 2431 αἴγλην
319 2339 474 2431 ἀποβολή
501 2347 560 2430 τής
589 2369 624 2409 αι
655 2338 885 2430 συλλαβῆς-ἢ
915 2338 986 2410 ἀπὸ
1015 2350 1076 2412 τοῦ
1106 2345 1279 2431 γλαῦσσειν

169 2444 250 2513 ΕΜ.
272 2455 305 2512 et
320 2442 398 2512 soh.
416 2444 484 2530 Ap.
506 2442 533 2508 Ι.
554 2442 646 2508 1280.
666 2442 785 2528 quibus
806 2443 869 2512 boc
889 2447 988 2511 modo
1007 2448 1167 2513 assentior
1181 2445 1280 2536 γλήνη

171 2568 192 2614 a
220 2544 308 2633 γλάω
337 2546 469 2610 ductum
499 2567 586 2623 esse,
619 2545 709 2631 quod
736 2547 879 2624 evanuit3
907 2545 1004 2637 αἴγλη
1033 2571 1109 2615 vero
1140 2559 1170 2614 et
1196 2546 1280 2637 αὐγή

169 2650 307 2717 fortasse
333 2648 429 2713 aliam
455 2647 590 2734 stirpem
618 2648 739 2714 habent
760 2649 812 2713 cui
834 2644 960 2734 ἀγλαός
985 2659 1017 2713 et
1038 2644 1203 2734 ἕν’γλαινρος
1220 2650 1279 2715 ad-

171 2748 313 2815 haerent.
356 2750 483 2815 Eadem
509 2750 589 2814 mihi
619 2750 778 2815 sententia
804 2751 845 2817 de
872 2746 990 2817 θύσσω
1020 2762 1053 2815 et
1075 2748 1228 2818 αἰθὺασω
1251 2776 1281 2816 v.

170 2850 330 2919 Technol.
353 2875 385 2938 p.
410 2852 481 2917 101.
505 2852 640 2928 Suidan‚
663 2852 719 2936 qui
740 2847 903 2937 αἷσαηιήρ
926 2852 1283 2938 ἱιι1οιριελαίιιιχοιρο-

169 2949 302 3037 βασκός,
325 2962 472 3040 apertum
492 2965 541 3019 est
562 2953 704 3018 animum
728 2954 770 3019 ad
791 2959 851 3031 σῦς
871 2953 1036 3029 retulisse3
1058 2953 1194 3038 primam
1215 2955 1281 3039 syl-

169 3054 275 3120 labam
290 3053 426 3121 fortasse
444 3056 643 3122 extrinsecus
660 3056 804 3121 additam
819 3055 960 3143 putavit3
983 3055 1042 3119 sed
1060 3052 1122 3119 hoc
1139 3055 1281 3119 omnium

170 3179 254 3243 qnae
285 3159 326 3223 dc
353 3181 433 3224 voce
461 3159 634 3245 ignorabili
663 3158 848 3244 excogitata
875 3167 964 3233 sunt,
995 3156 1191 3220 levissimum
1221 3168 1280 3222 est.

168 3258 223 3324 Dc
251 3259 383 3324 nomine
408 3260 519 3345 topico
546 3257 686 3345 Αἶσύμη
714 3257 795 3336 ἴσως
825 3254 844 3347 ή
873 3259 1006 3343 Νιρέως
1026 3256 1119 3343 Σύμη
1142 3254 1219 3356 801.
1241 3256 1281 3324 Il.

169 3360 266 3426 VIII.
296 3360 369 3425 304.
396 3360 476 3425 nihil
506 3358 635 3424 decerni
666 3371 785 3444 potest.
812 3396 854 3407 -
885 3356 1138 3445 Diphthongum
1168 3385 1200 3428 ει
1227 3371 1284 3425 aut

170 3459 360 3546 pleonasmo
382 3461 542 3544 adjectam
561 3471 617 3526 aut
634 3460 802 3547 aphaeresi
823 3461 984 3526 ademtam
1005 3462 1061 3545 qui
1084 3462 1201 3526 dixerit
1225 3486 1282 3528 co·

170 3561 269 3647 gnovi
290 3563 468 3640 nemincm3
496 3564 596 3630 seda
618 3562 760 3650 perfecto
785 3561 943 3645 ιῖααρνγιαι
973 3563 1212 3649 transmigravit
1240 3567 1282 3630 ad

170 3663 364 3745 adjectivum
387 3661 544 3749 εἱμαριός
567 3677 607 3744 et,
631 3665 658 3729 si
677 3686 753 3728 vera
771 3675 819 3728 est
834 3664 997 3728 Athenaei
1014 3666 1173 3730 sententia
1184 3667 1282 3733 v111.

170 3763 243 3829 362.
273 3764 313 3829 F.
335 3786 454 3829 nomen
477 3763 630 3853 εἰλαπίνη
654 3766 785 3853 proprie
808 3763 980 3849 λαιγινγμόν
1003 3764 1186 3851 significare
1210 3763 1279 3834 dud

169 3868 229 3932 τοῦ
252 3861 397 3933 λάπτειν.
420 3864 455 3929 id
478 3889 608 3951 quoquc
630 3868 761 3931 retinuit
783 3867 1035 3954 duplicationem
1064 3869 1200 3955 perfecti
1224 3894 1281 3936 co-

170 3966 326 4050 gitatione
365 3966 470 4030 effecti
511 3965 643 4035 εἴλααα.
706 3967 863 4034 Liberum
901 3980 1026 4054 patrem
1064 3967 1283 4058 Εἱραιγιιήιην

171 4066 292 4133 dictum
319 4089 391 4133 esse
420 4067 513 4151 παρὰ
540 4068 576 4134 τὸ
610 4064 784 4156 ἐρράφθαι
813 4072 862 4154 τῷ
888 4074 984 4155 μηρῷ
1014 4076 1073 4138 τοῦ
1096 4070 1181 4150 Διός
1204 4072 1281 4139 Sch.

169 4166 208 4232 ll.
224 4168 252 4232 I.
265 4168 317 4233 39.
336 4169 416 4234 EM.
436 4168 536 4234 nihilo
560 4167 761 4255 probabilius
779 4178 829 4234 est
846 4190 944 4254 quam
961 4172 1096 4238 aliorum
1116 4174 1282 4257 conjectu-

169 4291 233 4337 rae.
275 4269 331 4335 Dc
357 4268 520 4359 prosthesi
548 4269 745 4360 diphthongi
761 4258 805 4340 ab
825 4292 924 4341 nemo
952 4296 1134 4343 sermonem
1163 4275 1280 4355 intulit,

802 4436 947 4571 pos*
