2736 4778
127 347 202 431 tao
250 337 253 341 ’
442 387 445 392 -
482 346 802 420 mssmmrro
830 349 873 421 r.

125 527 223 606 breue
244 534 363 602 habere
384 559 452 603 non
477 549 622 615 constat;
645 560 828 624 quaerero
850 537 947 603 breve
968 535 1109 617 habent,
1137 534 1241 619 ἅπαν,

126 638 271 728 πρόπαν,
297 635 451 724 πάμπαν,
477 635 628 724 σιἰμπαν,
649 642 696 705 ita
716 641 939 728 conglutinata
958 653 1036 707 sunt
1054 653 1093 708 ut
1112 641 1241 708 diffindi

126 743 215 809 nullo
243 742 343 807 modo
373 741 518 829 possint,
546 743 637 829 quod
666 743 856 830 saepissime
885 745 922 809 fit
949 745 1104 813 articulos
1138 741 1242 822 πόλις

126 840 267 933 ὀλομὲνη
287 844 326 911 τὸ
350 849 418 911 πᾶν
439 844 474 909 id
496 854 546 910 est
566 847 738 924 παντελῶς
757 847 880 913 Aesch.
901 849 968 933 Ag.
982 833 1089 912 1141.
1113 846 1240 912 multis·

126 968 190 1034 que
212 945 284 1012 aliis
311 947 409 1030 hujus
431 957 549 1034 poetae
571 946 668 1024 locis,
697 970 834 1032 quorum
866 949 901 1014 in
927 971 993 1014 uno
1024 947 1148 1036 corripi
1172 970 1240 1014 om·

125 1051 204 1116 nino
239 1071 307 1115 nou
330 1060 450 1136 ‘potest
481 1047 516 1127 ἐς
545 1047 583 1113 ari
618 1051 688 1114 πᾶν
725 1048 894 1138 εἰητιῖμιος
927 1053 994 1136 Ag.
1024 1051 1098 1117 682.
1125 1051 1164 1116 id
1194 1061 1241 1117 est

126 1148 269 1232 πάντας.
319 1152 436 1236 Itaque
465 1149 612 1235 sequitur
639 1145 708 1215 πάν
731 1148 829 1217 breve
853 1152 888 1217 in
917 1150 972 1219 illo
1000 1151 1139 1218 Pindari
1168 1151 1240 1218 loco

126 1253 320 1342 proprietati
354 1252 483 1318 dialecti
517 1251 758 1318 attribuendum
794 1275 867 1319 esse
908 1276 938 1320 v.
967 1252 1133 1322 Choerob.
1159 1252 1241 1321 can.

129 1359 208 1441 183,
239 1357 270 1422 6.
295 1354 438 1422 Ahrens.
468 1358 551 1423 Dor.
580 1354 652 1421 178.
681 1354 758 1421 alibi
785 1356 822 1424 τὸ
847 1359 914 1424 πᾶν
942 1356 1061 1423 dicitur
1087 1353 1154 1424 hoc
1172 1356 1241 1450 *ad-

58 1440 65 1458 *
126 1457 261 1527 verbiali
282 1458 458 1525 intellectu.
473 1463 524 1543 18)
1068 1467 1071 1471 ’

580 1746 684 1814 CAP.
715 1736 779 1816 ΙΙΙ.

126 1926 187 2002 De
212 1923 453 2023 conjunctione
479 1921 721 1994 vocabulorum
747 1921 1000 1996 declinabilium
1038 1933 1076 1995 et
1099 1923 1242 1996 ιἰιιΙισίί·

589 2043 769 2117 nobilium.

212 2234 238 2315 ξ.
262 2231 291 2295 1.
333 2227 519 2294 Articulum
540 2226 760 2314 conjunctioni
776 2227 992 2316 praemissum
1006 2227 1114 2314 tangit
1130 2227 1240 2314 Etym.

128 2332 217 2402 Gud.
238 2329 313 2408 418,
337 2330 367 2395 7.
389 2324 407 2395 ὁ
434 2328 471 2417 γέ
494 2325 674 2415 σύνδεσμος
696 2328 781 2413 μετὰ
810 2334 869 2396 τοῦ
896 2325 1031 2416 πρώιον
1055 2325 1240 2415 προςιῦποο

127 2434 163 2504 ἐν
184 2429 342 2501 συνθέσει
363 2429 453 2497 ἐστὶν
475 2427 586 2517 ἔγωγε,
612 2425 815 2517 σύγε-μετὰ
837 2430 875 2498 δὲ
895 2436 954 2498 τοῦ
976 2427 1089 2518 τρίτου
1112 2428 1148 2496 ἐν
1171 2453 1239 2496 πα-

129 2534 269 2620 ραθέσει
291 2528 312 2599 ὅ
336 2557 381 2619 γε.
424 2531 467 2595 Id
493 2531 528 2596 in
552 2532 690 2599 Homeri
720 2533 916 2599 carminibus
944 2555 1004 2620 pro
1029 2528 1087 2617 ὅγε
1110 2529 1240 2596 reduxit

126 2635 308 2704 Bekkerus.
350 2635 405 2700 De
427 2630 529 2720 ἔγωγε
555 2644 587 2699 et
610 2634 770 2720 adjunctis
794 2635 899 2700 dicam
927 2634 962 2699 in
982 2633 1073 2700 Diss.
1098 2632 1141 2697 de
1164 2655 1239 2722 pro·

128 2736 366 2804 schematismo.
411 2735 504 2802 Sicut
532 2732 551 2801 ὃ
578 2761 615 2822 γε
644 2760 730 2803 nunc
760 2738 849 2823 apud
875 2737 965 2802 illum
996 2734 1165 2814 scribitur,
1198 2736 1240 2800 ita

128 2840 226 2907 etiam
249 2835 287 2916 ὅς
308 2861 353 2916 τε,
375 2831 412 2915 ὅς
432 2860 508 2923 περ,
532 2832 613 2902 ὅθεν
634 2862 679 2916 τε,
703 2837 783 2905 ὅσον
804 2864 856 2918 τε,
884 2835 929 2917 ὥς
952 2863 1031 2925 περ,
1054 2834 1101 2916 ὥς
1122 2862 1159 2904 τε
1181 2849 1238 2903 etc.

130 2940 221 3031 apud
243 2951 369 3006 ceteros
393 2939 440 3004 sic
459 2949 495 3003 ut
517 2938 634 3023 cuique
655 2938 815 3005 editorum
834 2939 929 3006 libuit
950 2950 1078 3026 praeter
1100 2939 1239 3024 quaein

127 3042 355 3115 adverbiorum
375 3051 523 3106 naturam
544 3040 702 3120 abierunt,
725 3038 793 3120 ἅτε,
808 3038 903 3127 ἅπερ,
918 3037 1047 3128 ἁπερεί,
1062 3048 1237 3127 audacro

131 3142 219 3225 ανεί,
242 3141 374 3231 ὥςπερ,
408 3139 500 3222 (dccc.
544 3143 613 3211 Sed
628 3145 699 3230 jam
730 3155 854 3210 veteres
878 3144 1015 3209 Homeri
1047 3143 1237 3231 interpretes

129 3247 287 3314 titubasse
310 3245 464 3319 discimus
490 3267 507 3310 e
534 3245 644 3313 Schol.
666 3247 779 3334 Apoll.
793 3247 820 3311 1.
845 3245 916 3311 769.
940 3258 972 3311 et
993 3247 1057 3311 ΙΙΙ.
1080 3247 1133 3312 37.
1158 3246 1238 3334 ὅῤῥα

128 3375 164 3418 τε
187 3347 218 3417 oi
230 3343 477 3431 Ἀριστάρχέιοι
498 3341 549 3412 δι’
573 3334 686 3435 ivelc}
703 3347 743 3415 τὰ
755 3351 893 3415 τοιαῦτα
905 3343 1103 3436 γράφουσιν
1134 3342 1238 3432 Ἡρα·

129 3452 233 3520 κλὲων
256 3447 293 3515 δὲ
316 3448 349 3515 ἒν
373 3449 464 3514 δυσὶν
487 3441 532 3526 cic
553 3449 646 3533 παρὰ
669 3452 715 3536 τῷ
737 3455 863 3540 ποιητῇ
889 3444 1001 3535 τόῤῥα,
1027 3449 1117 3535 quod
1135 3470 1237 3534 quon·

129 3555 204 3628 dam
224 3552 270 3617 sic
298 3548 499 3618 scribebatur
528 3549 567 3617 Il.
589 3550 686 3619 XVI.
717 3548 973 3639 228.Ap011.1.
1003 3552 1075 3618 526.
1102 3550 1141 3617 ll.
1170 3550 1237 3617 718.

198 3723 243 3791 18)
263 3718 295 3775 In
314 3719 458 3794 Apollonii
478 3720 541 3776 loco
562 3721 635 3776 Aur.
655 3723 712 3777 569.
734 3719 763 3775 τὸ
782 3725 840 3777 πᾶν
858 3719 1068 3793 μονοσύλλαβον
1085 3721 1141 3794 μὲν
1161 3717 1195 3777 ὃν
1213 3720 1239 3776 ἓν

129 3794 508 3879 1ιιὰσειιοῦῐισιίι,ὐιιὲρ
526 3812 597 3882 μίαν
613 3809 643 3862 δὲ
664 3805 803 3876 συλλαβὴν
820 3805 994 3878 καθισιηιιὸς,
1013 3810 1068 3863 εἴτε
1085 3804 1156 3862 κατὰ
1175 3803 1238 3862 σύν-

128 3904 208 3951 θεσιν
228 3899 280 3950 stre
298 3898 344 3948 καὶ
367 3893 406 3925 **
422 3896 436 3925 *
455 3914 514 3952 ειαν
527 3896 575 3949 τοῦ
588 3883 806 3965 ἐλλείποντοςιῖ,
821 3896 853 3949 ἓν
867 3897 984 3969 codrot&
1000 3895 1069 3949 Otto
1083 3893 1238 3949 Schneide-

128 3999 176 4036 rus
190 3980 339 4049 (Zeitschr.
353 3983 416 4036 fuer
427 3976 671 4035 Alterthumswiss.
681 3996 749 4036 ann.
772 3983 846 4035 1843.
865 4001 891 4053 p.
907 3982 979 4052 654.)
1000 3980 1129 4036 lacunam
1146 3980 1240 4054 explet

129 4068 197 4138 nard
212 4067 356 4139 σύνέχιιιιν
368 4069 412 4124 vel
427 4073 577 4124 συνέπιιαν
588 4064 722 4131 scribens,
741 4066 914 4139 probabilius
928 4066 1061 4122 Lehrsius
1080 4069 1117 4122 ad
1133 4066 1238 4123 Herod.

130 4152 188 4205 357.
202 4152 270 4208 κατὰ
284 4157 428 4224 ἐντέλειαν,
441 4152 633 4209 Blomfteldius
646 4155 681 4206 ad
694 4153 795 4209 Aesch.
810 4153 890 4209 Pcrs.
906 4157 947 4209 tr.
965 4152 1026 4209 κατ’
1047 4154 1167 4222 ἔνδειαν,
1187 4171 1239 4226 quo

130 4237 304 4307 significatur
319 4240 502 4314 Apollonium
522 4238 580 4296 πάν
598 4241 861 4312 brachycatalecton
879 4259 931 4315 pro
956 4238 1032 4297 ἅπαν
1049 4239 1174 4313 positum
1190 4257 1239 4315 pu·

131 4331 212 4381 tasse.
