2736 4778
192 368 243 440 22
448 402 453 413 «
558 358 878 430 DISSERTATIO
911 357 941 426 L

192 569 206 607 .·
276 551 302 632 t.
328 546 359 612 2.
409 547 523 614 Senno
553 549 694 614 novitius
723 547 822 636 alpha
847 566 1083 631 nonuunquam
1115 566 1157 611 ex
1186 547 1305 633 cupir-

190 671 333 716 vacaneo
355 649 460 728 addit,
485 662 523 715 ut
544 645 680 719 ἀσπίθα
700 648 853 727 scintilla,
877 644 1108 734 ἀσνόλυμβρος
1131 647 1307 734 scolymus,

191 747 349 839 ἀρατζίνη
371 773 431 840 pro
449 749 578 840 ῥητίνη,
601 761 634 816 et
647 752 749 818 multo
766 751 897 839 saepius
913 747 1031 814 omittit
1051 750 1204 837 σφαλίζοι
1224 747 1305 816 ΕΜ.

189 851 264 930 600,
284 852 335 918 26.
357 853 467 941 Epim.
487 853 534 918 H.
554 852 628 931 363,
648 854 700 919 22.
722 850 892 939 σπάραμμι
915 870 1104 937 asparagus,
1124 846 1305 937 στράγγαλι

191 955 274 1020 talus
297 955 403 1043 pedis,
427 977 511 1041 quae
532 976 628 1023 nemo
651 953 778 1021 dubitat
799 952 924 1021 incuria
944 950 1092 1039 plebejae
1113 951 1306 1040 prolationi·

192 1056 359 1124 decurtata
382 1056 490 1123 dicere
516 1056 577 1123 etei
603 1056 645 1123 ad
666 1058 833 1124 veritatem
855 1055 999 1144 pressius
1025 1055 1184 1121 accedant
1207 1076 1307 1140 quam

191 1152 418 1245 ἀστράγαλος,
451 1153 650 1247 ἀσπάραγος
675 1159 727 1226 vel
754 1171 791 1226 ut
815 1159 920 1225 Attici
954 1158 1067 1223 dicunt
1097 1152 1306 1247 ἀσφάραγος.

190 1257 288 1342 Quae
308 1280 385 1325 vero
397 1258 605 1327 Grammatici
628 1261 753 1348 antiqui
774 1261 917 1348 allegant
937 1257 1124 1349 aphaeresis
1145 1256 1306 1346 exempla,

188 1382 231 1426 ea
249 1370 305 1426 aut
322 1361 365 1426 ad
384 1360 484 1449 nlpha
503 1363 740 1449 pleonastioum
754 1365 920 1452 pertinent
933 1373 990 1430 ant
1004 1360 1048 1430 ob
1065 1362 1160 1428 uliam
1175 1382 1306 1428 caueam

189 1463 225 1530 in
253 1465 504 1532 controversiam
533 1467 642 1533 vocari
673 1477 822 1555 possunt.
875 1466 933 1531 Ad
957 1465 1039 1530 illud
1069 1485 1174 1552 genua
1199 1463 1306 1529 relato

189 1570 319 1654 μαῦρος
345 1561 504 1666 ἀπὸ-τοῦ
533 1563 685 1655 ἀμαυρός
718 1570 829 1656 γέγονα
860 1568 982 1634 Arcad.
1009 1566 1061 1632 69.
1094 1556 1307 1654 μαυρουμένη

67 1692 70 1698 ’
191 1661 342 1749 ἀπέβαλε
363 1667 401 1735 τὸ
423 1695 446 1736 α
468 1668 583 1738 διὰτὸ
604 1671 727 1759 μέτρον
748 1669 1073 1756 ScholAgam303.
1097 1665 1307 1753 AdJ‘cotivum

190 1766 325 1853 quidem
345 1766 554 1854 bisyllabnm,
577 1770 605 1836 ei
626 1794 667 1837 ex
685 1781 789 1838 aetate
805 1782 972 1838 auctorum
987 1770 1183 1848 aestimetur,
1203 1767 1306 1834 multo

191 1869 355 1956 posteriue
368 1880 428 1952 ¹eat
447 1869 614 1958 trisyllabo
638 1874 698 1938 sed
713 1872 847 1940 verbum
867 1877 1017 1960 μαιιροῦν
1035 1871 1099 1939 hoc
1115 1881 1166 1937 eet
1177 1869 1306 1957 fulgore

191 1993 375 2053 excaecate,
398 1975 583 2062 geimanice
604 1978 733 2043 tondeo
753 1997 783 2041 v.
796 1972 986 2056 'rechmlfa
1003 1973 1094 2040 elteri
1115 1972 1307 2058 antiquitate

189 2076 354 2144 antecedit
377 2078 429 2144 vel
456 2089 543 2145 certe
571 2101 631 2166 par
659 2090 710 2146 eat
739 2089 772 2145 et
801 2077 1046 2146 convenientiae
1077 2085 1186 2162 etymo
1215 2072 1308 2160 quod

188 2177 394 2244 Philoxenus
416 2181 551 2244 tradidit
579 2180 674 2268 παρὰ
702 2181 739 2247 τὸ
766 2180 879 2270 μαίρω
906 2179 943 2246 τὸ
968 2174 1092 2260 λάμπιο
1114 2176 1199 2245 ὅθεν
1220 2196 1308 2263 μαρ-

190 2278 303 2361 μαίρω
331 2279 448 2346 Orion.
473 2281 529 2356 10,
555 2282 603 2345 13.
637 2279 747 2348 Schol.
772 2282 840 2346 Od.
862 2283 923 2349 IV.
947 2280 1019 2346 824.
1050 2278 1179 2346 Anocd.
1200 2277 1306 2345 Paria.

191 2377 233 2444 T.
246 2377 307 2447 IV.
325 2381 376 2446 10.
396 2402 582 2466 quanquam
603 2378 702 2466 alpha
721 2379 786 2445 hoc
807 2404 874 2446 non
896 2382 1088 2469 privativum
1109 2390 1173 2459 cot,
1196 2391 1234 2445 ut
1252 2379 1307 2444 ille

190 2479 280 2560 dicit,
300 2481 360 2547 aad
375 2481 622 2569 pleonaaticum‚
646 2503 712 2566 quo
728 2492 821 2548 vacat
834 2488 973 2569 μαῦρος.
1014 2483 1061 2550 Et
1074 2482 1138 2549 hoc
1152 2480 1307 2570 primitivi

190 2580 264 2649 loco
281 2580 397 2648 habuit
405 2580 605 2670 Apollonius
621 2581 656 2647 in
667 2583 750 2650 Lex.
767 2580 919 2672 ἀμαυρόν
940 2583 1104 2671 περισσὸν
1126 2579 1193 2666 ἔχει
1213 2582 1252 2649 τὸ
1274 2569 1306 2650 ἆ.

189 2681 278 2749 Cum
304 2680 457 2772 ἀμαυρός
482 2685 619 2751 naturali
647 2686 789 2771 quodam
814 2686 943 2753 vinculo
970 2685 1125 2755 cohaeret
1146 2679 1307 2768 ἀμυάράς,

192 2785 245 2852 cai
267 2807 350 2872 quae
373 2783 409 2853 in
429 2786 536 2855 fronte
559 2788 697 2854 accrevit
715 2788 809 2855 litera
829 2789 941 2855 eedem
963 2787 1142 2876 precariam
1164 2785 1309 2852 deceruit

188 2886 226 2953 in
254 2886 430 2955 derivativo
459 2886 639 2976 μυάρίασις
665 2889 729 2958 hoc
757 2900 808 2956 eat
835 2886 1032 2975 ἀμαύρωσις
1058 2893 1118 2957 τοῦ
1147 2883 1308 2972 ὁρατικοῦ

190 2988 308 3056 Galen.
329 2988 462 3058 Definn.
486 2990 526 3057 Τ.
542 2991 644 3059 ΧΙΧ.
659 2992 732 3060 435.
776 2992 830 3058 Illi
852 2992 972 3063 Suidae
995 2990 1145 3077 adjungit
1166 2988 1232 3053 duo
1255 2987 1307 3052 di·

186 3091 274 3157 versi
293 3094 421 3178 generis
439 3094 573 3162 nomina
590 3093 753 3185 Μοργοῦς
771 3097 911 3163 καλοῦσι
933 3091 1011 3170 τοῦς
1033 3085 1202 3177 ἀμοργοῦς
1223 3079 1307 3156 vl}

191 3189 414 3282 ἀφαιροῦντες
439 3197 552 3283 ὥςπερ
578 3202 707 3286 μαῦρον
735 3194 774 3265 ad
804 3192 956 3283 ἀμαυρόν
982 3193 1039 3261 καὶ
1061 3190 1229 3282 σφόάτλον
1249 3189 1308 3259 τάν

191 3289 383 3383 ἀσφόάτλον
408 3298 545 3365 καλοῦσι
560 3298 624 3382 ¹⁴).
667 3299 805 3363 Plantae
833 3318 954 3362 nomen
974 3316 1076 3380 quum
1101 3313 1197 3358 nemo
1225 3290 1308 3357 aciat

190 3395 279 3462 unde
298 3406 410 3463 natum
429 3398 485 3475 eit,
508 3396 581 3482 quie
601 3409 765 3465 asseveret
784 3397 875 3462 alteri
897 3393 996 3483 alpha
1015 3395 1149 3461 deesse?
1181 3394 1308 3461 Vocem

189 3497 354 3585 plebejem
379 3495 504 3584 μολμός
530 3498 564 3564 in
590 3499 691 3566 Arist.
713 3501 801 3586 qu.
823 3497 896 3564 972.
926 3497 1074 3563 nonnulli
1105 3493 1308 3582 interpretati

187 3602 338 3669 auntcdo
359 3599 580 3686 ἀξαμέλγοντα
601 3600 658 3668 καὶ
679 3602 863 3672 κλέπτοντα
884 3601 925 3669 τὰ
948 3597 1042 3668 ιιοινά
1059 3595 1306 3680 Schol.h.l.¹⁸)

262 3806 307 3875 14)
324 3802 414 3878 Epim.
423 3801 446 3859 1.
458 3805 518 3860 261.
538 3798 678 3876 σφοδελόν
697 3801 843 3875 ἀφαιρέσει
864 3804 912 3859 τοῦ
925 3791 960 3857 ἀ’
972 3798 1009 3862 ἀς
1028 3797 1096 3872 παρ’
1115 3791 1308 3873 Ἀριστοφάνει

192 3890 319 3965 (Fragm.
335 3890 368 3946 Τ.
382 3891 434 3947 III.
452 3891 542 3958 1168.)
562 3890 631 3951 τινὲς
647 3888 678 3944 ἀὲ
696 3893 744 3944 καὶ
761 3893 806 3958 τῆς
822 3907 886 3959 παφ
904 3883 974 3942 ἀλλὰ
994 3885 1063 3954 (σοι’.
1082 3881 1112 3939 τῦ
1130 3887 1176 3952 τῆς
1192 3887 1308 3956 Παφίας

187 3972 297 4051 ὄνομα)
314 3974 391 4048 παρὰ
407 3974 438 4032 τὸ
455 3974 642 4047 denotentur·
654 3978 701 4030 nul
717 3974 784 4050 παρ’
795 3971 916 4043 Ἡσιόδῳ
931 3972 1080 4044 μαυροῦσι.
1103 3970 1148 4026 De
1160 3967 1306 4024 homerico

191 4064 252 4121 κατ’
272 4059 432 4138 ἀσφοδελὸν
447 4063 570 4131 λειμῶνα
586 4059 744 4118 dubitatum
754 4068 804 4116 eet
820 4059 923 4116 siccine
940 4055 1121 4112 contendum
1135 4054 1173 4109 ait
1188 4072 1226 4109 an
1236 4052 1307 4110 κατὰ

190 4165 243 4223 αφ.
272 4150 350 4213 Τινὲς
366 4151 398 4207 δὲ
415 4143 558 4223 γράφωσι
574 4144 711 4204 σασάελὸν
727 4144 774 4202 tut
792 4145 841 4216 τὴν
857 4140 965 4202 σποδόν
981 4142 1046 4200 Sela
1062 4143 1120 4198 Od.
1136 4140 1190 4196 xl.
1206 4142 1266 4197 532.

263 4253 309 4320 lt)
324 4250 495 4326 Hujuuncdi
511 4250 667 4310 nebulone
678 4248 765 4308 latine
777 4245 832 4307 dici
843 4254 963 4333 potsunt
978 4252 1142 4306 ιιιαοοτττι
1154 4243 1308 4301 Μιαάίνττ

195 4342 318 4395 aeram.
1003 4365 1007 4370 -
1087 4364 1095 4372 -
1116 4359 1121 4370 ·
1162 4365 1165 4369 -
1216 4362 1225 4368 -
