<?xml version="1.0" encoding="UTF-8"?>
<!DOCTYPE html PUBLIC "-//W3C//DTD XHTML 1.0 Transitional//EN"
    "http://www.w3.org/TR/xhtml1/DTD/xhtml1-transitional.dtd">
<html xmlns="http://www.w3.org/1999/xhtml" xml:lang="en" lang="en">
 <head>
  <title>
</title>
<meta http-equiv="Content-Type" content="text/html;charset=utf-8" />
  <meta name='ocr-system' content='tesseract 3.04.00' />
  <meta name='ocr-capabilities' content='ocr_page ocr_carea ocr_par ocr_line ocrx_word'/>
</head>
<body>
  <div class='ocr_page' id='page_1' title='image "./pathologiaegrae00lobegoog_0253.png"; bbox 0 0 2736 4778; ppageno 0'>
   <div class='ocr_carea' id='block_1_1' title="bbox 142 299 1182 386">
    <p class='ocr_par' dir='ltr' id='par_1_1' title="bbox 142 299 1182 386">
     <span class='ocr_line' id='line_1_1' title="bbox 142 299 1182 386; baseline -0.005 -8"><span class='ocrx_word' id='word_1_1' title='bbox 142 313 208 379; x_wconf 83' lang='lat' dir='ltr'><strong>DE</strong></span> <span class='ocrx_word' id='word_1_2' title='bbox 229 306 447 377; x_wconf 84' lang='lat' dir='ltr'>SYNCOPE</span> <span class='ocrx_word' id='word_1_3' title='bbox 469 302 616 371; x_wconf 90' lang='lat' dir='ltr'>UNIUS</span> <span class='ocrx_word' id='word_1_4' title='bbox 638 300 859 371; x_wconf 73' lang='lat' dir='ltr'><strong>vocums.</strong></span> <span class='ocrx_word' id='word_1_5' title='bbox 891 299 931 368; x_wconf 81' lang='lat'><strong>0.</strong></span> <span class='ocrx_word' id='word_1_6' title='bbox 947 300 993 367; x_wconf 87' lang='lat'><strong>11.</strong></span> <span class='ocrx_word' id='word_1_7' title='bbox 1010 302 1036 386; x_wconf 67' lang='grc' dir='ltr'><strong>ξ.</strong></span> <span class='ocrx_word' id='word_1_8' title='bbox 1045 301 1077 366; x_wconf 86' lang='grc'><strong>3.</strong></span> <span class='ocrx_word' id='word_1_9' title='bbox 1106 303 1182 377; x_wconf 80' lang='grc'><strong>245</strong></span> 
     </span>
    </p>
   </div>
   <div class='ocr_carea' id='block_1_2' title="bbox 66 478 1229 4017">
    <p class='ocr_par' dir='ltr' id='par_1_2' title="bbox 66 478 1229 4017">
     <span class='ocr_line' id='line_1_2' title="bbox 68 478 1184 570; baseline -0.013 -4"><span class='ocrx_word' id='word_1_10' title='bbox 68 501 142 566; x_wconf 88' lang='lat' dir='ltr'><strong>dem</strong></span> <span class='ocrx_word' id='word_1_11' title='bbox 161 497 196 563; x_wconf 90' lang='lat' dir='ltr'><strong>in</strong></span> <span class='ocrx_word' id='word_1_12' title='bbox 216 491 402 560; x_wconf 79' lang='lat' dir='ltr'><strong>discrimine</strong></span> <span class='ocrx_word' id='word_1_13' title='bbox 423 497 571 554; x_wconf 79' lang='lat' dir='ltr'><strong>verentur</strong></span> <span class='ocrx_word' id='word_1_14' title='bbox 592 478 751 562; x_wconf 68' lang='grc' dir='ltr'><strong><em>ὅπλιιος,</em></strong></span> <span class='ocrx_word' id='word_1_15' title='bbox 775 482 864 569; x_wconf 84' lang='lat' dir='ltr'><strong>quod</strong></span> <span class='ocrx_word' id='word_1_16' title='bbox 881 484 1102 551; x_wconf 83' lang='lat' dir='ltr'><strong>Doederlinus</strong></span> <span class='ocrx_word' id='word_1_17' title='bbox 1118 484 1184 570; x_wconf 87' lang='lat' dir='ltr'><strong>Sy·</strong></span> 
     </span>
     <span class='ocr_line' id='line_1_3' title="bbox 66 584 1187 674; baseline -0.014 -6"><span class='ocrx_word' id='word_1_18' title='bbox 66 624 144 668; x_wconf 89' lang='lat' dir='ltr'><strong>nou.</strong></span> <span class='ocrx_word' id='word_1_19' title='bbox 167 596 228 666; x_wconf 83' lang='lat' dir='ltr'><strong>vl.</strong></span> <span class='ocrx_word' id='word_1_20' title='bbox 253 594 325 659; x_wconf 75' lang='lat'><strong>172.</strong></span> <span class='ocrx_word' id='word_1_21' title='bbox 356 614 432 658; x_wconf 91' lang='lat' dir='ltr'><strong>cum</strong></span> <span class='ocrx_word' id='word_1_22' title='bbox 459 587 560 655; x_wconf 86' lang='lat' dir='ltr'><strong>verbo</strong></span> <span class='ocrx_word' id='word_1_23' title='bbox 581 585 712 674; x_wconf 87' lang='lat' dir='ltr'><strong>poetico</strong></span> <span class='ocrx_word' id='word_1_24' title='bbox 739 584 831 652; x_wconf 80' lang='grc' dir='ltr'><em>πέλω</em></span> <span class='ocrx_word' id='word_1_25' title='bbox 854 585 1070 673; x_wconf 84' lang='lat' dir='ltr'><strong>compositum</strong></span> <span class='ocrx_word' id='word_1_26' title='bbox 1090 595 1187 674; x_wconf 77' lang='lat' dir='ltr'><strong>putot</strong></span> 
     </span>
     <span class='ocr_line' id='line_1_4' title="bbox 66 684 1187 784; baseline -0.007 -25"><span class='ocrx_word' id='word_1_27' title='bbox 66 714 105 769; x_wconf 72' lang='lat' dir='ltr'><strong>ut</strong></span> <span class='ocrx_word' id='word_1_28' title='bbox 135 704 246 784; x_wconf 63' lang='lat' dir='ltr'><strong>§apem</strong></span> <span class='ocrx_word' id='word_1_29' title='bbox 288 716 364 760; x_wconf 89' lang='lat' dir='ltr'><strong>cum</strong></span> <span class='ocrx_word' id='word_1_30' title='bbox 395 694 517 777; x_wconf 63' lang='lat' dir='ltr'><strong>piscor.</strong></span> <span class='ocrx_word' id='word_1_31' title='bbox 574 685 683 755; x_wconf 84' lang='lat' dir='ltr'><strong>Sumit</strong></span> <span class='ocrx_word' id='word_1_32' title='bbox 706 684 807 772; x_wconf 83' lang='lat' dir='ltr'><strong>igitur</strong></span> <span class='ocrx_word' id='word_1_33' title='bbox 836 696 976 772; x_wconf 86' lang='lat' dir='ltr'><strong>utroque</strong></span> <span class='ocrx_word' id='word_1_34' title='bbox 996 688 1129 776; x_wconf 87' lang='lat' dir='ltr'><strong>propris</strong></span> <span class='ocrx_word' id='word_1_35' title='bbox 1149 686 1187 752; x_wconf 77' lang='lat' dir='ltr'><strong>iu</strong></span> 
     </span>
     <span class='ocr_line' id='line_1_5' title="bbox 68 786 1188 890; baseline -0.008 -29"><span class='ocrx_word' id='word_1_36' title='bbox 68 796 266 890; x_wconf 61' lang='lat' dir='ltr'><strong>significari,</strong></span> <span class='ocrx_word' id='word_1_37' title='bbox 296 792 388 880; x_wconf 87' lang='lat' dir='ltr'><strong>quod</strong></span> <span class='ocrx_word' id='word_1_38' title='bbox 410 812 517 876; x_wconf 88' lang='lat' dir='ltr'><strong>nsque</strong></span> <span class='ocrx_word' id='word_1_39' title='bbox 541 789 583 855; x_wconf 84' lang='lat' dir='ltr'><strong>sit</strong></span> <span class='ocrx_word' id='word_1_40' title='bbox 610 809 719 875; x_wconf 91' lang='lat' dir='ltr'><strong>neque</strong></span> <span class='ocrx_word' id='word_1_41' title='bbox 741 809 814 853; x_wconf 86' lang='lat' dir='ltr'><strong>esse</strong></span> <span class='ocrx_word' id='word_1_42' title='bbox 834 786 958 874; x_wconf 77' lang='lat' dir='ltr'><strong>possit,</strong></span> <span class='ocrx_word' id='word_1_43' title='bbox 986 809 1046 873; x_wconf 90' lang='lat' dir='ltr'><strong>per</strong></span> <span class='ocrx_word' id='word_1_44' title='bbox 1066 788 1188 877; x_wconf 88' lang='lat' dir='ltr'><strong>hyper-</strong></span> 
     </span>
     <span class='ocr_line' id='line_1_6' title="bbox 70 888 1192 972; baseline -0.013 0"><span class='ocrx_word' id='word_1_45' title='bbox 70 904 172 972; x_wconf 84' lang='lat' dir='ltr'>bolen</span> <span class='ocrx_word' id='word_1_46' title='bbox 192 907 302 964; x_wconf 82' lang='lat' dir='ltr'><strong>sutem</strong></span> <span class='ocrx_word' id='word_1_47' title='bbox 323 892 371 958; x_wconf 87' lang='lat' dir='ltr'><strong>sic</strong></span> <span class='ocrx_word' id='word_1_48' title='bbox 396 891 462 957; x_wconf 87' lang='lat' dir='ltr'><strong>dici</strong></span> <span class='ocrx_word' id='word_1_49' title='bbox 482 891 640 957; x_wconf 76' lang='lat' dir='ltr'><strong>immensa</strong></span> <span class='ocrx_word' id='word_1_50' title='bbox 662 901 694 957; x_wconf 92' lang='lat' dir='ltr'><strong>et</strong></span> <span class='ocrx_word' id='word_1_51' title='bbox 719 888 997 956; x_wconf 75' lang='lat' dir='ltr'><strong>innumerabilis..</strong></span> <span class='ocrx_word' id='word_1_52' title='bbox 1020 888 1091 957; x_wconf 87' lang='lat' dir='ltr'><strong>Sed</strong></span> <span class='ocrx_word' id='word_1_53' title='bbox 1112 889 1192 957; x_wconf 79' lang='lat' dir='ltr'><strong>hoec</strong></span> 
     </span>
     <span class='ocr_line' id='line_1_7' title="bbox 73 990 1194 1090; baseline -0.01 -21"><span class='ocrx_word' id='word_1_54' title='bbox 73 1015 127 1072; x_wconf 81' lang='lat' dir='ltr'><strong>est</strong></span> <span class='ocrx_word' id='word_1_55' title='bbox 146 997 284 1090; x_wconf 78' lang='lat' dir='ltr'><strong>epitheti</strong></span> <span class='ocrx_word' id='word_1_56' title='bbox 308 993 405 1079; x_wconf 90' lang='lat' dir='ltr'><strong>hujus</strong></span> <span class='ocrx_word' id='word_1_57' title='bbox 426 992 619 1081; x_wconf 79' lang='lat' dir='ltr'><strong>significatio</strong></span> <span class='ocrx_word' id='word_1_58' title='bbox 642 991 755 1068; x_wconf 81' lang='lat' dir='ltr'><strong>unics;</strong></span> <span class='ocrx_word' id='word_1_59' title='bbox 777 990 960 1079; x_wconf 77' lang='lat' dir='ltr'><strong>tragelaphi</strong></span> <span class='ocrx_word' id='word_1_60' title='bbox 977 1001 1011 1057; x_wconf 86' lang='lat' dir='ltr'><strong>et</strong></span> <span class='ocrx_word' id='word_1_61' title='bbox 1026 990 1092 1057; x_wconf 86' lang='lat' dir='ltr'><strong>slis</strong></span> <span class='ocrx_word' id='word_1_62' title='bbox 1107 1012 1194 1076; x_wconf 83' lang='lat' dir='ltr'><strong>quse</strong></span> 
     </span>
     <span class='ocr_line' id='line_1_8' title="bbox 75 1085 1193 1185; baseline -0.012 -14"><span class='ocrx_word' id='word_1_63' title='bbox 75 1115 193 1172; x_wconf 78' lang='lat' dir='ltr'><strong>natura</strong></span> <span class='ocrx_word' id='word_1_64' title='bbox 208 1121 276 1165; x_wconf 89' lang='lat' dir='ltr'><strong>non</strong></span> <span class='ocrx_word' id='word_1_65' title='bbox 285 1096 360 1174; x_wconf 76' lang='lat' dir='ltr'><strong>fert,</strong></span> <span class='ocrx_word' id='word_1_66' title='bbox 378 1087 519 1185; x_wconf 71' lang='grc' dir='ltr'><strong><em>ἀγένητα</em></strong></span> <span class='ocrx_word' id='word_1_67' title='bbox 528 1105 686 1161; x_wconf 80' lang='lat' dir='ltr'><strong>vocantur</strong></span> <span class='ocrx_word' id='word_1_68' title='bbox 697 1104 730 1159; x_wconf 92' lang='lat' dir='ltr'><strong>et</strong></span> <span class='ocrx_word' id='word_1_69' title='bbox 740 1085 956 1181; x_wconf 72' lang='grc' dir='ltr'><strong><em>ἀνύπαρκτον,</em></strong></span> <span class='ocrx_word' id='word_1_70' title='bbox 971 1116 1040 1160; x_wconf 90' lang='lat' dir='ltr'><strong>nou</strong></span> <span class='ocrx_word' id='word_1_71' title='bbox 1051 1086 1193 1163; x_wconf 66' lang='grc' dir='ltr'><strong>ἔπλετο.</strong></span> 
     </span>
     <span class='ocr_line' id='line_1_9' title="bbox 75 1189 1196 1284; baseline -0.009 -12"><span class='ocrx_word' id='word_1_72' title='bbox 75 1200 284 1273; x_wconf 73' lang='grc' dir='ltr'><strong><em>Ρνοὶνιώὶἰίιιε</em></strong></span> <span class='ocrx_word' id='word_1_73' title='bbox 306 1197 451 1265; x_wconf 70' lang='lat' dir='ltr'><strong>Graecus</strong></span> <span class='ocrx_word' id='word_1_74' title='bbox 472 1192 542 1273; x_wconf 87' lang='lat' dir='ltr'><strong>illc,</strong></span> <span class='ocrx_word' id='word_1_75' title='bbox 572 1218 670 1282; x_wconf 90' lang='lat' dir='ltr'><strong>quem</strong></span> <span class='ocrx_word' id='word_1_76' title='bbox 692 1205 828 1261; x_wconf 74' lang='lat' dir='ltr'><strong>testatus</strong></span> <span class='ocrx_word' id='word_1_77' title='bbox 853 1219 940 1274; x_wconf 85' lang='lat' dir='ltr'><strong>sum,</strong></span> <span class='ocrx_word' id='word_1_78' title='bbox 970 1219 1011 1263; x_wconf 87' lang='lat' dir='ltr'><strong>ex</strong></span> <span class='ocrx_word' id='word_1_79' title='bbox 1043 1189 1196 1284; x_wconf 71' lang='grc' dir='ltr'><strong><em>ἄπλητος</em></strong></span> 
     </span>
     <span class='ocr_line' id='line_1_10' title="bbox 77 1295 1194 1388; baseline -0.004 -19"><span class='ocrx_word' id='word_1_80' title='bbox 77 1307 198 1372; x_wconf 76' lang='lat' dir='ltr'><strong>iactum</strong></span> <span class='ocrx_word' id='word_1_81' title='bbox 217 1307 328 1388; x_wconf 73' lang='lat' dir='ltr'><strong>putat,</strong></span> <span class='ocrx_word' id='word_1_82' title='bbox 354 1296 417 1362; x_wconf 89' lang='lat' dir='ltr'><strong>hoc</strong></span> <span class='ocrx_word' id='word_1_83' title='bbox 439 1306 547 1363; x_wconf 81' lang='lat' dir='ltr'><strong>sutem</strong></span> <span class='ocrx_word' id='word_1_84' title='bbox 565 1295 693 1363; x_wconf 73' lang='lat' dir='ltr'><strong>snie&#39;o</strong></span> <span class='ocrx_word' id='word_1_85' title='bbox 708 1297 830 1385; x_wconf 92' lang='lat' dir='ltr'><strong>impleo</strong></span> <span class='ocrx_word' id='word_1_86' title='bbox 850 1297 1038 1366; x_wconf 78' lang='lat' dir='ltr'><strong>derivatum.</strong></span> <span class='ocrx_word' id='word_1_87' title='bbox 1067 1296 1194 1381; x_wconf 86' lang='lat' dir='ltr'><strong>Quem·</strong></span> 
     </span>
     <span class='ocr_line' id='line_1_11' title="bbox 79 1395 1197 1487; baseline -0.009 -13"><span class='ocrx_word' id='word_1_88' title='bbox 79 1404 256 1474; x_wconf 73' lang='lat' dir='ltr'><strong>admodum</strong></span> <span class='ocrx_word' id='word_1_89' title='bbox 277 1422 353 1466; x_wconf 84' lang='lat' dir='ltr'><strong>vero</strong></span> <span class='ocrx_word' id='word_1_90' title='bbox 377 1422 398 1463; x_wconf 83' lang='lat' dir='ltr'><strong>s.</strong></span> <span class='ocrx_word' id='word_1_91' title='bbox 418 1395 481 1465; x_wconf 81' lang='grc' dir='ltr'><strong><em>νέω</em></strong></span> <span class='ocrx_word' id='word_1_92' title='bbox 508 1401 642 1484; x_wconf 78' lang='grc' dir='ltr'><strong><em>νῆτρον,</em></strong></span> <span class='ocrx_word' id='word_1_93' title='bbox 672 1421 692 1462; x_wconf 83' lang='grc' dir='ltr'><strong>ιι</strong></span> <span class='ocrx_word' id='word_1_94' title='bbox 717 1399 809 1467; x_wconf 79' lang='grc' dir='ltr'><em>πλέω</em></span> <span class='ocrx_word' id='word_1_95' title='bbox 837 1399 958 1486; x_wconf 82' lang='lat' dir='ltr'><strong>navigo</strong></span> <span class='ocrx_word' id='word_1_96' title='bbox 988 1401 1137 1487; x_wconf 77' lang='grc' dir='ltr'><strong><em>πλῆσρον</em></strong></span> <span class='ocrx_word' id='word_1_97' title='bbox 1163 1413 1197 1466; x_wconf 89' lang='lat' dir='ltr'><strong>et</strong></span> 
     </span>
     <span class='ocr_line' id='line_1_12' title="bbox 77 1497 1196 1596; baseline -0.006 -21"><span class='ocrx_word' id='word_1_98' title='bbox 77 1502 249 1596; x_wconf 76' lang='grc' dir='ltr'><strong><em>πληθρίον</em></strong></span> <span class='ocrx_word' id='word_1_99' title='bbox 271 1502 308 1569; x_wconf 78' lang='grc' dir='ltr'><strong>τὸ</strong></span> <span class='ocrx_word' id='word_1_100' title='bbox 329 1497 499 1587; x_wconf 75' lang='grc' dir='ltr'><strong>πηδάλιον</strong></span> <span class='ocrx_word' id='word_1_101' title='bbox 518 1498 630 1587; x_wconf 84' lang='lat' dir='ltr'><strong>Epim.</strong></span> <span class='ocrx_word' id='word_1_102' title='bbox 658 1498 687 1563; x_wconf 93' lang='grc' dir='ltr'><strong>Ι.</strong></span> <span class='ocrx_word' id='word_1_103' title='bbox 709 1499 783 1566; x_wconf 87' lang='grc'><strong>343.</strong></span> <span class='ocrx_word' id='word_1_104' title='bbox 811 1499 858 1564; x_wconf 89' lang='lat' dir='ltr'><strong>sic</strong></span> <span class='ocrx_word' id='word_1_105' title='bbox 881 1499 999 1566; x_wconf 82' lang='lat' dir='ltr'><strong>abillo</strong></span> <span class='ocrx_word' id='word_1_106' title='bbox 1020 1499 1196 1568; x_wconf 80' lang='lat' dir='ltr'><strong>thematicc</strong></span> 
     </span>
     <span class='ocr_line' id='line_1_13' title="bbox 77 1591 1197 1690; baseline -0.004 -15"><span class='ocrx_word' id='word_1_107' title='bbox 77 1607 171 1675; x_wconf 75' lang='grc' dir='ltr'><em>πλέω</em></span> <span class='ocrx_word' id='word_1_108' title='bbox 194 1603 272 1670; x_wconf 85' lang='lat' dir='ltr'><strong>duci</strong></span> <span class='ocrx_word' id='word_1_109' title='bbox 291 1599 400 1689; x_wconf 84' lang='lat' dir='ltr'><strong>potuit</strong></span> <span class='ocrx_word' id='word_1_110' title='bbox 421 1600 578 1688; x_wconf 78' lang='grc' dir='ltr'><strong><em>πλῆθρον</em></strong></span> <span class='ocrx_word' id='word_1_111' title='bbox 601 1591 690 1677; x_wconf 71' lang='grc' dir='ltr'><strong><em>εἶδος</em></strong></span> <span class='ocrx_word' id='word_1_112' title='bbox 713 1596 838 1684; x_wconf 80' lang='grc' dir='ltr'><em>μέτρου</em></span> <span class='ocrx_word' id='word_1_113' title='bbox 854 1600 937 1666; x_wconf 87' lang='lat' dir='ltr'><strong>Hes.</strong></span> <span class='ocrx_word' id='word_1_114' title='bbox 956 1613 988 1668; x_wconf 88' lang='lat' dir='ltr'><strong>et</strong></span> <span class='ocrx_word' id='word_1_115' title='bbox 1007 1624 1069 1690; x_wconf 88' lang='lat' dir='ltr'><strong>per</strong></span> <span class='ocrx_word' id='word_1_116' title='bbox 1089 1614 1197 1689; x_wconf 89' lang='lat' dir='ltr'><strong>systo-</strong></span> 
     </span>
     <span class='ocr_line' id='line_1_14' title="bbox 76 1699 1196 1789; baseline -0.005 -13"><span class='ocrx_word' id='word_1_117' title='bbox 76 1711 130 1776; x_wconf 86' lang='lat' dir='ltr'><strong>len</strong></span> <span class='ocrx_word' id='word_1_118' title='bbox 152 1707 319 1788; x_wconf 64' lang='grc' dir='ltr'><strong><em>πλέθρον,</em></strong></span> <span class='ocrx_word' id='word_1_119' title='bbox 343 1724 409 1788; x_wconf 91' lang='lat' dir='ltr'><strong>quo</strong></span> <span class='ocrx_word' id='word_1_120' title='bbox 429 1700 563 1788; x_wconf 87' lang='lat' dir='ltr'><strong>proprie</strong></span> <span class='ocrx_word' id='word_1_121' title='bbox 586 1699 729 1789; x_wconf 81' lang='lat' dir='ltr'><strong>spatium</strong></span> <span class='ocrx_word' id='word_1_122' title='bbox 750 1699 917 1788; x_wconf 88' lang='lat' dir='ltr'><strong>expletum</strong></span> <span class='ocrx_word' id='word_1_123' title='bbox 939 1702 1122 1771; x_wconf 88' lang='lat' dir='ltr'><strong>dimensum</strong></span> <span class='ocrx_word' id='word_1_124' title='bbox 1146 1716 1196 1772; x_wconf 83' lang='lat' dir='ltr'><strong>st-</strong></span> 
     </span>
     <span class='ocr_line' id='line_1_15' title="bbox 79 1800 1200 1897; baseline 0.001 -21"><span class='ocrx_word' id='word_1_125' title='bbox 79 1831 143 1897; x_wconf 86' lang='lat' dir='ltr'><strong>que</strong></span> <span class='ocrx_word' id='word_1_126' title='bbox 165 1804 367 1892; x_wconf 88' lang='lat' dir='ltr'><strong>descriptum</strong></span> <span class='ocrx_word' id='word_1_127' title='bbox 392 1801 570 1888; x_wconf 77' lang='lat' dir='ltr'><strong>significari</strong></span> <span class='ocrx_word' id='word_1_128' title='bbox 592 1802 721 1867; x_wconf 86' lang='lat' dir='ltr'><strong>videtur</strong></span> <span class='ocrx_word' id='word_1_129' title='bbox 728 1826 738 1879; x_wconf 89' lang='lat'>;</span> <span class='ocrx_word' id='word_1_130' title='bbox 766 1800 843 1868; x_wconf 87' lang='lat' dir='ltr'><strong>hinc</strong></span> <span class='ocrx_word' id='word_1_131' title='bbox 875 1804 1094 1891; x_wconf 83' lang='lat' dir='ltr'><strong>compositum</strong></span> <span class='ocrx_word' id='word_1_132' title='bbox 1114 1801 1200 1877; x_wconf 80' lang='grc' dir='ltr'><strong>ἇπέ-</strong></span> 
     </span>
     <span class='ocr_line' id='line_1_16' title="bbox 81 1897 1202 1995; baseline -0.004 -17"><span class='ocrx_word' id='word_1_133' title='bbox 81 1915 204 1992; x_wconf 78' lang='grc' dir='ltr'><strong><em>λιθρον</em></strong></span> <span class='ocrx_word' id='word_1_134' title='bbox 235 1897 256 1967; x_wconf 65' lang='lat' dir='ltr'><strong>ll</strong></span> <span class='ocrx_word' id='word_1_135' title='bbox 289 1901 350 1971; x_wconf 79' lang='grc' dir='ltr'><strong>οὐκ</strong></span> <span class='ocrx_word' id='word_1_136' title='bbox 383 1898 453 1969; x_wconf 79' lang='grc' dir='ltr'><strong><em>ἔστι</em></strong></span> <span class='ocrx_word' id='word_1_137' title='bbox 484 1905 652 1991; x_wconf 77' lang='grc' dir='ltr'><strong><em>μετρῆσαι</em></strong></span> <span class='ocrx_word' id='word_1_138' title='bbox 684 1901 763 1971; x_wconf 83' lang='lat' dir='ltr'><strong>seh.</strong></span> <span class='ocrx_word' id='word_1_139' title='bbox 792 1901 832 1968; x_wconf 92' lang='lat' dir='ltr'><strong>Il.</strong></span> <span class='ocrx_word' id='word_1_140' title='bbox 860 1904 928 1971; x_wconf 87' lang='lat' dir='ltr'><strong>XI.</strong></span> <span class='ocrx_word' id='word_1_141' title='bbox 957 1906 1030 1972; x_wconf 87' lang='grc'><strong>354.</strong></span> <span class='ocrx_word' id='word_1_142' title='bbox 1058 1908 1202 1995; x_wconf 85' lang='lat' dir='ltr'><strong>itemque</strong></span> 
     </span>
     <span class='ocr_line' id='line_1_17' title="bbox 82 2004 1204 2097; baseline 0 -21"><span class='ocrx_word' id='word_1_143' title='bbox 82 2005 227 2080; x_wconf 68' lang='grc' dir='ltr'><strong><em>ἔνίλετον</em></strong></span> <span class='ocrx_word' id='word_1_144' title='bbox 247 2006 283 2072; x_wconf 82' lang='lat' dir='ltr'><strong>id</strong></span> <span class='ocrx_word' id='word_1_145' title='bbox 303 2004 395 2092; x_wconf 88' lang='lat' dir='ltr'><strong>quod</strong></span> <span class='ocrx_word' id='word_1_146' title='bbox 415 2024 600 2070; x_wconf 83' lang='lat' dir='ltr'><strong>mensurum</strong></span> <span class='ocrx_word' id='word_1_147' title='bbox 620 2026 856 2090; x_wconf 83' lang='lat' dir='ltr'><strong>numerumque</strong></span> <span class='ocrx_word' id='word_1_148' title='bbox 878 2008 1017 2085; x_wconf 83' lang='lat' dir='ltr'><strong>excedit,</strong></span> <span class='ocrx_word' id='word_1_149' title='bbox 1040 2007 1078 2075; x_wconf 81' lang='grc' dir='ltr'><strong>τὸ</strong></span> <span class='ocrx_word' id='word_1_150' title='bbox 1101 2005 1204 2097; x_wconf 78' lang='grc' dir='ltr'><strong><em>ὑπορ-</em></strong></span> 
     </span>
     <span class='ocr_line' id='line_1_18' title="bbox 82 2101 1206 2197; baseline 0 -21"><span class='ocrx_word' id='word_1_151' title='bbox 82 2107 170 2177; x_wconf 76' lang='grc' dir='ltr'><strong><em>ιιολὺ</em></strong></span> <span class='ocrx_word' id='word_1_152' title='bbox 198 2107 268 2173; x_wconf 85' lang='lat' dir='ltr'><strong>sive</strong></span> <span class='ocrx_word' id='word_1_153' title='bbox 297 2101 528 2192; x_wconf 73' lang='grc' dir='ltr'><strong><em>ἰννιιριιληθές,</em></strong></span> <span class='ocrx_word' id='word_1_154' title='bbox 561 2126 639 2168; x_wconf 84' lang='lat' dir='ltr'><strong>nam</strong></span> <span class='ocrx_word' id='word_1_155' title='bbox 669 2107 862 2188; x_wconf 78' lang='lat' dir='ltr'><strong>inexpletum</strong></span> <span class='ocrx_word' id='word_1_156' title='bbox 889 2117 922 2171; x_wconf 89' lang='lat' dir='ltr'><strong>et</strong></span> <span class='ocrx_word' id='word_1_157' title='bbox 949 2119 1075 2175; x_wconf 79' lang='lat' dir='ltr'><strong>costum</strong></span> <span class='ocrx_word' id='word_1_158' title='bbox 1105 2130 1206 2197; x_wconf 81' lang='lat' dir='ltr'><strong>saepe</strong></span> 
     </span>
     <span class='ocr_line' id='line_1_19' title="bbox 84 2204 1208 2298; baseline -0.001 -20"><span class='ocrx_word' id='word_1_159' title='bbox 84 2231 265 2298; x_wconf 81' lang='lat' dir='ltr'><strong>synonyme</strong></span> <span class='ocrx_word' id='word_1_160' title='bbox 292 2217 378 2273; x_wconf 85' lang='lat' dir='ltr'><strong>sunt.</strong></span> <span class='ocrx_word' id='word_1_161' title='bbox 432 2204 583 2290; x_wconf 84' lang='lat' dir='ltr'><strong>Systolee</strong></span> <span class='ocrx_word' id='word_1_162' title='bbox 613 2227 734 2271; x_wconf 89' lang='lat' dir='ltr'><strong>nomen</strong></span> <span class='ocrx_word' id='word_1_163' title='bbox 763 2229 831 2273; x_wconf 94' lang='lat' dir='ltr'><strong>non</strong></span> <span class='ocrx_word' id='word_1_164' title='bbox 862 2208 1014 2274; x_wconf 87' lang='lat' dir='ltr'><strong>convenit</strong></span> <span class='ocrx_word' id='word_1_165' title='bbox 1042 2210 1084 2275; x_wconf 82' lang='lat' dir='ltr'><strong>sd</strong></span> <span class='ocrx_word' id='word_1_166' title='bbox 1108 2210 1208 2278; x_wconf 80' lang='lat' dir='ltr'><strong>verbu</strong></span> 
     </span>
     <span class='ocr_line' id='line_1_20' title="bbox 85 2303 1206 2402; baseline 0.004 -25"><span class='ocrx_word' id='word_1_167' title='bbox 85 2311 209 2395; x_wconf 72' lang='grc' dir='ltr'><strong><em>θρίζο,</em></strong></span> <span class='ocrx_word' id='word_1_168' title='bbox 236 2308 341 2392; x_wconf 51' lang='lat' dir='ltr'><strong>stato</strong></span> <span class='ocrx_word' id='word_1_169' title='bbox 369 2317 430 2373; x_wconf 86' lang='lat' dir='ltr'><strong>etc.</strong></span> <span class='ocrx_word' id='word_1_170' title='bbox 459 2305 556 2390; x_wconf 80' lang='grc' dir='ltr'><strong><em>παρὰ</em></strong></span> <span class='ocrx_word' id='word_1_171' title='bbox 581 2303 619 2371; x_wconf 78' lang='grc' dir='ltr'><strong>τὸ</strong></span> <span class='ocrx_word' id='word_1_172' title='bbox 643 2304 768 2390; x_wconf 79' lang='grc' dir='ltr'><strong><em>θερίζω</em></strong></span> <span class='ocrx_word' id='word_1_173' title='bbox 792 2308 878 2376; x_wconf 78' lang='grc' dir='ltr'><strong>κατὰ</strong></span> <span class='ocrx_word' id='word_1_174' title='bbox 899 2312 1070 2398; x_wconf 73' lang='grc' dir='ltr'><strong><em>συγκοπὴν</em></strong></span> <span class='ocrx_word' id='word_1_175' title='bbox 1094 2312 1206 2402; x_wconf 83' lang='grc' dir='ltr'><strong><em>θρίζω</em></strong></span> 
     </span>
     <span class='ocr_line' id='line_1_21' title="bbox 84 2406 1207 2501; baseline -0.001 -19"><span class='ocrx_word' id='word_1_176' title='bbox 84 2411 165 2482; x_wconf 85' lang='grc' dir='ltr'><strong>ΕΜ.</strong></span> <span class='ocrx_word' id='word_1_177' title='bbox 186 2410 261 2490; x_wconf 85' lang='grc'><strong>319,</strong></span> <span class='ocrx_word' id='word_1_178' title='bbox 284 2407 335 2474; x_wconf 86' lang='grc'><strong>16.</strong></span> <span class='ocrx_word' id='word_1_179' title='bbox 358 2409 451 2493; x_wconf 87' lang='lat' dir='ltr'><strong>cujus</strong></span> <span class='ocrx_word' id='word_1_180' title='bbox 470 2406 652 2494; x_wconf 81' lang='lat' dir='ltr'><strong>praesentis</strong></span> <span class='ocrx_word' id='word_1_181' title='bbox 676 2410 860 2496; x_wconf 85' lang='lat' dir='ltr'><strong>exemplum</strong></span> <span class='ocrx_word' id='word_1_182' title='bbox 879 2436 948 2478; x_wconf 89' lang='lat' dir='ltr'><strong>non</strong></span> <span class='ocrx_word' id='word_1_183' title='bbox 968 2414 1130 2501; x_wconf 86' lang='lat' dir='ltr'><strong>reperitur</strong></span> <span class='ocrx_word' id='word_1_184' title='bbox 1146 2415 1207 2481; x_wconf 87' lang='lat' dir='ltr'><strong>sed</strong></span> 
     </span>
     <span class='ocr_line' id='line_1_22' title="bbox 86 2507 1211 2599; baseline -0.001 -17"><span class='ocrx_word' id='word_1_185' title='bbox 86 2515 186 2582; x_wconf 79' lang='lat' dir='ltr'><strong>multo</strong></span> <span class='ocrx_word' id='word_1_186' title='bbox 207 2511 336 2588; x_wconf 76' lang='lat' dir='ltr'><strong>coristi,</strong></span> <span class='ocrx_word' id='word_1_187' title='bbox 364 2510 406 2576; x_wconf 86' lang='lat' dir='ltr'><strong>ds</strong></span> <span class='ocrx_word' id='word_1_188' title='bbox 432 2531 499 2596; x_wconf 90' lang='lat' dir='ltr'><strong>quo</strong></span> <span class='ocrx_word' id='word_1_189' title='bbox 521 2507 700 2593; x_wconf 87' lang='lat' dir='ltr'><strong>loquuntur</strong></span> <span class='ocrx_word' id='word_1_190' title='bbox 721 2509 934 2577; x_wconf 78' lang='lat' dir='ltr'><strong>Grammatici</strong></span> <span class='ocrx_word' id='word_1_191' title='bbox 966 2511 1108 2599; x_wconf 80' lang='grc' dir='ltr'><strong><em>ἔθριοαν</em></strong></span> <span class='ocrx_word' id='word_1_192' title='bbox 1137 2508 1211 2581; x_wconf 74' lang='grc' dir='ltr'><strong><em>ἀντὶ</em></strong></span> 
     </span>
     <span class='ocr_line' id='line_1_23' title="bbox 87 2607 1212 2700; baseline -0.003 -16"><span class='ocrx_word' id='word_1_193' title='bbox 87 2620 149 2685; x_wconf 79' lang='grc' dir='ltr'><strong>σοῦ</strong></span> <span class='ocrx_word' id='word_1_194' title='bbox 169 2613 330 2698; x_wconf 71' lang='grc' dir='ltr'><strong><em>ἐθέρισαν</em></strong></span> <span class='ocrx_word' id='word_1_195' title='bbox 351 2615 504 2700; x_wconf 76' lang='grc' dir='ltr'><strong><em>σογνοιιῇ</em></strong></span> <span class='ocrx_word' id='word_1_196' title='bbox 528 2607 640 2676; x_wconf 90' lang='lat' dir='ltr'><strong>Schol.</strong></span> <span class='ocrx_word' id='word_1_197' title='bbox 662 2611 776 2697; x_wconf 85' lang='lat' dir='ltr'><strong>Apoll.</strong></span> <span class='ocrx_word' id='word_1_198' title='bbox 798 2612 844 2678; x_wconf 91' lang='lat'><strong>11.</strong></span> <span class='ocrx_word' id='word_1_199' title='bbox 867 2613 941 2678; x_wconf 89' lang='grc'><strong>601.</strong></span> <span class='ocrx_word' id='word_1_200' title='bbox 973 2609 1112 2697; x_wconf 75' lang='grc' dir='ltr'><strong><em>ἔθρισεν</em></strong></span> <span class='ocrx_word' id='word_1_201' title='bbox 1133 2612 1212 2682; x_wconf 80' lang='grc' dir='ltr'><strong><em>ἐθέ-</em></strong></span> 
     </span>
     <span class='ocr_line' id='line_1_24' title="bbox 88 2702 1211 2803; baseline -0.003 -18"><span class='ocrx_word' id='word_1_202' title='bbox 88 2740 197 2803; x_wconf 82' lang='grc' dir='ltr'><strong><em>ριοιν,</em></strong></span> <span class='ocrx_word' id='word_1_203' title='bbox 220 2715 340 2790; x_wconf 79' lang='grc' dir='ltr'><strong><em>κοινῶς</em></strong></span> <span class='ocrx_word' id='word_1_204' title='bbox 364 2711 401 2778; x_wconf 81' lang='grc' dir='ltr'><strong>δὲ</strong></span> <span class='ocrx_word' id='word_1_205' title='bbox 419 2707 570 2795; x_wconf 75' lang='grc' dir='ltr'><strong><em>ἔθριξεν,</em></strong></span> <span class='ocrx_word' id='word_1_206' title='bbox 602 2706 666 2796; x_wconf 74' lang='grc' dir='ltr'><strong>ἀφ’</strong></span> <span class='ocrx_word' id='word_1_207' title='bbox 697 2702 736 2780; x_wconf 80' lang='grc' dir='ltr'><strong>οὗ</strong></span> <span class='ocrx_word' id='word_1_208' title='bbox 757 2714 815 2780; x_wconf 76' lang='grc' dir='ltr'><strong>καὶ</strong></span> <span class='ocrx_word' id='word_1_209' title='bbox 837 2709 857 2800; x_wconf 78' lang='grc' dir='ltr'><em>ἦ</em></span> <span class='ocrx_word' id='word_1_210' title='bbox 882 2712 966 2800; x_wconf 86' lang='grc' dir='ltr'><strong><em>θρίξ</em></strong></span> <span class='ocrx_word' id='word_1_211' title='bbox 986 2712 1064 2783; x_wconf 87' lang='lat' dir='ltr'><strong>sch.</strong></span> <span class='ocrx_word' id='word_1_212' title='bbox 1087 2713 1211 2782; x_wconf 87' lang='lat' dir='ltr'><strong>Aesch.</strong></span> 
     </span>
     <span class='ocr_line' id='line_1_25' title="bbox 88 2809 1215 2904; baseline 0.003 -24"><span class='ocrx_word' id='word_1_213' title='bbox 88 2819 209 2904; x_wconf 72' lang='lat' dir='ltr'><strong>Agrum.</strong></span> <span class='ocrx_word' id='word_1_214' title='bbox 238 2813 312 2879; x_wconf 82' lang='grc'><strong>544.</strong></span> <span class='ocrx_word' id='word_1_215' title='bbox 345 2811 436 2900; x_wconf 89' lang='lat' dir='ltr'><strong>quod</strong></span> <span class='ocrx_word' id='word_1_216' title='bbox 465 2834 589 2877; x_wconf 91' lang='lat' dir='ltr'><strong>nomen</strong></span> <span class='ocrx_word' id='word_1_217' title='bbox 617 2809 869 2880; x_wconf 86' lang='lat' dir='ltr'><strong>Choeroboscus</strong></span> <span class='ocrx_word' id='word_1_218' title='bbox 901 2816 936 2880; x_wconf 92' lang='lat' dir='ltr'><strong>in</strong></span> <span class='ocrx_word' id='word_1_219' title='bbox 961 2816 1083 2883; x_wconf 78' lang='lat' dir='ltr'><strong>Psalm.</strong></span> <span class='ocrx_word' id='word_1_220' title='bbox 1111 2817 1164 2883; x_wconf 88' lang='grc'><strong>39.</strong></span> <span class='ocrx_word' id='word_1_221' title='bbox 1194 2839 1215 2882; x_wconf 75' lang='lat' dir='ltr'><strong>a</strong></span> 
     </span>
     <span class='ocr_line' id='line_1_26' title="bbox 89 2913 1217 3000; baseline -0.001 -16"><span class='ocrx_word' id='word_1_222' title='bbox 89 2918 199 2984; x_wconf 87' lang='lat' dir='ltr'><strong>futuro</strong></span> <span class='ocrx_word' id='word_1_223' title='bbox 228 2914 342 2982; x_wconf 85' lang='lat' dir='ltr'><strong>dorico</strong></span> <span class='ocrx_word' id='word_1_224' title='bbox 375 2913 484 2998; x_wconf 74' lang='grc' dir='ltr'><strong><em>θρῖξιο</em></strong></span> <span class='ocrx_word' id='word_1_225' title='bbox 515 2913 645 3000; x_wconf 82' lang='lat' dir='ltr'><strong>repetit.</strong></span> <span class='ocrx_word' id='word_1_226' title='bbox 695 2915 747 2979; x_wconf 87' lang='lat' dir='ltr'><strong>Ac</strong></span> <span class='ocrx_word' id='word_1_227' title='bbox 772 2916 950 2983; x_wconf 82' lang='lat' dir='ltr'><strong>desecandi</strong></span> <span class='ocrx_word' id='word_1_228' title='bbox 972 2930 1005 2982; x_wconf 91' lang='lat' dir='ltr'><strong>et</strong></span> <span class='ocrx_word' id='word_1_229' title='bbox 1030 2918 1217 2983; x_wconf 87' lang='lat' dir='ltr'><strong>demetendi</strong></span> 
     </span>
     <span class='ocr_line' id='line_1_27' title="bbox 92 3013 1216 3105; baseline 0.002 -20"><span class='ocrx_word' id='word_1_230' title='bbox 92 3016 368 3105; x_wconf 76' lang='lat' dir='ltr'><strong>significationem</strong></span> <span class='ocrx_word' id='word_1_231' title='bbox 389 3013 486 3080; x_wconf 80' lang='lat' dir='ltr'><strong>habet</strong></span> <span class='ocrx_word' id='word_1_232' title='bbox 512 3025 685 3099; x_wconf 89' lang='lat' dir='ltr'><strong>utrumque</strong></span> <span class='ocrx_word' id='word_1_233' title='bbox 710 3015 860 3093; x_wconf 82' lang='lat' dir='ltr'><strong>verbum3</strong></span> <span class='ocrx_word' id='word_1_234' title='bbox 890 3022 956 3082; x_wconf 77' lang='grc' dir='ltr'><strong><em>τῶν</em></strong></span> <span class='ocrx_word' id='word_1_235' title='bbox 981 3025 1115 3104; x_wconf 76' lang='grc' dir='ltr'><strong><em>πτερῶν</em></strong></span> <span class='ocrx_word' id='word_1_236' title='bbox 1139 3021 1216 3105; x_wconf 79' lang='grc' dir='ltr'><strong><em>θρί-</em></strong></span> 
     </span>
     <span class='ocr_line' id='line_1_28' title="bbox 94 3109 1219 3202; baseline 0.001 -18"><span class='ocrx_word' id='word_1_237' title='bbox 94 3120 151 3201; x_wconf 82' lang='grc' dir='ltr'><strong><em>ξον</em></strong></span> <span class='ocrx_word' id='word_1_238' title='bbox 180 3114 223 3184; x_wconf 77' lang='grc' dir='ltr'><strong>τὰ</strong></span> <span class='ocrx_word' id='word_1_239' title='bbox 254 3109 344 3202; x_wconf 74' lang='grc' dir='ltr'><strong><em>ἶν’κρα</em></strong></span> <span class='ocrx_word' id='word_1_240' title='bbox 378 3114 534 3202; x_wconf 84' lang='lat' dir='ltr'><strong>Geopon.</strong></span> <span class='ocrx_word' id='word_1_241' title='bbox 563 3115 644 3181; x_wconf 88' lang='lat' dir='ltr'><strong>XV.</strong></span> <span class='ocrx_word' id='word_1_242' title='bbox 673 3116 705 3178; x_wconf 89' lang='grc'><strong>4.</strong></span> <span class='ocrx_word' id='word_1_243' title='bbox 738 3116 798 3201; x_wconf 69' lang='grc' dir='ltr'><strong><em>τὴν</em></strong></span> <span class='ocrx_word' id='word_1_244' title='bbox 822 3110 982 3200; x_wconf 65' lang='grc' dir='ltr'><strong><em>’γλῶσσαν</em></strong></span> <span class='ocrx_word' id='word_1_245' title='bbox 1015 3112 1219 3201; x_wconf 81' lang='grc' dir='ltr'><strong><em>ἇποθέρισεν</em></strong></span> 
     </span>
     <span class='ocr_line' id='line_1_29' title="bbox 92 3210 1218 3307; baseline -0.001 -21"><span class='ocrx_word' id='word_1_246' title='bbox 92 3218 253 3307; x_wconf 85' lang='lat' dir='ltr'><strong>Apollod.</strong></span> <span class='ocrx_word' id='word_1_247' title='bbox 274 3216 321 3282; x_wconf 91' lang='lat' dir='ltr'><strong>H.</strong></span> <span class='ocrx_word' id='word_1_248' title='bbox 345 3217 376 3295; x_wconf 87' lang='grc'><strong>9,</strong></span> <span class='ocrx_word' id='word_1_249' title='bbox 399 3217 451 3280; x_wconf 81' lang='grc'><strong>22.</strong></span> <span class='ocrx_word' id='word_1_250' title='bbox 475 3216 534 3303; x_wconf 70' lang='grc' dir='ltr'><strong><em>τὴν</em></strong></span> <span class='ocrx_word' id='word_1_251' title='bbox 556 3213 679 3300; x_wconf 80' lang='grc' dir='ltr'><strong><em>ὁρμιὰν</em></strong></span> <span class='ocrx_word' id='word_1_252' title='bbox 702 3210 916 3300; x_wconf 76' lang='grc' dir='ltr'><strong><em>ἆνιεθέριοαν</em></strong></span> <span class='ocrx_word' id='word_1_253' title='bbox 929 3215 1059 3282; x_wconf 86' lang='lat' dir='ltr'><strong>Aelisn.</strong></span> <span class='ocrx_word' id='word_1_254' title='bbox 1071 3219 1117 3282; x_wconf 92' lang='grc' dir='ltr'><strong>Η.</strong></span> <span class='ocrx_word' id='word_1_255' title='bbox 1129 3219 1218 3285; x_wconf 83' lang='lat' dir='ltr'><strong>Aun.</strong></span> 
     </span>
     <span class='ocr_line' id='line_1_30' title="bbox 93 3314 1221 3406; baseline 0 -19"><span class='ocrx_word' id='word_1_256' title='bbox 93 3321 123 3387; x_wconf 89' lang='grc' dir='ltr'><strong>Ι.</strong></span> <span class='ocrx_word' id='word_1_257' title='bbox 154 3320 186 3385; x_wconf 87' lang='grc'><strong>5.</strong></span> <span class='ocrx_word' id='word_1_258' title='bbox 215 3329 249 3383; x_wconf 77' lang='lat' dir='ltr'><strong>ct</strong></span> <span class='ocrx_word' id='word_1_259' title='bbox 275 3318 371 3382; x_wconf 82' lang='lat' dir='ltr'><strong>illam</strong></span> <span class='ocrx_word' id='word_1_260' title='bbox 400 3314 570 3405; x_wconf 82' lang='lat' dir='ltr'><strong>propriam</strong></span> <span class='ocrx_word' id='word_1_261' title='bbox 592 3316 734 3381; x_wconf 87' lang='lat' dir='ltr'><strong>metendi</strong></span> <span class='ocrx_word' id='word_1_262' title='bbox 760 3317 1051 3405; x_wconf 85' lang='lat' dir='ltr'><strong>significationem,</strong></span> <span class='ocrx_word' id='word_1_263' title='bbox 1089 3343 1173 3406; x_wconf 83' lang='lat' dir='ltr'><strong>quse</strong></span> <span class='ocrx_word' id='word_1_264' title='bbox 1201 3344 1221 3387; x_wconf 82' lang='lat' dir='ltr'><strong>e</strong></span> 
     </span>
     <span class='ocr_line' id='line_1_31' title="bbox 96 3418 1223 3511; baseline 0.004 -25"><span class='ocrx_word' id='word_1_265' title='bbox 96 3420 259 3511; x_wconf 88' lang='lat' dir='ltr'><strong>primitivo</strong></span> <span class='ocrx_word' id='word_1_266' title='bbox 282 3421 390 3502; x_wconf 80' lang='grc' dir='ltr'><strong><em>θέρος</em></strong></span> <span class='ocrx_word' id='word_1_267' title='bbox 409 3420 517 3484; x_wconf 80' lang='lat' dir='ltr'><strong>messis</strong></span> <span class='ocrx_word' id='word_1_268' title='bbox 545 3418 776 3504; x_wconf 87' lang='lat' dir='ltr'><strong>proficiscitur,</strong></span> <span class='ocrx_word' id='word_1_269' title='bbox 804 3421 904 3488; x_wconf 90' lang='lat' dir='ltr'><strong>verbo</strong></span> <span class='ocrx_word' id='word_1_270' title='bbox 926 3423 1045 3507; x_wconf 84' lang='grc' dir='ltr'><strong><em>θρίοαι</em></strong></span> <span class='ocrx_word' id='word_1_271' title='bbox 1068 3422 1223 3490; x_wconf 80' lang='lat' dir='ltr'><strong>tributam</strong></span> 
     </span>
     <span class='ocr_line' id='line_1_32' title="bbox 98 3519 1206 3608; baseline 0.004 -19"><span class='ocrx_word' id='word_1_272' title='bbox 98 3544 259 3589; x_wconf 86' lang='lat' dir='ltr'><strong>essenon</strong></span> <span class='ocrx_word' id='word_1_273' title='bbox 281 3519 424 3608; x_wconf 91' lang='lat' dir='ltr'><strong>reperio.</strong></span> <span class='ocrx_word' id='word_1_274' title='bbox 470 3520 542 3586; x_wconf 90' lang='lat' dir='ltr'><strong>Nec</strong></span> <span class='ocrx_word' id='word_1_275' title='bbox 572 3531 681 3586; x_wconf 81' lang='lat' dir='ltr'><strong>tamen</strong></span> <span class='ocrx_word' id='word_1_276' title='bbox 709 3521 745 3585; x_wconf 90' lang='lat' dir='ltr'><strong>id</strong></span> <span class='ocrx_word' id='word_1_277' title='bbox 772 3523 850 3588; x_wconf 86' lang='lat' dir='ltr'><strong>setis</strong></span> <span class='ocrx_word' id='word_1_278' title='bbox 874 3545 993 3589; x_wconf 85' lang='lat' dir='ltr'><strong>cnusse</strong></span> <span class='ocrx_word' id='word_1_279' title='bbox 1015 3545 1073 3588; x_wconf 85' lang='lat' dir='ltr'><strong>cur</strong></span> <span class='ocrx_word' id='word_1_280' title='bbox 1093 3525 1206 3593; x_wconf 73' lang='lat' dir='ltr'><strong>subire</strong></span> 
     </span>
     <span class='ocr_line' id='line_1_33' title="bbox 97 3621 1225 3712; baseline 0.006 -22"><span class='ocrx_word' id='word_1_281' title='bbox 97 3623 193 3690; x_wconf 76' lang='lat' dir='ltr'><strong>hatur</strong></span> <span class='ocrx_word' id='word_1_282' title='bbox 222 3644 403 3709; x_wconf 79' lang='lat' dir='ltr'><strong>syncopae.</strong></span> <span class='ocrx_word' id='word_1_283' title='bbox 453 3622 611 3688; x_wconf 85' lang='lat' dir='ltr'><strong>Alterum</strong></span> <span class='ocrx_word' id='word_1_284' title='bbox 638 3622 702 3689; x_wconf 88' lang='lat' dir='ltr'><strong>hoc</strong></span> <span class='ocrx_word' id='word_1_285' title='bbox 731 3636 795 3689; x_wconf 88' lang='lat' dir='ltr'><strong>est:</strong></span> <span class='ocrx_word' id='word_1_286' title='bbox 826 3621 896 3692; x_wconf 68' lang='lat' dir='ltr'><strong>snt</strong></span> <span class='ocrx_word' id='word_1_287' title='bbox 923 3628 985 3690; x_wconf 74' lang='lat' dir='ltr'><strong>rori</strong></span> <span class='ocrx_word' id='word_1_288' title='bbox 1004 3626 1081 3710; x_wconf 81' lang='grc' dir='ltr'><strong><em>μέλι</em></strong></span> <span class='ocrx_word' id='word_1_289' title='bbox 1101 3627 1225 3712; x_wconf 82' lang='grc' dir='ltr'><strong><em>μελίζιο</em></strong></span> 
     </span>
     <span class='ocr_line' id='line_1_34' title="bbox 96 3723 1227 3812; baseline 0.004 -21"><span class='ocrx_word' id='word_1_290' title='bbox 96 3727 155 3793; x_wconf 81' lang='grc' dir='ltr'><strong>καὶ</strong></span> <span class='ocrx_word' id='word_1_291' title='bbox 185 3726 271 3792; x_wconf 81' lang='grc' dir='ltr'><strong>κατὰ</strong></span> <span class='ocrx_word' id='word_1_292' title='bbox 299 3723 473 3807; x_wconf 74' lang='grc' dir='ltr'><strong><em>συγκοπὴν</em></strong></span> <span class='ocrx_word' id='word_1_293' title='bbox 505 3724 561 3791; x_wconf 82' lang='grc' dir='ltr'><strong>καὶ</strong></span> <span class='ocrx_word' id='word_1_294' title='bbox 593 3724 722 3812; x_wconf 66' lang='grc' dir='ltr'><strong><em>τροπὴν</em></strong></span> <span class='ocrx_word' id='word_1_295' title='bbox 750 3725 853 3808; x_wconf 65' lang='lat' dir='ltr'><strong>filij</strong></span> <span class='ocrx_word' id='word_1_296' title='bbox 882 3727 963 3794; x_wconf 83' lang='grc' dir='ltr'><strong>ΕΜ.</strong></span> <span class='ocrx_word' id='word_1_297' title='bbox 984 3728 1058 3806; x_wconf 87' lang='grc'>200,</span> <span class='ocrx_word' id='word_1_298' title='bbox 1085 3730 1138 3795; x_wconf 87' lang='lat'><strong>34.</strong></span> <span class='ocrx_word' id='word_1_299' title='bbox 1167 3731 1227 3797; x_wconf 84' lang='lat' dir='ltr'><strong>sed</strong></span> 
     </span>
     <span class='ocr_line' id='line_1_35' title="bbox 100 3817 1229 3914; baseline 0.004 -22"><span class='ocrx_word' id='word_1_300' title='bbox 100 3826 163 3893; x_wconf 91' lang='lat' dir='ltr'><strong>hoc</strong></span> <span class='ocrx_word' id='word_1_301' title='bbox 179 3824 447 3900; x_wconf 70' lang='lat' dir='ltr'><strong>incertissimum</strong></span> <span class='ocrx_word' id='word_1_302' title='bbox 469 3847 552 3890; x_wconf 82' lang='lat' dir='ltr'><strong>nom</strong></span> <span class='ocrx_word' id='word_1_303' title='bbox 568 3817 696 3911; x_wconf 82' lang='lat' dir='ltr'><strong>prseter</strong></span> <span class='ocrx_word' id='word_1_304' title='bbox 710 3825 790 3891; x_wconf 89' lang='lat' dir='ltr'><strong>illud</strong></span> <span class='ocrx_word' id='word_1_305' title='bbox 803 3830 962 3913; x_wconf 78' lang='grc' dir='ltr'><strong><em>μιλίζιιν,</em></strong></span> <span class='ocrx_word' id='word_1_306' title='bbox 986 3830 1077 3914; x_wconf 89' lang='lat' dir='ltr'><strong>quod</strong></span> <span class='ocrx_word' id='word_1_307' title='bbox 1093 3853 1113 3894; x_wconf 86' lang='lat' dir='ltr'><strong>o</strong></span> <span class='ocrx_word' id='word_1_308' title='bbox 1126 3831 1229 3910; x_wconf 79' lang='grc' dir='ltr'><strong><em>μέλος</em></strong></span> 
     </span>
     <span class='ocr_line' id='line_1_36' title="bbox 100 3926 1229 4017; baseline 0.003 -23"><span class='ocrx_word' id='word_1_309' title='bbox 100 3926 285 4017; x_wconf 84' lang='lat' dir='ltr'><strong>profectum</strong></span> <span class='ocrx_word' id='word_1_310' title='bbox 306 3936 372 4004; x_wconf 88' lang='lat' dir='ltr'><strong>est,</strong></span> <span class='ocrx_word' id='word_1_311' title='bbox 394 3926 523 3992; x_wconf 88' lang='lat' dir='ltr'><strong>nullum</strong></span> <span class='ocrx_word' id='word_1_312' title='bbox 541 3928 725 4007; x_wconf 84' lang='lat' dir='ltr'><strong>noscimus3</strong></span> <span class='ocrx_word' id='word_1_313' title='bbox 750 3929 873 4013; x_wconf 76' lang='grc' dir='ltr'><strong><em>βλίζειν</em></strong></span> <span class='ocrx_word' id='word_1_314' title='bbox 895 3942 1004 3997; x_wconf 81' lang='lat' dir='ltr'><strong>sutem</strong></span> <span class='ocrx_word' id='word_1_315' title='bbox 1027 3941 1059 3996; x_wconf 89' lang='lat' dir='ltr'><strong>et</strong></span> <span class='ocrx_word' id='word_1_316' title='bbox 1085 3929 1229 4011; x_wconf 81' lang='grc' dir='ltr'><strong><em>βλιίτιιν</em></strong></span> 
     </span>
    </p>
   </div>
   <div class='ocr_carea' id='block_1_3' title="bbox 101 4162 1223 4323">
    <p class='ocr_par' dir='ltr' id='par_1_3' title="bbox 101 4162 1223 4323">
     <span class='ocr_line' id='line_1_37' title="bbox 101 4162 1223 4239; baseline 0.004 -20"><span class='ocrx_word' id='word_1_317' title='bbox 101 4168 235 4233; x_wconf 73' lang='grc' dir='ltr'><strong><em>πίτειρον</em></strong></span> <span class='ocrx_word' id='word_1_318' title='bbox 253 4162 309 4219; x_wconf 80' lang='lat' dir='ltr'><strong>dici</strong></span> <span class='ocrx_word' id='word_1_319' title='bbox 328 4171 441 4235; x_wconf 81' lang='lat' dir='ltr'><strong>poterut</strong></span> <span class='ocrx_word' id='word_1_320' title='bbox 459 4171 491 4218; x_wconf 85' lang='lat' dir='ltr'><strong>ut</strong></span> <span class='ocrx_word' id='word_1_321' title='bbox 509 4167 655 4236; x_wconf 71' lang='grc' dir='ltr'><strong><em>φέρειρον,</em></strong></span> <span class='ocrx_word' id='word_1_322' title='bbox 674 4169 810 4239; x_wconf 75' lang='grc' dir='ltr'><strong><em>ιέρειρον,</em></strong></span> <span class='ocrx_word' id='word_1_323' title='bbox 829 4164 996 4239; x_wconf 74' lang='grc' dir='ltr'><strong><em>φρύγενρον,</em></strong></span> <span class='ocrx_word' id='word_1_324' title='bbox 1014 4167 1152 4239; x_wconf 72' lang='grc' dir='ltr'><strong><em>δέλετρον,</em></strong></span> <span class='ocrx_word' id='word_1_325' title='bbox 1171 4169 1223 4224; x_wconf 81' lang='lat' dir='ltr'><strong>scd</strong></span> 
     </span>
     <span class='ocr_line' id='line_1_38' title="bbox 102 4251 689 4323; baseline 0 -17"><span class='ocrx_word' id='word_1_326' title='bbox 102 4256 255 4306; x_wconf 75' lang='lat' dir='ltr'><strong>assumtum</strong></span> <span class='ocrx_word' id='word_1_327' title='bbox 273 4257 318 4305; x_wconf 83' lang='lat' dir='ltr'><strong>est</strong></span> <span class='ocrx_word' id='word_1_328' title='bbox 334 4254 468 4323; x_wconf 75' lang='grc' dir='ltr'><strong><em>νιέιιυρον</em></strong></span> <span class='ocrx_word' id='word_1_329' title='bbox 487 4269 511 4304; x_wconf 85' lang='lat' dir='ltr'><strong>v.</strong></span> <span class='ocrx_word' id='word_1_330' title='bbox 524 4251 615 4306; x_wconf 86' lang='lat' dir='ltr'><strong>Prcll.</strong></span> <span class='ocrx_word' id='word_1_331' title='bbox 630 4254 689 4306; x_wconf 76' lang='lat'><strong>264.</strong></span> 
     </span>
    </p>
   </div>
   <div class='ocr_carea' id='block_1_4' title="bbox 0 0 1401 4778">
    <p class='ocr_par' dir='ltr' id='par_1_4' title="bbox 0 0 1401 4778">
     <span class='ocr_line' id='line_1_39' title="bbox 0 0 1401 4778; baseline 0 0"><span class='ocrx_word' id='word_1_332' title='bbox 0 0 1401 4778; x_wconf 95' lang='lat' dir='ltr'><strong> </strong></span> 
     </span>
    </p>
   </div>
  </div>
 </body>
</html>
