2736 4778
206 342 281 417 321
497 334 815 403 DISSERTATIO
845 333 891 399 11.
931 333 975 399 P.
998 332 1027 399 I.

206 524 302 591 Haeo
323 520 351 588 si
372 531 515 608 cognata
536 531 613 587 sunt
635 519 783 597 nomina,
812 518 944 607 ypsilon
973 519 1063 605 quod
1087 518 1121 585 in
1152 515 1324 604 trisyllabo

205 625 350 692 medium
371 622 497 693 obtinet
516 623 641 700 locum,
668 622 704 688 in
732 621 894 707 bisyllabo
923 622 1063 710 primum
1092 621 1269 708 occupavit
1289 632 1327 686 ut

205 727 240 793 in
259 724 479 812 Hesychienis
501 723 611 815 Τύρβι]
638 720 801 808 θόρυβος,
824 722 939 809 Σύρβα
959 719 1117 810 θόρυβος,
1141 722 1224 788 etin
1244 745 1324 810 pro·

206 830 279 918 prio
303 824 460 913 Κορύβας
484 827 618 910 lapsas
627 825 658 910 ⁴)
687 848 749 891 nec
777 823 914 890 obscure
946 824 1064 909 Ksipsso
1090 846 1210 890 nomen
1231 823 1324 891 urbia

206 930 373 1008 Creticae,
409 948 493 1013 quae
521 937 637 1014 postea
668 925 785 995 Πύινα
818 926 905 993 dicta
940 937 989 992 est
1020 926 1056 990 id
1087 936 1136 992 est
1167 927 1268 993 Petro
1293 949 1322 992 v.

205 1030 375 1120 Aglaoph.
397 1028 490 1095 1155.
510 1027 673 1125 significa-t
687 1025 836 1115 κορυφήν
850 1040 887 1094 ut
897 1025 1047 1114 Καραφιά
1063 1028 1324 1115 promontorium

208 1133 384 1219 Corcyrae.
415 1128 559 1197 Nomina
576 1129 611 1194 in
633 1153 670 1208 ας
691 1129 843 1194 exeuntia
865 1141 940 1197 ante
961 1129 1214 1208 terminationes,
1239 1153 1323 1217 quse

208 1261 229 1303 a
261 1234 366 1301 vocali
399 1232 562 1309 oriuntur,
599 1230 731 1318 ypsilon
761 1232 901 1298 retinent
933 1229 1124 1320 βστραίνης,
1161 1227 1322 1312 ι’χῧύινσς,

208 1333 396 1426 orantisque,
428 1328 616 1412 νεανισμός,
651 1335 802 1413 μαλσκσς,
836 1333 982 1411 σιιλσκω,
1018 1354 1118 1418 quare
1148 1333 1322 1418 σηχλσκσς,

207 1435 351 1526 sancto,
375 1433 556 1525 πηχισμός,
582 1430 797 1521 ἧμισηχιῖσν,
820 1457 903 1520 quae
926 1434 1016 1522 apud
1036 1434 1159 1499 nullum
1181 1434 1323 1521 scripto·

207 1561 279 1606 rum
306 1536 503 1624 elegantium
525 1536 692 1621 leguntur,
721 1535 845 1602 affectis
874 1538 1043 1603 accedunt.
1086 1536 1154 1601 Pro
1182 1531 1324 1623 ἀσρηιιν

209 1639 373 1708 Choerob.
414 1637 496 1705 Can.
535 1638 614 1715 717,
653 1637 704 1701 24.
746 1632 904 1726 ἀιιφιῖήιιν
941 1635 1148 1704 scribendum
1184 1637 1322 1703 videtur.

208 1741 349 1829 Ypsilon
375 1739 511 1824 longum
536 1751 703 1803 extrusum
733 1761 805 1805 esse
831 1739 963 1804 minime
985 1739 1143 1827 probatur
1164 1740 1322 1827 exempbs

209 1864 295 1930 quae
324 1839 532 1909 Gmnmatici
562 1852 759 1926 suggemnt:
792 1839 887 1925 παρὰ
914 1840 953 1907 τὸ
987 1838 1091 1926 ε’(ιάκια
1120 1838 1241 1924 ἔρανος
1269 1840 1323 1909 καὶ

208 1944 294 2013 nosci
321 1940 492 2029 συγκσσὴν
519 1940 615 2027 ἕρκος
641 1942 721 2008 ΕΜ.
751 1942 829 2019 375,
860 1944 910 2007 13.
938 1942 1048 2029 Epim.
1077 1942 1201 2008 1.129.
1233 1942 1323 2028 quod

208 2068 328 2114 nomen
361 2043 523 2132 primitivo
558 2038 658 2130 εἷ’(ιγισ
690 2043 791 2109 multo
824 2044 959 2109 vicinius
987 2057 1037 2110 est
1061 2067 1159 2130 quam
1187 2043 1323 2110 verbum

208 2148 290 2213 illud
310 2171 340 2212 v.
362 2145 484 2212 Parall.
512 2145 583 2210 123.
606 2149 754 2232 Λαφρία
783 2143 943 2212 intonas
960 2138 1108 2232 Ἀθηνᾶς
1136 2142 1257 2229 ἀμσισν
1278 2148 1322 2232 τῷ

209 2242 358 2335 ἀνιλελα·
385 2247 554 2331 Λαφυρία
585 2246 646 2331 γὰρ
675 2241 694 2332 ἡ
722 2240 848 2329 ἀγανσα
874 2245 915 2311 ιά
939 2245 975 2312 ἐκ
998 2245 1149 2325 πολέμου
1175 2245 1320 2333 idcirco,

209 2349 266 2423 καὶ
286 2350 437 2434 cuononi]
460 2342 607 2430 Λαφρία
632 2344 710 2412 Sch.
733 2345 816 2430 Lyc.
838 2347 911 2413 356.
941 2350 1017 2413 Hoc
1040 2360 1148 2413 autem
1171 2348 1323 2414 evertitur

210 2473 249 2517 eo
273 2450 364 2536 quod
373 2447 482 2515 Diana
500 2468 632 2531 quoque
650 2446 696 2511 sic
713 2447 896 2533 appellatur
912 2461 944 2515 et
952 2450 1136 2515 Mercurius
1146 2447 1320 2535 Λάφσιας,

210 2551 339 2639 quidii
365 2550 451 2614 feras
480 2561 513 2612 et
539 2547 630 2611 lucra
656 2560 791 2634 captant
819 2551 877 2615 sed
905 2549 1143 2638 λασιριιγισγσί
1168 2551 1233 2618 dici
1256 2575 1321 2618 non

210 2662 358 2739 possunt.
401 2649 444 2714 In
465 2647 595 2713 casibus
614 2648 755 2733 obliquis
774 2650 863 2714 nulla
880 2653 914 2714 fit
933 2674 1097 2739 syncopae
1116 2652 1321 2738 significatio.

295 2748 477 2819 Verborum
508 2751 573 2815 duo
603 2772 623 2813 a
648 2749 873 2816 Grammaticis
904 2751 966 2817 buo
996 2754 1165 2819 trahuntur
1192 2751 1262 2823 ἀνω
1290 2767 1322 2820 et

210 2849 404 2938 ἀμβλώιτιν.
447 2852 541 2918 Illius
564 2852 684 2918 mentio
705 2853 741 2917 fit
763 2853 797 2917 in
818 2852 977 2920 breviario
1000 2856 1209 2941 passionum,
1232 2857 1322 2943 quod

174 2994 180 3007 ·
208 2954 341 3023 Bestius
367 2954 470 3020 edidit
495 2954 537 3019 ad
562 2953 663 3041 Greg.
690 2979 723 3042 p.
746 2955 819 3020 677.
846 2960 871 3042 ξ.
895 2957 924 3020 8.
954 2957 1104 3045 συγκοπὴ
1135 2960 1262 3043 γίνεται
1289 2956 1323 3024 ἓν

208 3061 256 3144 τῴ
284 3054 441 3140 ἀνάμενσς
468 3052 539 3123 ἀντὶ
566 3061 626 3123 soii
652 3054 846 3135 ἀνιιάιιινσς,
879 3057 938 3122 sed
967 3056 1030 3122 hoc
1057 3058 1166 3143 potius
1195 3056 1238 3123 ab
1266 3057 1322 3126 illo

209 3158 405 3245 productum
428 3170 477 3220 est
502 3168 539 3221 ut
561 3152 661 3223 ιίλύω
688 3155 730 3222 ab
753 3154 841 3224 ιῖλιν.
885 3160 939 3226 De
962 3159 1062 3224 altero
1088 3160 1122 3224 in
1144 3160 1323 3227 contrarias

210 3271 319 3346 partes
350 3258 518 3342 disputant
545 3257 624 3320 ΕΜ.
653 3257 709 3335 80,
737 3259 768 3322 5.
803 3261 914 3345 Epim:
941 3260 968 3325 1.
999 3261 1049 3325 81.
1084 3260 1211 3326 Aneod.
1242 3261 1322 3328 Par.

210 3360 251 3425 T.
265 3359 324 3425 IV.
339 3358 368 3420 8.
387 3351 560 3439 ἀιιβλιῦσσι
583 3358 619 3419 ab
643 3352 755 3434 ἀτελὲς
776 3363 902 3444 βρέφος
925 3357 1111 3444 ἀποβαλεῖν
1131 3359 1200 3429 ἀπὸ
1220 3387 1323 3440 μετα-

210 3463 321 3545 φορᾶς
344 3461 411 3522 τῶν
433 3452 608 3540 ἀμπέλων·
632 3450 737 3522 ὁπότε
759 3458 822 3542 γὰρ
844 3463 922 3537 τοὺς
945 3455 1149 3548 ἀφθαλμαι“·ς
1170 3456 1324 3530 ἀντανασ-

210 3565 313 3636 3εῖεν,
337 3559 485 3642 λέγουσιν
508 3547 609 3634 arinis
631 3550 857 3638 ἀμβλυώττειν
879 3561 934 3625 καὶ
958 3562 1043 3627 κατὰ
1065 3565 1236 3650 σιιγκσπλν
1260 3561 1323 3648 ἀμ·

210 3657 387 3743 statmo·
419 3652 506 3753 {fija
535 3661 594 3722 rosi
625 3651 818 3743 ἀμαλῆσαι,
854 3657 874 3722 ὅ
908 3660 997 3727 ἕσιίν
1029 3657 1209 3750 ἀφανίσαι,
1243 3659 1320 3730 κατ’

210 3757 351 3844 ἐκβολήν
372 3761 430 3824 τσῦ
452 3783 473 3824 α
495 3752 660 3852 ἀμλῆσαι·
681 3757 737 3822 καλ
758 3757 816 3825 διὰ
838 3759 896 3847 τὴν
919 3757 1117 3841 ἀσυνταξίαν
1140 3762 1323 3833 ἐπλεόνασε

210 3846 373 3943 νὸ-β-καὶ
396 3855 525 3944 ἕτράση
547 3859 586 3923 τὸ
610 3885 639 3946 η.
684 3859 810 3922 Harum
835 3863 1064 3928 sententiarum
1089 3865 1231 3951 priorem
1255 3890 1323 3932 am·

210 3961 363 4047 plectitur
381 3957 573 4024 Eustathius
602 3959 699 4037 1406,
721 3961 752 4024 3.
780 3959 815 4026 ἐκ
837 3967 895 4029 τοῦ
920 3962 1120 4050 ἀναβάλλειν
1145 3969 1258 4053 γέγονε
1286 3969 1324 4036 τὸ

280 4196 309 4261 t)
329 4195 485 4267 Hesychius
506 4188 677 4267 chsscivuov
695 4201 788 4253 πιλίον
805 4202 842 4268 (v.
855 4199 942 4257 Proll.
956 4203 1012 4271 30.)
1032 4197 1222 4277 Καρυβάνιιον
1243 4212 1324 4282 mpl-

211 4284 287 4352 θεμα
304 4283 436 4353 κιιμιλῆς,
459 4277 547 4354 Tisip«
563 4288 708 4353 κυρβασία.
