2736 4778
196 341 245 415 44
396 366 400 371 ·
563 332 881 404 DISSERTATIO
912 335 940 400 Ι.

195 519 358 588 contortus
389 532 422 584 et
450 519 485 585 in
517 521 707 607 compositis
730 516 873 606 Ἀδρυάς
900 520 1024 605 Dryas,
1049 512 1179 602 ’Ἀδρυα
1204 523 1308 609 μῆλα,

189 617 364 708 Ἁμάδρυα
384 618 575 708 κοκκύμηλα
590 622 672 687 Hes.
689 621 749 687 sed
765 620 933 706 μανότητα
952 621 1113 708 significat
1131 618 1166 685 iu
1178 612 1309 707 Ἄόρυα

193 720 236 789 τὰ
261 721 429 804 μονόξυλα
458 719 571 791 lintres
595 721 792 810 monoxylae
817 744 902 807 quae
927 721 1044 788 eadem
1070 721 1221 787 dicuntur
1249 717 1308 789 αὖ·

195 818 329 903 rogata,
358 832 395 889 ut
423 843 523 910 saepe
552 824 589 891 τὸ
618 821 718 903 αὐτός
747 819 797 916 εἷς
823 823 861 890 τὸ
888 820 992 905 μόνας
1019 818 1308 907 μεταλαμβάνεται

192 924 304 1011 Apoll.
316 922 338 991 l.
351 946 379 991 c.
391 925 544 1010 idemque
555 926 742 1012 Hesychius
757 937 790 990 et
801 923 962 990 Proculus
978 923 1022 989 ad
1035 924 1117 990 Hes.
1131 923 1307 1011 Oppfflb.

193 1024 354 1112 αὐτόγυον
379 1020 524 1113 ἄροτρον
549 1028 803 1116 interpretantur
822 1024 1015 1109 μονόβαλον.
1057 1024 1208 1092 Eandem
1229 1025 1307 1091 sim·

193 1125 346 1214 plicitatis
368 1127 536 1193 notionem
559 1128 657 1217 alpha
680 1128 825 1217 impertit
849 1125 1169 1213 multiplicativorum
1190 1127 1306 1215 primo,

194 1229 236 1294 de
260 1250 326 1315 quo
352 1240 437 1294 errat
459 1230 569 1317 Epim.
590 1230 619 1296 l.
641 1231 715 1298 331.
738 1231 819 1297 EM.
843 1229 919 1307 123,
943 1229 972 1293 1.
1002 1227 1116 1313 ὥςπερ
1145 1229 1240 1316 παρὰ
1266 1230 1304 1296 τὸ

110 1385 123 1405 .
194 1329 254 1398 δύο
276 1330 333 1398 καὶ
354 1331 447 1398 πέλω
469 1332 592 1416 γίνεται
610 1334 765 1411 διπλοῦς,
786 1332 874 1400 οὕτω
897 1329 992 1416 παρὰ
1013 1319 1051 1398 τὸ
1072 1325 1168 1421 dispo
1189 1330 1228 1399 τὸ
1247 1354 1307 1416 ση-

192 1439 312 1520 μαῖνον
333 1431 371 1499 τὸ
395 1432 429 1500 ἕν
451 1433 508 1500 καὶ
524 1428 563 1500 sd
586 1435 678 1502 πέλω
700 1432 823 1520 γίνεται
847 1426 976 1500 ἁπλοῦν
996 1423 1033 1497 sd
1058 1428 1092 1499 ἓν
1113 1434 1226 1510 rudior,
1247 1430 1331 1498 sed>

193 1557 334 1602 errorem
359 1544 512 1600 retractat
538 1532 791 1601 Choeroboscus
814 1532 897 1601 Can.
918 1534 947 1599 Ι.
970 1533 1043 1599 245.
1072 1535 1214 1612 διπλοῦς
1236 1557 1307 1619 τρι-

193 1633 382 1717 utute-oon
404 1632 470 1704 εἶσὶ
496 1633 643 1704 σύνθετα
670 1630 747 1705 ἀλλ’
773 1633 865 1704 ἁπλᾶ
893 1633 1091 1719 παράγωγα,
1117 1633 1218 1719 idque
1240 1655 1306 1699 non

194 1736 299 1803 solum
324 1737 468 1802 motione
489 1731 622 1825 (ἁπλῆ)
645 1738 801 1824 probatur
828 1736 1004 1803 sedetiam
1029 1757 1069 1803 eo
1091 1737 1183 1822 quod
1203 1735 1307 1802 Attici

193 1839 369 1904 cardinalia
400 1838 435 1903 in
466 1839 703 1925 compositione
734 1840 922 1925 incorrupta
953 1849 1083 1904 servant
1111 1839 1306 1918 πεντέπους,

193 1936 383 2019 ὄκειόπους,
404 1950 529 2005 mutant
549 1962 626 2006 vero
647 1941 682 2006 in
705 1941 906 2029 simplicibus
925 1937 1187 2019 πενταπλάσιας,
1207 1935 1307 2009 ἦκτα-

193 2040 349 2123 atdans.
392 2043 482 2108 Hinc
503 2054 610 2110 autem
626 2043 772 2109 derivata
789 2054 865 2107 suut
879 2042 1017 2108 vestium
1037 2041 1169 2106 uomina
1185 2038 1308 2121 ἆντλαΐς

194 2157 227 2212 et
249 2141 404 2233 ἁπληγίς,
425 2143 544 2232 quibus
565 2145 745 2214 Salmasius
767 2144 810 2211 ad
832 2143 967 2231 Vopisc.
989 2141 1103 2209 Aurel.
1125 2164 1154 2208 c.
1167 2141 1222 2206 46.
1246 2163 1306 2229 ap-

194 2246 290 2333 ponit
314 2245 489 2330 syntheton
514 2242 635 2330 ὅβαλος
656 2249 774 2328 χλαῖνα
795 2247 926 2311 Arriau.
942 2248 994 2330 ⁴⁵)
1017 2244 1218 2330 latinumque
1240 2248 1307 2312 sita·

193 2351 270 2432 pilio
295 2369 326 2413 v.
347 2348 500 2435 Ducang.
527 2357 706 2435 praeeunte
731 2347 867 2414 Polluce
896 2346 953 2432 qui
981 2346 1147 2412 laenarum
1172 2345 1307 2411 nomina

193 2444 369 2527 ἁπλαΐδες,
386 2443 579 2536 ἇπληγίόες,
598 2447 790 2534 ὀνπληγίδες
811 2460 845 2515 et
862 2449 991 2532 utuntur
1013 2449 1185 2534 conjuncte
1202 2448 1305 2513 affert.

191 2548 356 2634 Denique,
378 2550 527 2636 nequod
548 2560 768 2637 praetereatur
785 2548 964 2637 particulae
985 2548 1174 2637 multijugae
1192 2551 1306 2617 dever-

193 2650 341 2729 ticulum,
368 2651 410 2718 ab
436 2653 552 2720 eodem
578 2652 740 2740 principio
767 2653 948 2740 proiectum
973 2651 1101 2717 videtur
1124 2674 1307 2739 pronomen

193 2747 280 2834 ἇμός
304 2753 372 2820 sive
395 2748 482 2837 ἁμάς
505 2752 584 2821 Sch.
609 2754 677 2822 Od.
701 2745 802 2820 1.10.
825 2753 913 2820 unde
939 2755 1121 2842 composita
1146 2766 1223 2821 sunt
1246 2756 1307 2821 ed-

184 2851 304 2920 serbia
332 2850 487 2942 ἁμηγέπη
514 2850 599 2922 καθ’
630 2854 687 2923 ἕνα
715 2853 788 2924 τινὰ
815 2852 959 2940 τρόπον·
982 2852 1068 2935 duris
1097 2856 1158 2943 γὰρ
1188 2857 1226 2923 τὸ
1257 2857 1308 2937 τίς

192 2957 278 3024 κατὰ
292 2957 444 3041 γλῶσσαν
458 2955 577 3023 Thom.
588 2955 637 3023 M.
650 2950 855 3040 ἆμωςγέπως
869 2953 954 3024 κατά
967 2981 1042 3024 τινα
1056 2957 1182 3043 τρόπον
1191 2957 1306 3046 Apoll.

191 3055 279 3122 Adv.
301 3055 374 3134 566,
395 3057 427 3122 4.
450 3068 511 3124 etc.
555 3058 642 3129 Nam
662 3058 754 3124 utin
775 3069 887 3124 nostra
906 3057 1020 3144 lingua
1041 3058 1176 3146 aliisque
1200 3059 1306 3127 cardi·

191 3157 313 3224 nalium
343 3158 483 3246 primum
515 3171 548 3226 et
577 3182 758 3248 pronomen
788 3158 992 3226 indefinitum
1022 3160 1160 3227 eandem
1188 3171 1309 3249 gerunt

194 3260 337 3344 speciem
359 3273 392 3326 et
415 3281 499 3327 uuus
521 3283 653 3347 quoque
675 3261 837 3325 interdum
862 3261 994 3345 ponitur
1017 3284 1078 3351 pro
1105 3265 1232 3348 aliquia,
1257 3255 1307 3342 εἷς

194 3381 254 3445 pro
272 3360 321 3438 τίς
340 3383 371 3425 v.
382 3360 552 3427 Heinrich.
569 3362 610 3426 ad
627 3361 716 3426 Mus.
732 3381 762 3424 v.
776 3360 826 3425 14.
850 3361 1003 3429 Boisson.
1021 3364 1065 3429 ad
1083 3365 1215 3451 Eunap.
1231 3365 1305 3432 345.

194 3460 328 3529 Jacobs.
352 3461 395 3526 ad
415 3462 536 3528 Achill.
560 3459 719 3527 Tarsus.
744 3459 790 3523 ita
810 3461 878 3526 fieri
900 3465 1009 3550 potuit
1028 3475 1065 3531 ut
1087 3464 1128 3532 ab
1151 3465 1305 3540 adverbio

193 3561 325 3627 unitatis
358 3564 591 3650 produceretur
623 3583 804 3648 pronomen
833 3563 1004 3633 infinitum.
1063 3569 1138 3633 Hae
1164 3567 1192 3633 si
1218 3579 1306 3635 recte

137 3662 140 3667 ’
194 3660 375 3729 subductae
406 3676 481 3729 sunt
509 3663 665 3742 rationes,
696 3662 777 3730 nihil
807 3688 891 3752 opus
920 3679 969 3734 est
998 3667 1080 3733 duas
1111 3669 1307 3737 constituere

194 3763 295 3852 alpha
323 3764 500 3852 copulativi
527 3763 670 3852 species,
702 3789 784 3853 quas
814 3766 1023 3836 Theodosius
1049 3769 1248 3857 imaginatur
1271 3771 1307 3840 in

195 3936 528 3950 ——a-on-

222 4060 224 4065 ·
262 4039 310 4107 t5)
323 4037 423 4102 arua,
436 4039 514 4109 quod
528 4034 603 4092 idem
615 4039 652 4094 ad
665 4035 754 4109 Capit.
767 4034 968 4093 Maxnss.
981 4034 1022 4094 sic
1034 4049 1065 4096 ut
1076 4035 1155 4112 ξηρός
1166 4060 1219 4116 pro
1229 4040 1305 4099 solas

191 4120 279 4194 μόνος
295 4123 351 4179 dici
368 4125 483 4195 probat,
495 4122 643 4194 Meuugius
657 4122 738 4193 Orig.
749 4124 830 4193 Liag.
843 4121 917 4189 Gall.
931 4126 1006 4192 pit.
1020 4128 1057 4181 ad
1074 4146 1176 4185 nomen
1192 4127 1306 4184 unitatis

192 4224 229 4264 ac
247 4210 350 4276 retert,
367 4212 423 4266 hoc
441 4227 509 4265 vero
528 4208 577 4265 ills
595 4211 632 4263 ad
644 4207 717 4279 ch.
730 4209 811 4263 Proo.
828 4226 858 4280 p.
872 4205 932 4260 760.
945 4207 974 4261 b.
992 4207 1024 4265 T.
1039 4211 1075 4268 11.
1093 4231 1129 4269 ex
1146 4211 1245 4270 dorico
1262 4217 1308 4278 ets

192 4292 253 4351 sire
270 4289 304 4359 ἅς
320 4304 412 4354 ortum
433 4295 537 4354 statuit
573 4294 666 4369 liujus
681 4293 763 4351 testis
782 4296 928 4377 comperet
945 4292 1047 4352 nullus.
