2736 4778
102 356 166 422 DE
183 353 311 423 ALIIS
335 351 574 423 SYNCOPAE
594 351 870 419 GENERIBUS.
894 350 991 419 011.
1006 356 1031 437 ξ.
1045 352 1074 416 1.
1097 354 1173 428 387

62 538 119 607 καί
147 538 259 623 ἕτερον
287 533 427 624 γράμμα
453 532 636 624 σύμφωνον
663 527 686 622 ἢ
715 534 775 603 καὶ
801 534 913 603 τελεία
941 534 1089 633 συλλαβὴ
1115 533 1175 601 καί

60 636 197 727 γράμμα
218 633 419 762 usurpares,
447 633 505 701 καί
532 639 629 703 τοῦτο
658 636 808 723 συγκοπὴ
835 628 978 721 λέγεται·
1010 634 1173 703 τοῦτοδὲ

61 738 188 826 γίνεται
212 740 246 806 ἐν
266 741 314 824 τῷ
337 729 506 823 ἐρῥεῖος
486 734 558 802 ani
580 739 639 804 τοῦ
664 733 845 823 εὐρέοντος,
867 724 946 803 ἐν
922 762 948 823 ῳ
968 735 1029 803 καὶ
1048 760 1173 824 napur-

61 839 151 929 θήκη
175 843 233 907 νοῦ
256 865 271 905 ι
293 835 417 923 γέγονε,
439 861 498 903 και
488 834 552 903 δν
573 862 621 924 τῳ
607 837 785 935 θίραπα
801 829 875 905 ant
892 833 1174 923 compascens,

64 937 149 1007 ἔνθα
168 938 271 1023 μέρος
293 937 460 1026 συλλαβῆς
482 929 639 1027 ἀφῃρέθη
667 938 707 1004 τὸ
735 964 772 1003 ον
797 937 968 1035 (adde—
918 936 977 1004 καί
999 932 1176 1024 σύμφωνον

64 1039 103 1106 τὸ
122 1047 166 1118 τ).
201 1032 267 1105 Ην
287 1037 350 1124 γὰρ
371 1043 467 1105 πᾶσα
489 1065 510 1124 η
498 1026 764 1125 (σολλαβὴ-
697 1064 763 1105 πον
793 1038 969 1106 scrihere
990 1058 1177 1124 συννοῆσαι

66 1141 150 1207 haee
170 1162 238 1205 non
262 1137 387 1224 syllaba
408 1148 459 1204 est
485 1137 544 1204 sed
567 1160 643 1224 pars
672 1139 817 1224 syllabae
847 1149 881 1206 et
908 1161 1063 1206 consona.
1107 1140 1177 1207 sed

65 1241 215 1306 fallitur
204 1264 241 1306 m
262 1251 342 1306 toto.
384 1239 471 1305 Nam
491 1240 654 1325 genitivus
686 1241 741 1307 ille
770 1255 900 1309 areeto
927 1237 1044 1331 εὖριής
1073 1241 1174 1307 deeli-

65 1353 161 1409 natus
189 1357 239 1407 est
257 1340 377 1406 Parall.
403 1340 477 1406 235.
505 1343 707 1408 aecusativus
731 1365 751 1408 a
774 1344 895 1433 θίραψ
917 1342 1043 1410 Teohn.
1068 1343 1121 1408 65.
1143 1355 1176 1408 et

66 1447 138 1511 132.
183 1443 317 1531 Syllaba
346 1464 430 1527 quae
458 1441 499 1507 ab
521 1443 577 1508 illo
606 1454 740 1509 vocatur
766 1442 892 1524 τελεία,
928 1467 1004 1511 eum
1032 1466 1177 1512 consona

64 1545 293 1631 subsequentis
324 1543 455 1610 sublata
475 1544 604 1610 videtur
623 1545 659 1611 in
682 1546 815 1612 nomine
834 1542 978 1628 λαχμός,
1013 1568 1078 1630 quo
1102 1548 1175 1612 An·

65 1650 223 1718 timaohus
247 1670 327 1713 usus
352 1656 403 1712 est
424 1668 485 1732 pro
499 1642 691 1730 λακιιομός,
713 1646 933 1734 inpartieipio
950 1645 1063 1727 λα’ξας,
1087 1651 1177 1734 quod

65 1751 176 1820 Sohol.
195 1751 279 1835 Lye.
297 1749 369 1815 137.
392 1748 622 1833 interpretatur
641 1745 810 1827 λακτίσας,
835 1761 868 1815 et
886 1749 1046 1815 infinitivo
1056 1751 1177 1830 Λάξσι

66 1849 222 1919 λακτίσαι
250 1852 334 1916 Hes.
362 1850 421 1915 sed
449 1847 516 1912 veri
546 1848 682 1915 similius
715 1861 765 1916 est
793 1850 875 1916 haee
907 1850 948 1917 ab
976 1852 1051 1938 ipsa
1076 1853 1177 1939 stirpo

67 1953 212 2017 derivata
237 1974 310 2017 esse
339 1972 423 2036 quae
451 1960 590 2035 apparet
621 1949 656 2013 in
678 1946 821 2037 lu'yopv,
855 1946 930 2029 λάξ,
958 1953 1178 2038 λακπατήαας

66 2053 186 2118 Parall.
215 2052 267 2117 97.
310 2052 363 2118 Ex
397 2072 437 2115 eo
467 2050 557 2134 quod
586 2049 733 2116 Galenus
759 2050 839 2115 dicit
864 2050 906 2114 de
931 2051 1058 2116 Facult.
1085 2054 1177 2119 Med.

68 2154 184 2240 Simpl.
205 2154 285 2221 VH.
304 2154 358 2219 43.
382 2175 415 2238 p.
437 2149 490 2216 36.
502 2149 543 2213 Τ.
565 2149 650 2214 XII.
673 2145 705 2216 οί
719 2151 862 2216 παλαιοί
875 2147 1030 2238 Ἕλληνες
1045 2151 1178 2236 κορίαν-

67 2281 123 2320 νον
134 2255 167 2338 ²)
195 2254 361 2331 καλοῦσιν,
386 2247 418 2318 oi
440 2247 595 2333 νεώιεροι
617 2247 655 2315 δὲ
676 2244 806 2334 κόριον,
826 2250 960 2315 forsitan
982 2251 1099 2337 aliquis
1122 2278 1178 2319 su·

70 2355 213 2441 spicatur
231 2354 294 2419 hoe
318 2352 448 2418 brevius
470 2373 606 2427 nomen,
636 2372 701 2434 quo
718 2351 790 2434 jam
810 2351 977 2418 Nicander
996 2355 1111 2433 utitur,
1138 2380 1179 2421 ex

69 2457 124 2521 illo
159 2463 408 2540 coangustatum
440 2475 513 2518 esse
543 2451 649 2519 recisa
680 2452 805 2538 syllaba
826 2442 879 2520 ἀἶ
914 2472 948 2519 οι
978 2445 1178 2524 consona}

67 2548 200 2622 Litorae
218 2543 278 2642 {ff
299 2554 437 2622 omissae
460 2553 589 2619 suntin
608 2553 816 2639 συρίμβολος
837 2556 872 2620 id
895 2567 944 2620 est
960 2559 1179 2644 σοριγγίμβο-

68 2659 135 2737 λος,
160 2658 219 2723 sed
241 2655 306 2722 hoo
328 2656 519 2723 Eustathius
540 2655 614 2742 ipse
635 2654 746 2722 idiotis
768 2657 913 2742 assignat
937 2657 1010 2735 664,
1031 2659 1083 2725 42.
1113 2661 1181 2727 Cur

68 2759 263 2846 Xenophon
285 2759 420 2843 ejusque
441 2757 584 2822 imitator
593 2757 753 2822 Arrianus
763 2758 962 2845 Amphionis
984 2761 1179 2848 sepulcrum,

68 2861 160 2946 quod
183 2854 398 2947 Ἀμφιονεῖον
422 2859 596 2923 dicendum
622 2870 706 2936 erat,
735 2855 898 2947 Ἀμφεῖον
924 2865 1088 2928 vocaverit
1112 2889 1180 2934 non

68 2971 136 3025 tam
157 2982 324 3048 syncopae
347 2959 573 3045 imputandum
595 2969 645 3024 est
673 2981 771 3044 quam
798 2960 974 3049 reversioni
996 2963 1039 3027 ad
1059 2966 1180 3050 prinoi-

69 3063 163 3150 pium
192 3055 295 3149 ἀμφί,
329 3061 417 3126 unde
439 3053 578 3147 Ἄμφις,
603 3054 749 3145 Ἄμφιος
779 3067 812 3121 et
834 3051 982 3144 Ἀμφίας
1012 3081 1183 3133 manarunt

69 3163 227 3252 prosodia
249 3163 390 3239 diversa,
415 3162 590 3247 ipsumque
612 3151 766 3244 Ἀμφίων
795 3180 837 3222 ex
858 3156 1082 3230 Choerobosei
1106 3190 1181 3234 sen-

69 3264 172 3330 tentia
195 3262 292 3330 Orth.
316 3262 387 3328 168.
408 3283 482 3326 cum
504 3252 861 3346 νοιοοοίοοᾌμφιεῖον,
884 3262 974 3345 quod
995 3263 1028 3329 in
1041 3259 1181 3357 Ἀμαρῖ-

71 3389 108 3431 ον
131 3364 229 3429 cessit
251 3372 288 3428 ut
307 3368 461 3446 ταμιεῖον
485 3362 519 3427 in
540 3366 687 3445 ταμεῖον.
721 3361 816 3443 Quae
838 3375 1018 3446 sequuntur
1034 3372 1183 3457 exempla

70 3465 133 3530 hoo
155 3466 239 3531 inter
261 3486 297 3530 se
321 3487 490 3530 commune
512 3463 633 3528 habent
654 3463 744 3548 quod
755 3484 901 3529 consona
915 3478 949 3528 et
959 3466 1183 3553 circumjectae

70 3565 224 3649 utrinque
253 3565 383 3631 vocales
412 3565 578 3630 effluxisse
604 3565 764 3630 dicuntur.
806 3564 954 3630 Primum
973 3554 1036 3634 a]
1053 3572 1094 3637 (le
1116 3596 1181 3660 quo

71 3667 183 3734 Schol.
214 3667 317 3733 Dion.
340 3666 484 3733 Gramm.
506 3666 585 3743 942,
607 3666 660 3731 20.
682 3667 721 3730 σίν
749 3663 802 3743 δίς
826 3666 885 3733 καὶ
911 3668 983 3753 τρίς
1010 3674 1181 3744 stlattaria·

68 3766 107 3833 τὸ
131 3768 194 3852 γὰρ
219 3763 345 3845 ὁσάκις.
358 3765 416 3832 καὶ
436 3763 568 3852 τριάκις
587 3760 670 3851 παρ’
687 3760 931 3855 Ἀριστοφάνει.
963 3771 1057 3837 Haec
1075 3789 1184 3841 autem

70 3867 233 3933 sententia
254 3891 277 3933 a
297 3868 477 3954 Tryphone
510 3868 728 3953 proseminata
756 3878 822 3947 est,
851 3890 948 3954 quem
979 3873 1182 3958 subsequens

69 3969 270 4055 Apollonius
294 3970 336 4035 de
356 3969 444 4035 Adv.
465 3967 545 4046 4356,
568 3969 620 4035 34.
641 3968 686 4033 ita
707 3969 866 4057 disputat:
893 3971 1046 4037 adverbia
1067 3996 1183 4040 mono·

70 4124 406 4136 ——n———n—-u

93 4218 100 4225 ·
141 4206 170 4274 1)
185 4206 381 4279 scriptumest
393 4210 534 4276 κορίανον,
548 4206 625 4274 quod
638 4203 661 4256 si
672 4203 832 4268 retinemus,
846 4203 1005 4275 exemplum
1012 4206 1067 4260 hoe
1078 4208 1115 4261 ad
1123 4207 1183 4264 C.l

70 4291 202 4362 pertinet.

911 4372 973 4439 25*
