2736 4778
197 336 261 408 nn
281 337 554 409 Pnsnunnm
572 336 635 404 ur
659 334 933 407 sonnium
955 335 1037 408 ou
1059 339 1085 426 s.
1101 336 1133 407 ε.
1156 340 1230 416 scs

123 524 281 614 πολίτης,
307 518 449 610 ’Ἀρειος
482 517 590 609 πόγος
618 517 944 610 Ἀρειοπαγέτηςίί).
1003 524 1089 591 Tum
1119 547 1230 592 mrsus

122 627 176 692 ille
198 628 269 691 infit
294 625 457 712 synthesis
480 634 708 712 propugnator
730 616 800 690 ἀπὸ
814 620 873 690 dio
889 625 1058 704 λέξεων-
1071 618 1233 694 οὐδέποτε

121 725 248 813 γίνεται
276 720 475 812 παραγωγή,
512 726 571 791 sed
599 725 653 791 hic
686 724 807 791 excidit
834 723 1015 811 syllogismi
1049 725 1232 792 conclusio:

123 824 154 894 εἷ
184 820 240 894 οὖν
267 826 340 893 ἐστι
369 826 588 916 Διοςκορίόης
616 825 673 892 ναὶ
697 821 921 911 Διοςκουριός
953 824 1011 891 καὶ
1037 820 1237 912 Διοςκόριος

123 923 336 1013 παρόγωγον,
361 926 462 1014 δῆλον
479 923 531 993 ότι
552 926 589 992 τό
603 922 787 1012 Διόςκορος
809 919 867 991 οὐκ
887 924 921 991 ἐν
937 926 1128 1011 παραθέσει
1147 922 1236 993 ἐστὶν

127 1020 200 1096 ἀλλ’
226 1027 260 1093 ἐν
277 1024 441 1093 συνθέσει.
471 1029 595 1096 Verum
618 1027 681 1093 hoc
698 1027 839 1093 refutant
858 1027 1009 1114 exempla
1021 1028 1112 1115 prius
1129 1027 1234 1092 allata.

126 1127 293 1195 Continuo
320 1122 572 1195 subdit-cide*
597 1123 779 1210 τεμενικόν·
808 1124 839 1196 εἰ
871 1120 929 1196 οὖν
957 1127 995 1196 τό
1019 1133 1236 1215 Διοςκορεῒον

123 1225 302 1312 τεμενιιιόν,
325 1227 425 1317 δῆλον
445 1225 500 1295 ὅτι
520 1223 559 1297 οὔ
581 1225 739 1319 παρήχθη
763 1225 831 1296 ἀπὸ
854 1224 914 1295 δύο
933 1228 1053 1309 λέξεων
1073 1229 1108 1296 ἐν
1122 1253 1234 1313 παρα-

124 1328 225 1397 θέσει
251 1321 364 1395 οόσῶν.
409 1319 502 1417 ’Ἆρα
528 1321 586 1397 οὖν
617 1327 656 1395 τό
693 1325 876 1415 Διόςκορος
904 1327 938 1395 ἐν
968 1328 1124 1397 συνθέσει
1152 1327 1233 1396 ἐστι’.
1346 1338 1348 1343 “

127 1430 196 1498 Sed
218 1428 271 1494 hic
291 1449 423 1514 quoque
444 1439 522 1516 post
547 1424 717 1513 τεμενικόυ
739 1429 863 1515 aliquid
884 1431 977 1496 deest
995 1428 1235 1515 hujusmodi-

129 1524 206 1598 ἀλλ’
228 1523 249 1619 ἢ
271 1524 339 1598 ἀπὸ
361 1525 480 1596 ἁπλῶν
502 1524 548 1608 ὥς
572 1528 753 1609 Θετίδειον,
775 1529 952 1611 Λίακεῖον,
975 1524 996 1620 ἢ
1018 1527 1090 1597 ἀπό
1113 1533 1232 1596 συνθέ-

125 1656 191 1697 των
212 1623 283 1698 οἷον
296 1624 558 1718 Ἀμφιαρόειον,
576 1625 823 1709 ζΙππολότειου,
847 1632 1113 1719 Κλεοπάτρειον,
1131 1624 1234 1714 Ὁμο-

122 1735 240 1808 υοεῖον,
266 1732 527 1818 Θεσμοφορεῖον.
573 1733 704 1817 Quibus
726 1733 754 1799 si
783 1734 837 1799 ille
858 1757 919 1821 pro
946 1742 1136 1820 argumento
1156 1754 1235 1797 usus

125 1842 191 1911 est,
226 1853 341 1920 parum
374 1830 511 1897 attendit
533 1827 748 1923 Ἀμφιάραος
782 1845 814 1900 et
841 1845 949 1902 cetera
979 1836 1025 1901 ita
1055 1834 1237 1922 composita

125 1956 198 2000 esse
219 1944 257 1999 ut
279 1933 414 1999 dissolvi
435 1934 525 1999 nullo
549 1935 647 2000 modo
671 1936 816 2022 possint,
845 1933 1028 2023 Διόςκορος
1050 1947 1157 2001 autem
1181 1956 1236 2001 ac·

126 2045 255 2100 centum
284 2034 391 2100 solum
415 2034 556 2121 syntheti
576 2037 697 2102 habere
726 2059 765 2103 ac
790 2060 832 2102 ne
857 2035 983 2102 dehoc
1011 2037 1143 2121 quidem
1166 2058 1237 2100 cm·

125 2159 185 2201 nes
215 2137 407 2203 consentire.
451 2137 554 2202 Aliud
581 2137 677 2222 hujus
707 2138 829 2203 formae
858 2137 1052 2202 temenicum
1081 2136 1238 2222 cognovi·

124 2261 198 2303 mus
221 2239 345 2303 nullum
373 2249 503 2325 praeter
529 2235 727 2319 Λεωκόριον
751 2239 810 2304 sed
832 2237 868 2303 id
896 2260 1028 2324 quoque
1060 2260 1080 2302 a
1108 2237 1237 2303 duobus

125 2341 261 2426 integris
287 2338 370 2406 Λειὸ
399 2333 498 2425 κόραι
521 2338 700 2404 derivatum
734 2340 861 2405 dicitur.
914 2341 1131 2428 Apertissime
1158 2360 1236 2405 vero

126 2436 336 2528 Δισωτόριον
369 2448 403 2506 et
439 2439 597 2507 solemnia
627 2435 799 2507 Διπόλεια
833 2440 979 2529 pendent
1012 2464 1053 2506 ex
1087 2440 1238 2527 genitivis

125 2541 213 2618 Διός
235 2545 392 2628 σωτῆρος,
414 2541 500 2620 Διὸς
522 2543 661 2620 πολιαῖς,
685 2564 770 2627 quae
782 2566 948 2630 nunquam
966 2542 1100 2630 hyphen
1119 2543 1240 2629 scriptu

127 2651 213 2707 sunt.
256 2641 373 2728 Itaque
387 2639 571 2731 Διόςκορος
590 2641 624 2708 in
649 2643 839 2731 parathesin
859 2643 1131 2721 transscribimus,
1152 2638 1238 2711 Διό-

126 2766 227 2828 κορος
248 2742 353 2808 sicubi
377 2744 540 2831 legeretur
564 2746 740 2830 syntheton
762 2746 827 2812 dici
849 2757 1014 2834 oporteret
1028 2756 1065 2811 ut
1074 2740 1237 2820 Actiacis,

132 2839 358 2927 Οένρανόπαις,
376 2845 623 2931 Ταρταρόπαις,
647 2839 861 2932 όρνιθόπαις,
884 2845 1137 2922 θαλασσόπαις.
1171 2843 1240 2911 Sed

127 2954 242 3009 notum
266 2954 316 3009 est
342 2941 529 3024 Διόπολις,
558 2945 648 3030 quod
680 2946 778 3010 etiam
798 2943 984 3022 Διόςπολις
1012 2943 1162 3010 scribitur
1189 2942 1241 3006 vel

126 3045 162 3109 in
185 3044 318 3109 diastasi
346 3045 433 3122 Διὸς
459 3041 576 3121 πόλις·
608 3045 643 3108 id
669 3046 755 3110 enim
781 3045 996 3132 complurium
1023 3045 1151 3110 urbium
1178 3064 1239 3108 no·

127 3166 204 3211 men
223 3144 284 3210 luit
303 3145 483 3233 proprium.
528 3144 565 3211 Si
585 3165 662 3210 vero
680 3144 761 3210 Pisa
782 3145 916 3211 honoris
939 3166 1038 3211 causa
1059 3144 1242 3232 appellatur

127 3242 258 3333 ἡΔιός
280 3244 381 3324 πόλις
401 3246 528 3311 Himer.
558 3246 619 3313 Or.
641 3247 683 3313 V.
708 3247 745 3324 2,
774 3246 848 3312 474.
878 3270 916 3312 ea
943 3269 1051 3332 neque
1078 3245 1239 3332 synthesis

132 3357 183 3412 est
202 3368 310 3431 neque
339 3346 519 3433 parathesis
547 3346 607 3412 sed
630 3368 719 3412 mera
747 3343 955 3435 syntaiisst)
978 3360 1015 3414 ut
1034 3347 1120 3426 Διός
1148 3341 1241 3437 αὐλή.

128 3449 215 3516 Sunt
233 3468 309 3511 vero
332 3448 430 3512 etiam
451 3448 647 3535 appellativa
667 3470 741 3514 cum
763 3451 880 3517 eodem
896 3450 1038 3536 genitivo
1055 3450 1241 3516 consociata

128 3571 216 3614 nunc
238 3558 396 3626 conserto,
418 3571 505 3613 nunc
527 3572 638 3614 secus:
664 3552 750 3627 Διός
772 3544 878 3628 ἄνθος
900 3552 1010 3618 Nonn.
1028 3552 1144 3619 XXV.
1165 3551 1239 3617 527.

129 3648 298 3737 Theophr.
328 3650 374 3714 H.
394 3650 445 3715 Pl.
476 3651 594 3729 V1.1‚
626 3653 654 3716 1.
686 3664 718 3716 et
746 3652 966 3739 compluribus
995 3653 1091 3733 locis,
1122 3654 1240 3740 quibus

200 3856 244 3922 lt)
260 3854 306 3910 Sic
322 3853 406 3909 etiam
419 3853 592 3926 Stephanum
603 3853 761 3928 scripssisse
772 3862 842 3928 puto
855 3860 991 3932 Κυχρεῖος
1006 3854 1096 3930 πάγος
1107 3861 1241 3928 Κοχρειο·

128 3946 257 4012 παγέτης,
272 3959 328 3994 non
341 3944 576 4010 Κυχρεοοαγίιης.

200 4028 245 4095 ts)
259 4026 322 4081 Hoc
336 4024 446 4081 nomine
466 4027 552 4080 utitur
571 4027 635 4080 Sch.
654 4026 740 4082 Arist.
760 4027 853 4081 ltann.
876 4030 935 4081 5⁴9.
957 4025 1011 4081 dud
1027 4023 1180 4088 συντάξεως
1200 4025 1242 4095 (in

131 4113 206 4166 Gud.
221 4115 280 4176 lid,
292 4114 335 4166 22.
348 4111 420 4166 male
439 4116 575 4167 συνθέτου
589 4106 698 4180 τάξεως)
711 4109 832 4185 ὀνόματα
846 4117 960 4182 γίνεται,
974 4109 1065 4172 Καλός
1077 4114 1123 4164 καὶ
1136 4108 1242 4180 ἀγαθός

131 4201 339 4268 καλοκαγαθία,
362 4203 440 4257 θεοῖς
462 4193 561 4268 ἐχθρός
584 4203 743 4268 θεοεχθρίυ.
778 4197 833 4251 llic
859 4191 982 4256 σύνταξις
1003 4215 1059 4251 non
1078 4197 1238 4271 parathesis

132 4282 280 4356 significat,
294 4285 330 4339 de
343 4300 400 4363 qus
411 4282 457 4341 hic
470 4281 619 4361 loquimur,
632 4284 800 4346 seductam
813 4283 970 4344 συνέπεισε.
