2736 4778
123 278 201 350 raa
462 251 805 357 ψεύσοιντο
840 269 868 334 1.

121 439 210 515 cies,
232 456 452 514 communem,
480 437 655 522 poeticam,
681 436 839 513 ionicam;
871 435 928 504 καὶ
957 431 1072 522 ἶωνικι)
1101 434 1162 517 μὲν
1191 430 1238 515 ὥς

124 537 164 605 τὸ
190 533 339 619 κεκᾶμιιι,
367 535 459 622 καινὴ
486 535 522 602 δὲ
553 533 587 605 ἒν
608 541 655 623 τῷ
678 538 840 622 τέθνηκα,
873 535 1032 623 ποιητικὴ
1061 534 1098 602 δὲ
1127 532 1161 601 ἒν
1189 539 1238 620 τῷ

127 636 253 716 ἐλέλιξε
273 636 329 702 καὶ
345 634 729 723 προπροκυλινδόμενος.
763 637 835 703 Nos
853 635 990 702 totidem
1007 634 1160 721 ponimus
1177 655 1237 720 ge·

124 758 205 802 nera
226 735 286 800 sed
302 734 488 801 nominibus
512 736 664 815 diversis3
686 760 787 803 unum
804 735 992 824 temporale,
1012 757 1078 821 quo
1091 746 1240 823 tempora

126 835 217 902 verbi
240 835 496 922 distinguuntur,
519 837 654 903 alterum
673 838 716 902 ad
739 838 967 904 formationem
987 836 1154 923 pertinens
1176 857 1237 900 no·

127 936 250 1002 minum
271 935 518 1022 verborumque,
539 939 669 1003 tertium
689 939 889 1005 imitativum.
932 937 1044 1002 Primo
1062 959 1103 1001 ex
1119 956 1239 1022 genere

128 1047 192 1102 tres
222 1058 400 1123 suspensae
429 1049 505 1102 sunt
531 1039 675 1124 species,
713 1063 779 1105 uua
808 1038 994 1105 necessaria
1022 1034 1239 1121 omnibusque

128 1158 247 1223 graece
276 1137 484 1222 loquentibus
512 1140 691 1205 communis
724 1143 866 1227 ιε’τιφα,
900 1136 1107 1217 τετύφομαι,
1140 1136 1240 1204 altera

129 1248 301 1324 poetarum
313 1238 480 1324 epicorum
490 1238 604 1305 usibus
618 1241 873 1316 accommodata,
886 1238 939 1303 cui
952 1237 1151 1305 domicilium
1159 1258 1238 1325 pro·

130 1339 238 1426 prium
257 1338 291 1402 in
312 1339 432 1406 aoristo
461 1343 604 1407 secundo
631 1354 664 1409 et
691 1341 798 1406 futuro
824 1339 900 1404 hino
927 1348 1110 1425 propagato
1136 1337 1240 1406 πέπι-

129 1435 246 1524 θήσιο,
268 1440 362 1504 tertia
382 1440 489 1507 verbis
511 1443 626 1529 priscis
649 1454 682 1508 ot
700 1440 838 1529 poeticis
861 1439 1031 1516 adstricta,
1061 1459 1144 1524 quae
1167 1436 1236 1523 qui·

130 1538 192 1605 bus
215 1540 314 1605 semel
341 1539 491 1608 adhaesit
521 1565 689 1628 nunquam
718 1541 897 1607 detrahitur
919 1535 1072 1629 ἤπαφον,
1104 1530 1239 1624 ἤραρον,

132 1651 165 1706 et
190 1661 290 1726 saepe
318 1641 415 1706 etiam
441 1644 484 1707 ad
507 1644 651 1708 derivata
679 1641 839 1708 transfluit
862 1636 1036 1728 ἀκαχήατο,
1065 1634 1240 1726 ἇκαχῆσαι,

131 1733 283 1821 ἇκαχύνω
304 1740 491 1806 Antimach.
513 1744 568 1808 Fr.
591 1743 718 1811 CVIII.
741 1767 770 1807 v.
794 1738 1036 1808 Technol.239.
1057 1731 1240 1824 ἆραρίσκω,

133 1833 332 1926 αἰπαφίσιιιο,
354 1852 471 1909 cetera.
515 1844 609 1910 Haec
630 1841 711 1908 nihil
732 1843 856 1930 negotii
875 1841 1055 1916 facessunt,
1085 1839 1146 1905 sed
1167 1838 1240 1925 plu·

132 1938 248 2002 rimum
269 1939 324 2004 illa
348 1963 431 2026 quae
453 1966 473 2007 a
495 1965 640 2009 consona
662 1943 817 2009 oriuntur.
855 1945 984 2007 Horum
1007 1961 1083 2026 pars
1103 1939 1242 2005 maxima

133 2039 173 2104 ab
206 2040 390 2127 anadiplosi
420 2042 588 2121 abhorret3
624 2067 792 2130 nunquam
830 2043 915 2107 enim
949 2041 1068 2126 legitur
1096 2040 1241 2116 λὲλιπον,

132 2141 288 2224 λέλαβον,
314 2143 473 2227 distrios,
503 2147 650 2224 τέτεκον,
690 2148 865 2221 πέπαδον,
897 2141 1054 2219 cloacas,
1083 2141 1242 2227 πέφυγον.

132 2238 320 2322 ἕκτέταμον,
343 2239 533 2329 ἓκτέδορον,
557 2243 618 2309 etsi
639 2243 720 2309 haec
742 2244 851 2310 omnia
874 2241 1039 2306 nonnullis
1060 2239 1142 2304 locis
1163 2238 1243 2326 poni

132 2349 299 2424 poterant,
329 2340 416 2405 velut
444 2334 564 2424 ἄλοχον
594 2369 629 2410 τε
658 2345 758 2433 φίλην
785 2342 902 2411 ἔλιπον
929 2342 968 2406 Il.
992 2343 1034 2408 V.
1054 2339 1128 2405 480.
1158 2336 1242 2405 ὑπο-

133 2442 318 2527 κι·σσαμε’νη
342 2436 454 2508 ἔτεκον
480 2442 564 2507 ΧΧ.
587 2444 659 2508 225.
689 2448 744 2509 νύν
772 2441 891 2532 ἔφαγες
918 2443 983 2507 ΧΙ.
1006 2440 1080 2507 362.
1102 2438 1243 2524 ἐτραφέ-

131 2565 189 2625 την
207 2541 241 2606 in
263 2541 424 2630 principio
446 2566 558 2608 versus
579 2545 621 2611 V.
647 2541 719 2608 555.
750 2541 826 2609 ἐπεὶ
855 2537 912 2609 ούν
935 2540 1060 2625 ἔκαμον
1082 2540 1143 2607 IV.
1169 2538 1242 2604 244.

131 2652 192 2706 ete.
235 2642 290 2708 De
313 2642 441 2708 duobus
463 2644 637 2730 postremis
665 2641 813 2710 nonnihil
836 2641 1051 2708 dubitationis
1071 2638 1148 2716 tutu
1180 2635 1244 2706 πό-

133 2765 230 2827 τερον
257 2739 434 2834 κεκύμιοῆ
463 2744 480 2812 ὁ
505 2732 541 2812 {t}
571 2741 752 2827 σύνδεσμος
774 2743 844 2811 ἐστι
870 2742 998 2808 Anecd.
1023 2741 1128 2809 Beldr.
1151 2740 1244 2805 1158.

134 2842 194 2906 sed
215 2841 425 2908 Aristarchus
449 2847 484 2909 in
510 2846 550 2910 Il.
573 2845 601 2909 Ι.
633 2844 704 2910 168.
734 2843 865 2931 scripsit
887 2843 964 2912 ἐπεί
990 2869 1028 2912 κε
1055 2840 1166 2925 κάμω,
1191 2840 1246 2907 ἵνα

129 2940 175 3031 μὴ
207 2933 230 3033 ᾖ
259 2944 509 3031 διπλασιασμὸς
534 2945 568 3013 ἐν
593 2948 642 3032 τῷ
669 2942 793 3033 ῥύμασι
826 2956 859 3009 et
888 2944 1011 3031 pariter
1040 2943 1141 3008 altero
1171 2942 1245 3007 loco

121 3042 211 3110 'VIL
229 3042 260 3109 5.
292 3036 332 3109 In
351 3045 390 3110 Il.
406 3046 507 3113 XXI.
525 3046 598 3115 279.
618 3046 828 3112 Herodianus
845 3045 941 3112 unice
957 3043 1108 3131 probarit
1125 3037 1243 3131 ἔτραφ’

131 3139 270 3233 ἄριστος
305 3141 364 3229 σιἰχ
396 3145 442 3227 ὡς
475 3147 508 3217 oi
542 3149 664 3218 πολλοὶ
694 3140 834 3236 τέτραφ’
870 3157 903 3212 et
933 3145 968 3210 iu
999 3145 1043 3210 L.
1069 3143 1147 3211 VII.
1175 3141 1246 3207 199.

133 3248 290 3334 γενέσθαι
312 3272 348 3313 τε
372 3251 540 3339 τραφέμεν
563 3274 598 3315 τε
620 3248 711 3335 prius
732 3248 866 3315 verbum
889 3246 1064 3336 dupliciter
1085 3243 1157 3310 acui
1172 3244 1246 3328 jus·

134 3347 176 3410 sit
199 3346 344 3432 quamvis
376 3349 591 3432 spondiacum
618 3350 876 3434 (paroxytonon)
907 3345 1067 3434 γενέσθαί
1093 3342 1248 3412 σε-ἵνα

134 3443 328 3533 ε’κφύγωμεν
351 3445 409 3514 τὸν
440 3449 691 3531 διπλασιασμὸν
720 3452 781 3514 τού
813 3446 976 3536 ῥύματος,
1014 3447 1098 3532 λέγω
1126 3447 1162 3514 δὲ
1187 3449 1248 3512 τοῦ

134 3544 355 3632 τιτροφέμεν,
381 3548 472 3633 quod
498 3549 532 3614 in
555 3546 719 3615 nonnullis
748 3546 839 3612 libris
861 3547 1023 3613 invenitur
1052 3545 1110 3612 sed
1134 3556 1248 3611 contra

133 3663 258 3707 morem
277 3644 465 3727 verborum,
493 3654 578 3736 qu'ae
609 3650 689 3717 duas
713 3648 748 3715 in
777 3650 912 3716 exordio
942 3670 1105 3715 consonas
1127 3644 1250 3712 habent

136 3739 290 3826 ἔδραθεν,
314 3743 467 3830 ἔδραμεν,
489 3747 613 3830 ἔκτανε,
638 3745 812 3836 δτρᾶπεοσ,
833 3773 908 3815 nam
930 3749 1013 3818 haec
1030 3747 1249 3835 anadiplosin,

133 3865 233 3928 quam
254 3864 366 3910 versus
395 3868 495 3936 saepe
519 3852 678 3930 admittit,
707 3872 776 3916 non
803 3851 976 3938 recipiunt
987 3855 1017 3928 ⁸)
1062 3850 1149 3918 Sunt
1171 3869 1249 3915 vero

202 4013 231 4082 3)
246 4014 341 4071 Schol.
363 4016 398 4071 A.
418 4016 456 4071 ad
466 4016 500 4072 ll.
520 4017 573 4073 ΧΙ.
595 4021 652 4074 tlt.
675 4018 691 4088 ἡ
715 4021 799 4087 διπλῆ
816 4015 856 4074 ὅτι
876 4014 991 4074 δύναται
1008 4016 1078 4072 κατὰ
1101 4012 1249 4085 διαστολὴν

133 4099 375 4171 ἀναγινώσκεσθαι
391 4108 489 4177 εἴπερ
508 4123 543 4160 τε
563 4101 689 4180 τύχῃσι
712 4109 758 4160 καὶ
776 4101 940 4178 τειύχῃσι
962 4100 1000 4164 ὥς
1017 4097 1161 4172 λελάχωσι.
1180 4101 1247 4157 Scit.

129 4185 203 4239 Vict.
220 4188 323 4244 v11.o.
345 4194 377 4247 lv
397 4197 453 4254 τοῖς
473 4186 605 4252 τοιούτοις
622 4194 731 4260 μᾶλλον
752 4194 778 4245 ol
793 4187 945 4261 σύνδεσμοι
966 4190 1160 4259 ἐπικρατοῦσιν
1177 4183 1247 4261 ἥπερ
