2736 4778
162 318 231 385 DE
248 316 521 385 PARATHESI
539 316 601 383 ΕΤ
620 316 896 385 solthwRA.
920 316 960 384 C.
975 319 1037 386 IV.
1055 323 1081 405 ι.
1097 320 1127 385 8.
1150 326 1225 401 623

105 500 199 569 ditur
216 500 453 567 interventione
480 501 588 589 poetis
610 500 725 567 crebra
752 499 810 566 σὺν
829 499 959 578 τέκνοις
983 495 1044 585 ἅμ’
1074 498 1226 594 ἑσπόμην

105 602 190 669 Eur.
216 600 311 669 Med.
340 603 435 669 1134.
469 602 528 671 σιν
555 602 630 685 ἐμὶν
655 599 726 687 ἅμα
755 601 906 695 Theocr3
924 600 990 667 XI.
1019 602 1071 668 65.
1099 603 1159 673 σὺν
1188 602 1224 671 d’

106 696 182 787 ἅμα
210 701 316 769 Anth.
336 704 399 773 IV.
429 704 464 781 1,
491 703 545 769 27.
573 701 716 789 ideoque
746 726 768 769 a
792 700 945 769 Bekkero
975 716 1158 781 correctum
1177 717 1227 773 est

108 798 253 887 strupo.
277 804 347 871 Pro
369 800 419 883 εις
446 803 518 889 ἅμα
545 802 688 869 Theocr.
708 803 793 869 XX
821 802 874 870 89.
899 804 992 889 cqius
1022 827 1227 893 consponsor

106 902 230 983 noum,
250 892 400 971 nonnulli
420 900 470 985 εἷς
491 903 549 971 ι’να
571 902 624 971 vel
645 900 694 983 εἷς
715 904 750 971 ἓν
771 904 870 971 scribi
884 905 1005 991 jubent
1011 931 1022 985 ;
1042 908 1153 975 notius
1176 918 1227 975 est

107 998 158 1131 ιιγἶ
181 1000 234 1073 tut
252 1004 330 1093 i.q.
350 1000 487 1091 tipicis.
499 1004 636 1075 Jacobs.
658 1005 701 1070 ad
722 1004 827 1073 Anth.
839 1008 881 1086 V,
902 1007 977 1086 293,
999 1008 1049 1075 12.

152 1104 222 1193 ¹7.
244 1106 276 1173 7.
317 1106 531 1173 Accentus
520 1130 556 1171 m
584 1106 647 1171 hac
676 1116 745 1174 tota
778 1130 878 1175 causa
911 1120 1076 1178 momenta
1106 1110 1226 1198 exigua

107 1186 196 1283 ὧι.
238 1206 356 1277 Nam
346 1232 382 1273 m
402 1206 562 1327 spmthetis
585 1206 718 1293 quidem
744 1207 918 1275 retrahitur
938 1232 980 1277 cx
1000 1211 1114 1299 regula
1134 1233 1225 1279 com-

105 1306 217 1395 muni:
237 1302 393 1397 σύνιγγις
412 1307 499 1377 κοιὰ
519 1302 686 1391 πρόθεσιν
706 1307 917 1394 συγκείμενον
930 1308 1227 1399 προπαροξίνειαι

107 1390 263 1501 Theogn.
286 1406 368 1477 Can.
394 1409 465 1475 164.
491 1430 652 1495 persaepe
677 1418 787 1474 autem
813 1410 922 1475 locum
949 1435 1016 1476 non
1044 1422 1148 1477 mutat
1169 1424 1227 1479 aut

107 1510 191 1623 qnia
207 1511 412 1601 praepositio
440 1509 602 1589 abundat,
631 1532 698 1595 qua
725 1509 850 1575 ratione
878 1510 995 1577 ductus
1024 1512 1225 1600 Apollonius

104 1598 191 1703 696.
205 1606 342 1703 bonde
362 1613 480 1679 eodem
498 1623 577 1677 tono
599 1633 666 1697 quo
688 1635 788 1697 onoc
798 1611 979 1677 notandum
990 1623 1095 1699 putat,
1117 1616 1224 1683 Joan-

106 1734 194 1797 nes
190 1733 268 1781 vero
291 1712 525 1801 38.Ep1m.1
547 1712 622 1779 344.
644 1723 677 1777 et
696 1711 882 1799 Moschop..
894 1713 1015 1781 Sched
1038 1714 1089 1781 19.
1107 1737 1223 1783 accen·

105 1824 180 1901 tqm
197 1812 233 1879 in
253 1813 348 1879 tertia
368 1826 444 1879 ante
460 1811 611 1901 ,ultimam
639 1824 768 1901 ponunt
794 1813 959 1899 quomodo
986 1815 1085 1901 vulgo
1108 1828 1141 1883 et
1161 1816 1225 1885 hoo

107 1904 262 1985 scribitur
282 1924 315 1980 et
335 1912 575 2001 προςέναγχος,
611 1914 703 1999 quod
731 1915 830 1979 semel
857 1915 1023 1982 inventum
1050 1916 1207 1985 hahemus
1214 1942 1224 1997 3

107 2002 167 2083 aot
188 2013 268 2105 quia
288 2014 454 2081 character
475 2014 585 2080 obstat
610 2026 646 2079 ut
666 2016 875 2101 παραιτικο,
903 2012 1116 2099 παροιτόθι,
1148 2018 1224 2085 ἐπι-

106 2110 239 2199 σχεδόν,
259 2113 416 2205 drappis,
439 2112 632 2201 διαμπερές,
656 2108 839 2200 ἀποτηλοῦ,
862 2112 1069 2203 καταντικρύ,
1084 2140 1159 2183 nam
1176 2119 1225 2187 sic

107 2216 282 2283 terminato
310 2225 368 2281 aut
393 2216 539 2282 ultimam
567 2214 689 2281 habent
720 2224 848 2299 acutam
876 2228 933 2281 aut
958 2215 1089 2283 ultimae
1110 2220 1223 2306 proxi-

106 2338 214 2395 mam3
236 2316 347 2403 etqui
370 2308 498 2404 ἄπαρτι
519 2316 719 2405 scripserrmt
741 2317 880 2383 fortasse
901 2316 1086 2404 exemplum
1100 2320 1224 2387 serba-

106 2418 189 2487 lium
210 2416 329 2505 ἐγιριί,
353 2416 525 2507 ἐγρηγοριί
547 2428 607 2483 etc.
629 2418 759 2505 sequuti
781 2428 865 2483 sunt
909 2417 966 2485 Sic
989 2418 1085 2485 etiam
1106 2414 1227 2501 ἅνεκάς

107 2517 310 2621 Apollonius
331 2518 405 2584 570.
428 2517 470 2584 ab
490 2518 611 2585 Atticis
632 2510 764 2585 male’'
739 2543 861 2599 arsace
890 2517 989 2584 scribi
1015 2532 1223 2613 argumenta-

108 2632 162 2687 tur
183 2642 225 2701 ex
254 2619 428 2707 oxytonesi
453 2618 757 2707 homophonorum3
787 2619 867 2705 quin
889 2641 963 2685 cum
986 2614 1064 2701 ἑκάς
1087 2643 1224 2713 compo-

108 2722 209 2789 situm
228 2721 402 2809 putaverit,
425 2743 492 2788 non
515 2720 732 2788 dubitandum
756 2720 900 2797 ridetur,
929 2720 1005 2787 licet
1028 2722 1224 2809 significatio

108 2822 311 2909 aliquantum
335 2822 508 2909 discrepet.
551 2822 613 2889 llla
635 2833 742 2888 autem
765 2822 881 2887 atticae
904 2822 1029 2890 tonosis
1045 2833 1110 2889 tam
1128 2848 1225 2913 prae·

109 2922 179 2993 cita
199 2922 362 2990 recusatio
383 2946 450 2987 non
471 2921 606 2988 dubium
626 2923 779 3009 relinquit
801 2922 880 3007 quin
901 2923 956 2989 illc
980 2924 1145 2991 tralaticiis
1169 2949 1225 2993 ac·

109 3023 258 3093 centibus
295 3047 365 3091 uon
392 3035 517 3089 tantum
545 3022 747 3089 auctoritatis
776 3022 960 3109 adjunxerit
986 3034 1024 3087 ut
1050 3037 1227 3113 propterea

109 3149 131 3193 a
154 3124 301 3213 synthesi
322 3127 499 3193 recederet.
527 3162 570 3175 --
599 3122 806 3189 Contrarium
831 3122 908 3203 huic
940 3123 1097 3191 diastasin
1125 3127 1225 3194 inter·

109 3226 276 3317 positione
305 3249 373 3292 non
402 3225 534 3314 probari
563 3225 741 3291 ostendunt
773 3224 923 3312 exempla
952 3224 1091 3313 plurImo
1110 3225 1168 3295 διὰ
1190 3224 1224 3295 d?

108 3320 242 3411 ἔνδικα,
264 3326 302 3395 ἐκ
324 3320 355 3395 d'
378 3320 618 3415 ὀνομακλιδην,
641 3325 726 3393 κατὰ
755 3324 794 3394 τὸ
820 3319 915 3413 ἑξῆς,
945 3326 983 3393 ἐκ
1011 3330 1075 3393 τῶι
1099 3325 1225 3397 ἐπιπο-

110 3430 171 3515 λῆς
197 3427 301 3493 Arist.
332 3427 445 3494 Probl.
476 3426 630 3495 XXVII.
655 3424 706 3492 10.
742 3436 776 3491 et
807 3427 898 3513 quod
926 3427 1111 3513 Aeschylus
1144 3428 1227 3493 dixit

110 3527 273 3617 triplicato
301 3528 494 3617 pleonasmo
526 3522 611 3613 μετά
634 3519 668 3593 τ’
697 3516 802 3605 αὖθις
829 3526 866 3594 ἐν
892 3522 999 3615 χρόνοι
1023 3528 1121 3595 Ειιιιι.
1149 3529 1223 3595 492.

109 3629 215 3717 (476.)
260 3629 330 3697 Sed
352 3651 488 3717 pergam
506 3628 666 3694 conficere
687 3626 848 3713 reliquum
868 3627 940 3694 iter.

195 3733 221 3817 §-
247 3729 278 3796 8.
322 3730 453 3797 Genere
486 3739 603 3815 quarto
636 3729 840 3795 continentur
870 3729 1024 3795 adverbia
1050 3730 1226 3815 qualitatis,

108 3854 251 3919 quorum
274 3830 339 3895 alia
363 3854 405 3897 ex
433 3853 469 3897 se
491 3843 577 3908 orta,
610 3828 675 3897 alia
702 3853 722 3895 a
753 3830 939 3898 nominibus
968 3830 1112 3897 derivata
1140 3843 1226 3899 sunt.

109 3932 194 3999 illuc
218 3932 384 4021 pertinent
407 3931 466 4001 ἐπὶ
488 3930 549 4023 dria
568 3931 727 4021 Apollon.
749 3930 861 3999 Noun.
883 3932 1022 3999 XXIII.
1037 3934 1087 3999 11.
1110 3933 1226 4003 silent.

108 4032 217 4123 Soph.
250 4030 322 4099 164.
350 4032 436 4119 μετὰ
466 4028 558 4121 δηθά
588 4034 701 4123 Apoll.
732 4029 780 4112 εἷς
810 4030 886 4111 ἅλις
914 4032 1092 4117 (λειμῶνες
1119 4034 1226 4103 oats'-

108 4134 233 4219 ossas)
265 4134 406 4201 Theocr.
427 4134 547 4201 XXII.
577 4134 628 4201 17.
658 4146 691 4200 et
718 4135 843 4200 diverse
872 4133 1029 4220 scriptum
1057 4130 1226 4217 εἰιίιιαγχυ

108 4235 229 4329 ¹XVII.
247 4237 318 4301 104.
332 4236 424 4321 (vett.
435 4234 522 4301 Edd.
536 4230 591 4301 ἔπι
607 4231 730 4321 πάγχυ)
746 4234 865 4321 quibus
883 4233 1008 4301 inlocis
1023 4233 1227 4321 praepositio
