2736 4778
133 397 153 463 4
507 393 784 462 DISSERTATIO
817 393 873 460 vl.

130 561 192 626 nisi
219 578 301 642 quae
334 559 376 625 ad
402 578 500 626 unum
528 560 673 642 idemque
700 576 813 624 nomeu
835 558 995 640 pertinent
1021 558 1109 623 velut
1131 560 1264 646 Δαῒρα,

133 655 238 748 οἶμαι.
285 661 372 738 Quae
394 681 457 727 non
478 662 524 729 ita
546 681 581 727 se
603 661 730 742 habent
752 661 785 726 iu
807 661 894 727 aliud
914 664 1041 742 tempus
1058 657 1262 727 differentur.

130 765 191 832 Hic
213 756 288 830 ve'ro
310 784 387 847 prae
410 766 524 832 ceteris
547 764 628 832 duae
651 763 847 830 enarrandae
869 769 944 830 sunt
953 763 1166 848 synaloephae
1185 782 1261 848 spe·

130 870 209 948 sies,
243 869 420 951 synaeresis
454 863 487 934 et
515 869 627 948 erasis,
664 886 744 950 quas
770 868 968 950 grammatici
995 867 1188 934 incuriosius
1213 867 1260 934 le·

129 977 262 1054 queutes
284 990 347 1037 nen
369 991 442 1037 raro
466 971 678 1051 commiscent
701 970 759 1036 sed
780 968 1016 1037 Ohuereboscus
1039 968 1115 1037 Gan.
1136 969 1202 1037 157
1227 976 1261 1037 et

129 1075 225 1142 schel.
247 1073 338 1140 Dion.
362 1072 501 1142 Gramm.
524 1073 587 1142 698
608 1073 706 1157 probe
729 1072 913 1140 discernunt
944 1070 965 1162 ἢ
992 1071 1186 1160 συναίριαις
1215 1072 1258 1142 τὰ

130 1174 214 1245 ns'cd
239 1173 410 1265 φωνήεντα
434 1173 605 1267 φυλάττει,
628 1172 711 1255 πάϊς
734 1181 823 1256 παῖς,
848 1171 868 1263 ἡ
893 1166 1272 1264 δὲκρᾶσιέἆλλαίωαιν

129 1285 232 1361 nolae,
255 1276 330 1346 νόον
354 1284 439 1348 νοῦν.
483 1281 580 1348 Hisce
603 1279 726 1346 duabus
747 1279 983 1346 intermiscetur
1005 1281 1159 1364 synizesis
1184 1281 1252 1347 sive

129 1383 380 1467 synecphenesis,
404 1401 485 1466 quae
505 1380 641 1466 iigmam
657 1384 742 1450 vocis
759 1402 821 1450 nun
831 1388 944 1465 mutat
967 1382 1147 1450 sedsenum
1158 1383 1255 1450 mode

129 1486 217 1553 velut
239 1487 265 1551 si
288 1481 460 1573 ἆλλοειόής
482 1487 514 1552 in
536 1491 603 1553 tres
626 1488 748 1570 cogitur
763 1487 909 1570 syllabas,
932 1487 1130 1570 quedpuetis
1144 1484 1255 1554 facere

129 1606 312 1656 cencessum
338 1595 396 1655 est
440 1589 581 1656 Primum
613 1591 710 1673 igitur
742 1595 854 1672 agetur
886 1590 926 1656 de
959 1591 1120 1674 synaeresi
1152 1595 1190 1657 et
1222 1589 1255 1656 id

128 1693 292 1761 coniuncte
321 1711 402 1781 cum·
419 1692 563 1760 diaeresi.
612 1693 757 1776 Namque
789 1693 850 1760 hae
883 1690 1065 1761 affectiones
1094 1710 1254 1776 persaepe

20 1882 24 1887 ἢ
127 1796 212 1862 inter
234 1814 269 1862 se
291 1795 331 1863 de
351 1797 531 1879 principatu
553 1794 782 1865 conffiauntur

602 2113 710 2194 PARS
748 2113 776 2194 Ι.

226 2255 310 2342 De
363 2259 699 2369 synaeresi
752 2266 810 2339 et
861 2256 1159 2342 diaeresi.

608 2447 708 2515 GAP.
743 2448 768 2515 1.

337 2551 343 2562 Ι
426 2591 483 2664 De
509 2589 745 2691 dipbtbouqr'a
766 2591 950 2697 propriis.

215 2739 242 2826 ξ.
269 2741 295 2804 1.
328 2739 353 2804 Ι.
386 2740 564 2805 Ineheando
587 2741 724 2806 sermoni
746 2741 943 2822 aptissimum
960 2746 1143 2820 estnomeu
1167 2741 1253 2825 qued

24 2888 30 2901 ,
130 2841 366 2909 Choeroboscua
388 2861 446 2924 pro
468 2843 637 2924 specimine
651 2844 829 2926 synaeresis
841 2842 934 2909 affert
951 2842 1033 2924 πάϊς
1045 2850 1133 2923 παῖς.
1168 2840 1253 2911 Hinc

128 2947 212 3013 enim
234 2951 323 3012 recta
349 2947 433 3012 linea
461 2946 644 3011 deducimur
678 2947 710 3012 in
735 2946 854 3011 bivium
881 2947 973 3028 illud,
1010 2947 1042 3012 in
1074 2965 1137 3029 quo
1168 2948 1251 3013 duae

128 3050 304 3115 ceruariae
328 3047 507 3114 affectiones
531 3050 646 3115 acriter
679 3055 712 3114 et
742 3068 838 3132 saepe
867 3069 967 3132 aeque
988 3049 1095 3115 Marte
1117 3067 1250 3116 auncur-

127 3157 210 3217 runt.
255 3152 422 3236 Synceresi
450 3153 667 3235 patrocinatur
693 3154 969 3234 grammaticorum
995 3171 1070 3235 pars
1097 3154 1251 3235 maxima3

126 3255 228 3338 Epim.
251 3255 357 3331 Ι’346,
385 3256 423 3322 τὸ
458 3254 585 3332 ἐντελὲς
618 3252 700 3332 πάϊς
733 3253 817 3322 κατὰ
851 3255 909 3343 τὴν
943 3251 1091 3333 εὐθεῖαν,
1126 3256 1184 3324 καὶ
1217 3251 1250 3324 ἓν

127 3361 315 3447 συναλοιφῇ
343 3365 439 3441 παῖς,
475 3353 495 3444 ἦ
526 3354 691 3444 αἰτιατική
720 3357 804 3423 κατὰ
832 3356 1049 3442 συμπάθειαν
1077 3354 1160 3425 ιιάῖν
1196 3358 1250 3426 καὶ

90 3488 93 3494 ·
128 3467 208 3528 παῖν
227 3462 310 3546 (sic),
334 3464 486 3546 κωμικῶς
508 3459 545 3528 δὲ
567 3454 587 3546 ἦ
612 3460 746 3548 adparat}
769 3452 796 3526 ὦ
820 3453 934 3527 πάϊῶ
958 3467 1023 3528 παῖ
1038 3461 1071 3546 ¹)'
1092 3459 1114 3550 ἦ
1138 3462 1249 3550 γενικὴ

128 3563 183 3631 καὶ
201 3564 319 3650 ’δοτικὴ
342 3567 495 3648 μοναχῶς
516 3560 641 3642 παιδός
669 3563 724 3631 καὶ
746 3561 861 3631 παιδί·
897 3562 1015 3630 καὶτὰ
1039 3565 1249 3652 πληθυντικᾶ

128 3661 262 3748 ὁμοίως.
306 3666 375 3732 Ηοι
407 3667 493 3732 valet
524 3666 685 3748 universe3
718 3671 785 3732 tres
807 3667 976 3749 singularis
1004 3669 1129 3733 numeri
1156 3686 1251 3735 casus

127 3769 318 3834 nominative
340 3771 473 3850 preximi
495 3771 580 3851 apud
602 3775 713 3852 poetas
736 3769 840 3852 epicos
852 3770 990 3835 Homero
1001 3771 1195 3852 posteriores
1218 3776 1252 3838 et

127 3871 294 3937 nonnullos
317 3872 461 3938 diversae
488 3873 602 3939 aetatis
625 3871 752 3938 Aeoliae
774 3871 918 3940 Ioniceve
941 3873 1116 3940 scribentes
1137 3874 1250 3956 legun·

182 4101 224 4194 1¹)
242 4135 380 4202 Cemeptio
399 4119 490 4201 aperta
507 4140 556 4200 est,
574 4135 700 4188 eorrectio
718 4135 842 4188 difficilis.
879 4135 908 4189 ei
926 4137 993 4189 sumi
1010 4137 1073 4190 licet
1088 4135 1249 4192 comicorum

127 4219 240 4284 aliquem
258 4220 431 4273 ludibundum
449 4226 519 4275 παῖν
536 4237 692 4290 usurpasse,
722 4224 784 4276 huic
802 4224 1010 4276 subnectendum
1027 4226 1078 4276 erit
1093 4224 1250 4278 adverbium

125 4306 260 4441 efferrem.
296 4306 349 4359 Sed
365 4307 477 4360 fertem
495 4307 660 4362 scribendum
678 4316 719 4365 est
740 4306 810 4364 πάῖν
832 4307 895 4364 deri
918 4311 967 4363 τοῦ
984 4314 1067 4364 παῖν·
1094 4308 1251 4370 reverencie

175 4385 319 4458 ἡκλιμικὴ
335 4410 360 4447 κ.
380 4411 400 4444 τ,
422 4391 446 4447 ἱ.
