2736 4778
191 341 266 416 388
479 338 798 409 DISSHRTATIO
820 340 868 407 11.
911 341 952 407 P.
972 340 1020 408 11.

192 522 316 610 syllaba
341 531 399 587 aut
420 533 537 589 natura
556 523 657 612 longa
679 546 751 591 esse
773 537 831 591 aut
855 526 1021 613 positione
1047 535 1178 613 praeter
1198 523 1255 605 δίς
1275 539 1309 594 et

193 622 273 710 τρίς,
297 624 379 690 bae'o
400 637 509 691 autem
538 647 606 691 non
629 626 771 691 nativam
796 627 941 715 speeiem
965 625 1086 693 babere
1116 627 1176 693 sed
1204 626 1306 694 inter-

191 725 335 814 polatam
362 748 404 791 ex
433 722 551 805 διάκις
578 738 610 792 et
634 721 784 812 τριάιιις,
814 729 905 813 quod
932 728 1028 793 iteret
1046 728 1156 816 Epim.
1178 728 1207 794 Ι.
1231 729 1306 796 437.

190 827 351 893 Neutrum
383 825 483 892 bodie
514 826 636 913 legitur
670 838 800 914 praeter
828 829 1035 915 Hesychium
1059 823 1200 916 Τριάκις
1231 823 1308 896 ἀντὶ

190 933 252 996 τοῦ
271 925 345 1016 τρίς
365 923 537 1006 Λάκωνες,
561 929 618 1013 qui
638 929 700 994 bae
720 928 756 994 in
776 951 812 995 re
834 929 1020 1017 exemplum
1045 939 1226 996 ceterorum
1247 930 1306 996 ad·

190 1029 375 1096 verbiorum
395 1029 608 1095 numeralium
630 1030 760 1116 sequuti
779 1030 946 1107 videntur;
972 1029 1048 1096 hine
1070 1029 1208 1097 fortasse
1226 1032 1306 1098 Ari·

191 1131 369 1218 stophanes
390 1130 560 1217 adoptavit
578 1125 708 1217 τριάκις
725 1154 825 1217 quum
846 1131 1038 1219 peregrinos
1059 1131 1233 1218 loquentes
1254 1133 1306 1198 in·

191 1232 386 1298 trodueeret
429 1232 560 1297 Etenim
585 1231 668 1296 ratio
696 1232 752 1297 illa
778 1256 798 1297 a
822 1232 980 1299 brevitate
1006 1233 1308 1319 monosyllabarum

191 1333 330 1420 repetita
349 1332 528 1398 infirmatur
549 1355 589 1399 eo
612 1334 702 1418 quod
723 1333 758 1399 in
784 1334 946 1400 adverbiis
974 1335 1076 1400 multa
1099 1334 1308 1422 reperiuntur

191 1434 369 1522 singularia
386 1435 454 1501 sive
475 1435 649 1501 monadica
669 1435 758 1501 velut
780 1437 894 1522 δεῦρο,
921 1423 1016 1522 πρίν,
1038 1432 1164 1521 νύκτωρ
1188 1446 1221 1502 et
1241 1435 1307 1502 alia

192 1536 235 1604 ob
257 1537 352 1602 eliam
374 1560 505 1603 oausam
527 1538 715 1623 exsignata,
738 1536 857 1622 quibus
879 1537 968 1602 nulla
987 1538 1136 1602 medetur
1156 1537 1305 1615 effeetio;

191 1650 224 1706 et
243 1662 323 1728 prae
347 1640 463 1730 ceteris
483 1638 663 1704 numeralia
683 1638 815 1724 saepius
840 1661 860 1702 a
885 1638 1050 1704 communi
1072 1637 1224 1725 analogia
1245 1638 1304 1704 de·

191 1741 343 1806 sciscunt.
386 1740 489 1804 Haud
510 1739 639 1825 planior
661 1749 712 1803 est
730 1739 784 1803 via
806 1762 903 1824 quam
927 1742 1072 1805 Zonaras
1095 1762 1129 1826 p.
1141 1739 1214 1805 556.
1235 1749 1303 1805 tra·

192 1840 240 1906 dit
260 1839 301 1905 ab
320 1840 514 1905 Herodiano
537 1839 649 1904 initam
672 1861 762 1904 esse:
785 1839 839 1919 δίς
854 1839 913 1906 καὶ
930 1839 1002 1928 τρίς
1018 1834 1089 1907 άπὸ
1107 1844 1167 1907 τοῦ
1186 1835 1306 1919 dedisse

190 1940 250 2008 καὶ
270 1938 415 2028 τριάκις·
446 1939 504 2006 καὶ
526 1939 660 2026 λέγουσι’
679 1964 765 2018 τινος
791 1938 852 2008 δύο
881 1943 1055 2026 συλλαβῶν
1075 1939 1204 2026 ἐγένετο
1224 1963 1305 2027 συγ·

189 2037 295 2130 ronti·
327 2040 485 2118 καὶπῶς
513 2036 652 2108 δύιαιαι
675 2039 896 2127 τρισύλλαβος
922 2038 983 2109 δύο
1011 2028 1179 2126 συλλαβάς
1208 2038 1305 2108 ἔκκε-

190 2141 340 2229 κόφθαις
374 2140 461 2228 πρὸς
491 2142 661 2239 τοῦτο’)
670 2137 855 2228 λέγομιν”
834 2167 888 2207 οιι
917 2135 990 2209 άπὸ
1018 2145 1078 2208 τού
1103 2136 1222 2218 δυάιιις
1246 2141 1307 2208 καὶ

189 2236 321 2326 τριάκις
341 2233 424 2327 ἆρον
446 2241 484 2308 τὸ
508 2268 531 2310 α
553 2241 612 2307 καὶ
633 2263 667 2306 κ·
690 2240 749 2308 καὶ
771 2241 856 2308 κατά
880 2240 1047 2330 οινύζησιν
1062 2239 1116 2321 δίς
1141 2239 1200 2306 καὶ
1217 2239 1304 2329 τρίς

190 2336 296 2419 ούτως
318 2336 534 2428 Ἡρωδιανός.
576 2343 642 2408 Hie
671 2343 771 2428 igitur
806 2343 874 2407 sive
901 2364 996 2407 verus
1026 2342 1093 2407 sive
1119 2340 1304 2408 subditivos

189 2442 399 2508 Herodianus
419 2463 486 2507 non
508 2442 589 2506 duas
611 2442 752 2527 syllabae
774 2443 899 2509 demtas
921 2466 994 2509 esse
1025 2442 1105 2508 dicit
1132 2444 1193 2508 sed
1219 2443 1304 2509 duas

188 2543 298 2609 literas
321 2533 348 2612 ἆ
369 2556 401 2610 et
425 2531 464 2623 ιζ
477 2566 542 2629 quo
563 2544 648 2609 iacto
670 2544 897 2628 relinquuntur
917 2543 1078 2629 bisyllaba
1101 2567 1252 2629 τρι-ις
1272 2554 1304 2609 et

190 2650 280 2713 dv-
294 2671 325 2724 ις
347 2648 414 2711 sive
435 2646 543 2732 ypsilo
566 2645 600 2709 in
621 2645 689 2710 iota
709 2655 831 2709 mutato
855 2647 996 2724 δι-ις.
1040 2644 1220 2727 Quomodo
1242 2667 1302 2710 au·

189 2759 255 2813 tem
276 2748 351 2814 hinc
374 2748 417 2812 ad
439 2745 665 2830 monosyllaba
685 2745 740 2809 illa
761 2747 959 2831 pervenerit,
981 2770 1047 2811 non
1069 2745 1207 2832 perinde
1226 2768 1302 2833 per·

190 2849 355 2936 spicimus.
400 2848 550 2932 Synizesi
578 2847 678 2924 enim,
708 2869 792 2931 quae
818 2848 951 2934 proprie
981 2849 1028 2912 ita
1056 2848 1190 2925 dieitur,
1222 2846 1302 2912 seri·

189 2962 284 3039 ptura
313 2950 386 3038 ipsa
412 2962 592 3038 repugnat,
626 2949 791 3033 synaeresi
821 2948 961 3013 brevitas
990 2948 1146 3034 syllabae.
1200 2948 1302 3012 Haud

188 3053 294 3119 minus
316 3053 457 3139 argutari
482 3053 610 3117 videtur
630 3072 731 3134 quum
751 3049 984 3114 vocabulorum
1004 3050 1133 3115 fictores
1154 3049 1189 3113 in
1212 3071 1302 3114 oom-

189 3156 343 3242 ponendo
368 3154 496 3219 duobus
518 3152 731 3218 numeralium
756 3150 930 3235 generibus
962 3173 1040 3216 usos
1073 3173 1145 3216 esee
1173 3151 1302 3228 statuit3

188 3258 316 3323 namin
337 3257 418 3323 EM.
441 3256 521 3333 346,
550 3255 602 3320 30.
626 3252 785 3337 adjectiva
808 3251 959 3339 δι’μηνος,
993 3251 1152 3336 τρίμηνος
1177 3271 1244 3315 non
1265 3261 1303 3315 ut

187 3359 334 3424 nonnulli
357 3380 430 3423 oum
453 3352 585 3433 δοάκις,
610 3351 742 3437 τριάκις
770 3363 923 3447 contexta
947 3373 1019 3417 esse
1048 3351 1221 3417 arbitratur
1242 3351 1302 3417 sed

188 3455 339 3527 ἀπὸτοῦ
361 3454 436 3535 δύο,
467 3455 544 3540 τρία
569 3478 598 3519 v
620 3454 712 3519 Dies.
735 3454 782 3518 ll.
803 3475 831 3518 o
853 3455 881 3518 Ι.
910 3457 936 3538 ξ.
958 3454 989 3518 2.
1023 3476 1107 3537 quae
1134 3475 1213 3520 vero
1239 3453 1301 3520 hos

188 3584 339 3626 numeros
358 3559 527 3636 excedant,
551 3579 624 3623 cum
642 3555 821 3621 adverbiis:
844 3553 887 3619 τὰ
909 3550 958 3631 εἰς
980 3581 1011 3634 ις
1035 3551 1245 3640 ἐπιρρήματα
1268 3554 1302 3629 ἐν

188 3666 231 3748 τῇ
252 3662 408 3727 assesso
431 3654 675 3742 ἀποβάλλει
640 3684 678 3724 το
701 3684 753 3737 κις
772 3653 921 3734 ἑπτάκις,
948 3651 1150 3742 ἑπτάμηνος·
1175 3648 1214 3721 ού
1236 3654 1302 3740 γάρ

188 3755 258 3830 άπὸ
279 3763 339 3826 τοῦ
361 3755 464 3824 ἑπτά·
487 3755 573 3824 ούτιο
592 3784 648 3824 και
660 3781 872 3845 τετραμηνος
898 3750 1079 3843 ἑξάμηνος
1093 3750 1303 3840 Ἡρωδιανὸς

188 3858 429 3948 περιπαθῶν.
469 3859 555 3924 Duo
581 3858 635 3921 illa
662 3880 770 3941 neque
798 3878 872 3921 oum
903 3856 955 3934 ὄις
982 3867 1015 3920 et
1046 3880 1116 3941 ιρις
1145 3855 1301 3942 copulata

189 3985 261 4030 esse
282 3961 366 4038 vult,
390 3957 468 4044 quia
489 3957 569 4023 haee
591 3959 673 4044 ipsa,
695 3967 732 4020 ut
753 3958 898 4021 Zonaras
921 3967 1073 4034 testatur,
1104 3979 1125 4020 a
1150 3966 1241 4022 reeta
1270 3968 1302 4022 et

189 4063 323 4150 propria
355 4059 466 4146 specie
501 4057 682 4122 abalienata
715 4057 874 4135 eredidit,
915 4078 1022 4143 neque
1057 4079 1131 4123 mim
1163 4059 1300 4146 integris

258 4233 285 4299 3)
299 4231 347 4285 Sic
359 4228 404 4282 vel
422 4223 490 4295 πρὸς
502 4221 613 4285 τούτους
628 4222 805 4277 scribendum
823 4240 874 4294 pro
894 4239 928 4276 oo
947 4225 1024 4292 quod
1037 4224 1142 4279 editum
1162 4233 1206 4280 est
1224 4227 1301 4280 ἔκκε-

189 4312 240 4386 1er
247 4323 293 4367 θιιι
306 4313 359 4384 πρὸ
373 4310 484 4375 τούτους
