2736 4778
127 220 155 267 ‘r

107 381 110 385 ,
182 308 257 385 346
472 304 792 376 DISSERTATIO
824 309 870 376 II.
913 308 954 376 P.
976 307 1004 376 I.

182 501 246 566 que
267 502 301 566 p.
328 477 398 543 166.
421 476 455 542 in
472 478 649 564 Sophoclis
671 503 767 544 versu
789 478 917 544 dubitat
938 502 979 543 an
1002 471 1132 563 ι’ἷμβρος
1150 479 1301 571 χαλαζῇς

181 580 406 668 reponendum
425 580 467 644 sit
482 581 573 665 quod
589 584 797 647 Hermannus
816 581 939 647 codicis
956 581 1123 664 'enjusdam
1135 581 1300 669 scriptura

178 680 324 770 χαλαζρς
348 680 485 746 indicari
514 682 699 769 suspicatur
726 683 787 748 sed
815 683 902 748 idem
922 681 1035 766 rejicit.
1073 678 1206 770 Ἀϊόιῆς
1228 684 1300 751 sive

181 778 478 870 oii'dvpgnusquam
498 782 669 860 invenitur,
692 778 807 872 ἇϊδνὴς
827 807 903 850 vero
926 785 1057 871 saepius
1073 795 1105 849 et
1122 784 1198 850 binc
1216 809 1297 873 pro·

179 884 279 949 latum
309 896 359 950 est
385 881 532 971 ἆῖόνήεις
558 895 595 950 ut
625 882 768 973 ἕρεαέλής
798 883 989 972 eptitatos,
1022 880 1177 971 ἆοεχθὴς
1209 881 1297 955 tirre-

177 984 298 1076 χθὴεις
318 986 581 1070 (omisainTb.)
604 988 764 1053 Androm.
783 1009 836 1074 ap.
849 986 965 1055 Galen.
988 987 1028 1051 de
1044 987 1159 1053 Antid.
1169 988 1231 1055 VI.
1242 990 1298 1057 33.

180 1088 222 1155 Τ.
250 1088 350 1156 XIV.
380 1082 517 1176 draucis
544 1085 712 1176 citatorias
742 1089 886 1174 (omiss.)
913 1088 1024 1154 Nonn.
1045 1088 1198 1156 XXXV.
1221 1090 1297 1156 226.

179 1185 390 1275 ‹illut-priate,
414 1187 632 1275 κακανθὴεις,
652 1213 848 1276 quamquam
869 1190 957 1254 idem
975 1189 1016 1254 ab
1040 1185 1153 1269 ἀΐδιος
1169 1191 1297 1257 traduci

179 1291 328 1377 potuisse
359 1290 482 1357 indicio
516 1304 591 1358 sunt
632 1289 841 1378 δαφοινήεις,
879 1288 1055 1379 θοιιρήεις,
1094 1289 1294 1380 πελιιλιὴεις,

179 1389 375 1480 ἄκοσμήεις,
392 1388 600 1479 ἆνομβρήεις.
614 1432 656 1442 -
668 1393 790 1462 Suidas
810 1390 921 1472 Φανός
938 1392 973 1459 ἐκ
987 1396 1045 1460 τοῦ
1058 1389 1196 1480 φαεινός
1208 1395 1295 1463 κατὰ

178 1490 348 1581 συγκοπήι
368 1494 591 1582 synaloephen
610 1495 718 1562 dicere
738 1496 849 1561 voluit.

261 1595 316 1661 De
344 1595 550 1683 diphthongo
577 1585 621 1665 ἔα
639 1598 722 1662 nihil
750 1597 935 1685 accepimus
963 1595 1026 1660 nisi
1056 1595 1147 1680 quod
1175 1595 1294 1663 falsum

178 1708 229 1761 est
253 1691 322 1763 sind
349 1700 407 1762 τοῦ
434 1693 556 1763 κελεύω
583 1697 668 1764 κατὰ
695 1697 864 1787 συγκοαὴν
890 1702 950 1784 τῆς
969 1683 1020 1762 ἐι-ι
1039 1695 1075 1761 td
1101 1696 1294 1783 παθητικὸν

177 1797 316 1880 κέλομαι
338 1797 418 1862 ΕΜ.
431 1797 505 1873 502,
520 1796 551 1863 5.
573 1798 682 1885 Epim.
695 1800 722 1864 l.
739 1800 812 1864 242.
825 1836 866 1846 -
890 1800 944 1866 De
965 1799 1101 1865 elisione
1122 1799 1291 1885 proximae

177 1898 310 1985 saepius
339 1921 443 1964 sermo
472 1900 596 1965 incidit.
639 1900 785 1965 Primum
812 1900 898 1966 enim
924 1896 1027 1987 ἆχρής
1050 1911 1081 1965 et
1106 1898 1293 1987 μελαγχρῇς
1325 1954 1330 1963 ,

176 2000 239 2066 hoc
259 2002 357 2067 modo
377 2002 566 2067 detruncata
588 2024 659 2066 esse
682 2001 841 2067 affirmant
861 2002 885 2066 ii
906 2001 1062 2067 adversus
1084 2023 1167 2085 quoe
1191 2024 1292 2088 supra

176 2102 349 2189 disputavi.
393 2103 495 2169 Haud
518 2103 648 2190 dignior
669 2104 734 2169 fide
756 2103 867 2171 Schol.
889 2105 982 2168 Arat.
1008 2102 1057 2167 19.
1081 2098 1171 2186 ὁμῶς
1191 2128 1289 2188 περι-

175 2199 348 2282 σπώμενον
365 2202 533 2290 ἕπλρῥρμα
549 2203 731 2289 μεσότητος
753 2199 822 2269 ἀπὸ
840 2207 900 2268 τοῦ
920 2198 1045 2280 ὁμοίως
1065 2201 1151 2268 κατὰ
1169 2227 1289 2289 συγκο-

175 2297 257 2388 πήν·
282 2325 357 2366 nam
380 2302 460 2369 haec
487 2317 563 2369 sunt
591 2327 611 2368 a
636 2304 771 2368 diversis
800 2304 968 2391 principiis
994 2298 1078 2382 ὁμός
1105 2314 1138 2368 et
1160 2300 1289 2385 ὅμοιος.

175 2401 363 2468 Genitivum
383 2401 535 2492 Βριάρρο
556 2407 636 2470 ΕΜ.
658 2405 732 2483 213,
752 2407 805 2495 23.
828 2405 875 2470 sic
895 2404 1065 2491 explanat:
1089 2401 1160 2471 ἔστι
1182 2401 1290 2488 Βριά-

174 2528 255 2590 ρρος
278 2498 295 2592 ἡ
317 2498 433 2571 εὐθεῖα
456 2499 502 2582 ὡς
522 2511 678 2590 μοιοῖρες,
698 2507 755 2573 καὶ
773 2505 953 2593 donaolim}
976 2502 1085 2591 γενικὴ
1104 2499 1289 2592 Βριαρήοιο

174 2605 230 2672 καὶ
252 2610 403 2693 σιιγκοιιῇ
428 2602 646 2690 Βριάρροθῖ)
674 2608 733 2672 sed
762 2618 812 2672 est
840 2607 950 2693 potius
981 2628 999 2669 a
1026 2616 1117 2669 recto
1142 2601 1291 2692 Βριάρης

173 2728 233 2793 pro
257 2701 429 2788 Βριάρεως
456 2716 499 2769 ut·
519 2704 702 2790 Τυνδάρης,
728 2703 936 2795 Ἀμφιάρης,
966 2718 997 2771 et
1026 2707 1101 2771 hinc
1126 2706 1288 2791 genitivus

171 2803 286 2869 aeolici
308 2803 421 2868 similis
441 2803 586 2892 Βριάρηο
606 2829 665 2894 pro
682 2805 845 2892 Βριάραο,
868 2809 919 2872 vel
937 2830 997 2894 pro
1016 2808 1114 2872 attico
1131 2803 1287 2890 Βριάρεω

171 2904 377 2992 transpositis
400 2906 595 2990 syllabarum
615 2922 852 2996 postremarum
871 2909 1072 2995 temporibus
1092 2908 1132 2973 oi.
1146 2907 1285 2975 Schnei-

172 3008 287 3073 dewin.
310 3008 454 3093 Symbol.
479 3009 521 3072 ad
543 3010 621 3095 Lyr.
647 3012 717 3076 120.
769 3011 809 3075 In
829 3022 919 3075 motu
940 3011 1112 3076 verborum
1140 3032 1285 3096 syncope

170 3110 226 3175 uni
258 3110 440 3198 applicatur
471 3111 633 3197 optativo:
663 3108 885 3199 Ἡρακλείδης
919 3113 1005 3197 λέγει
1037 3108 1091 3178 ὅτι
1123 3109 1159 3175 ιὰ
1194 3113 1287 3194 βλεῖο

170 3209 320 3278 ειλκτικοιι
342 3211 411 3278 ἐστι
436 3213 599 3295 σιιγιοιτὲν
622 3212 657 3279 ἐκ
679 3216 737 3278 τοῦ
759 3210 888 3295 βλείοιο
907 3212 1180 3290 Eust.1907‚53.
1200 3211 1287 3276 idem

170 3336 246 3378 vero
280 3312 356 3378 alibi
388 3313 507 3377 rectius
540 3336 613 3377 cum
644 3312 751 3378 verbis
780 3314 814 3377 in
835 3299 886 3396 μῖ
910 3327 1077 3402 comparat
1106 3304 1210 3390 1756,
1237 3312 1286 3378 15.

164 3409 385 3500 Ἡρακλείδης
407 3411 494 3506 λέγει
518 3410 570 3479 riu
594 3410 662 3482 ἀπὸ
687 3419 745 3479 τοῦ
768 3413 843 3490 θείς
868 3414 924 3480 καὶ
945 3414 1038 3499 βλείς
1060 3413 1185 3502 γίνεται
1207 3420 1285 3480 θεῖα

171 3570 380 3580 -——.—-——--.
401 3571 504 3579 ῥ...ωψ-

237 3652 283 3715 31)
297 3650 447 3706 Homerica
460 3648 634 3720 μαθοδινὴεις
646 3661 674 3706 et
687 3643 845 3719 ὑψιπετήεις
862 3666 879 3703 a
896 3650 1055 3704 nominibus
1073 3648 1180 3720 primae
1197 3647 1285 3702 decli-

167 3734 286 3788 nationis
304 3745 477 3806 repetuntur,
493 3738 593 3809 quibus
607 3739 746 3792 Homerus
765 3736 852 3790 utitur
870 3736 950 3797 solis:
970 3734 1141 3806 posteriores
1156 3736 1226 3788 haec
1245 3732 1282 3786 ad

165 3821 276 3875 tertiam
295 3823 480 3876 traduxerunt
497 3820 662 3891 βαθυδινῆς,
680 3819 842 3889 πολοιλινὴς,
861 3819 1013 3893 trepidantia,
1035 3817 1178 3889 ὑψιοιιὴς.

235 3924 279 3990 3¹2)
298 3924 329 3977 ln
345 3923 486 3978 Parthenii
505 3925 640 3989 versibus,
654 3923 702 3994 qni
720 3933 785 3977 sunt
804 3926 839 3977 de
853 3924 981 3977 columna
993 3924 1137 3978 Herculis:
1157 3919 1285 3995 μάρτυρα

166 4009 193 4065 δ’
214 4004 305 4081 tigrum
324 4007 372 4076 τὴν
388 4012 434 4063 tat
454 4012 570 4084 Γαδείρῃ
588 4014 650 4063 λίπε
670 4010 763 4079 dupla
781 4009 898 4078 ἀρχαίου
911 4007 1037 4078 Βριιὶρειο
1056 4008 1104 4063 ἀπ’
1127 4004 1237 4077 οὔνομα
1256 4006 1285 4061 rd

166 4100 234 4164 πρὶν
254 4092 368 4166 ιἰριέξιις,
390 4095 547 4150 hloinekius
566 4095 658 4149 Anall.
678 4098 737 4149 ⁶278.
761 4095 845 4149 scribi
867 4095 978 4147 vult-
999 4097 1090 4149 ἔλλιπε
1109 4089 1283 4162 θραοοιῖνην.

165 4179 298 4234 Lucidius
324 4182 397 4236 foret
421 4185 464 4249 τῆς
488 4185 534 4235 aa
556 4183 700 4255 Γαδείροις
724 4179 811 4236 ἔλλια’
837 4179 1012 4251 ἀλημοσιόιης
1038 4187 1142 4234 testem
1162 4178 1284 4248 reliquit

164 4269 366 4340 aavtpnttrmts
389 4267 567 4324 Gaditanam
