2736 4778
407 391 465 457 nu
487 389 688 458 neocoru.
732 390 767 485 c.
788 390 846 457 m.
869 392 887 477 s
910 390 939 455 3.
1182 389 1245 457 293

126 554 237 645 ιράχις
257 560 326 637 etc,
354 574 382 621 v.
406 553 499 621 Proil.
521 554 594 635 507,
616 573 716 636 genus
748 554 878 620 tertium
909 572 962 619 res
994 553 1065 635 ipsa
1098 551 1244 633 excludit,

125 657 245 747 ιράφις
266 677 341 725 vero
364 658 405 723 ad
425 676 478 723 res
500 657 689 722 inanimatas
701 658 890 722 translatum
912 674 1022 722 earum
1044 673 1143 737 genus
1155 654 1244 737 sequi

125 762 261 843 cogitur,
285 778 322 826 ac
343 760 370 825 si
391 760 485 824 huius
507 760 653 824 motionis
681 760 825 842 exempla
858 759 986 840 desunt,
1020 778 1082 824 non
1116 758 1245 823 minoris

124 863 309 929 insolentiae
331 867 382 927 est
403 880 541 943 apocope
558 862 704 927 adiectivi
728 859 899 948 τρόφιμος,
923 878 985 942 quo
1008 861 1076 942 ipso
1087 858 1244 926 Homerus

124 985 284 1049 nunquam
305 965 414 1031 utitur.
439 1001 474 1012 -
503 962 567 1030 Sed
588 964 712 1045 longius
735 966 831 1030 etiam
854 980 948 1046 quam
970 958 1072 1050 τρόφι
1095 961 1135 1027 ab
1150 959 1246 1028 affec·

123 1070 217 1135 tionis
233 1068 337 1151 specie
365 1069 541 1134 seiunctum
564 1072 614 1134 est
636 1060 747 1149 άλφι,
782 1066 866 1149 quod
889 1084 909 1130 a
931 1064 1085 1130 Strabone
1107 1070 1141 1130 et
1161 1064 1245 1147 glos·

124 1171 289 1253 sographis
311 1170 373 1236 huc
393 1169 545 1250 refertur3
566 1188 640 1235 nam
664 1169 743 1234 illud
764 1168 863 1234 semel
884 1168 1009 1250 legitur,
1031 1168 1091 1233 hoc
1109 1158 1244 1249 saepius,

123 1278 157 1338 et
178 1272 218 1337 ab
240 1272 526 1340 homoeocatalecto
549 1272 621 1355 μέλι
644 1271 705 1337 hoc
724 1288 821 1336 unum
838 1268 957 1351 differt,
980 1270 1064 1354 quod
1084 1273 1172 1336 earet
1193 1287 1245 1336 ca·

122 1373 211 1441 sibus
231 1374 415 1456 imparibus.
442 1412 477 1423 -
501 1374 672 1441 Nominum
696 1372 967 1453 heteroclitorum,
1001 1390 1083 1459 quae
1110 1371 1237 1457 interi,

122 1483 156 1544 et
176 1480 237 1562 ,Ῑιῖξ
257 1476 434 1556 fluctuant,
466 1477 556 1559 copia
577 1477 703 1558 ingens,
737 1474 794 1540 sed
816 1493 913 1540 unum
946 1475 1048 1540 solum
1082 1492 1154 1540 cum
1185 1475 1246 1541 hac

122 1581 307 1663 quaestione
328 1579 514 1662 implicitum
535 1582 599 1644 est:
623 1576 661 1644 κδ
684 1568 784 1663 αῗῖξη
810 1572 842 1643 oi
863 1576 924 1660 μὲν
945 1580 1165 1662 deposcendos
1190 1576 1244 1644 λέ-

122 1706 234 1770 γοντες
257 1677 504 1769 ἀποκεκόφθαι.
545 1677 754 1767 Ἡρωδιανὸς
776 1678 813 1747 δὲ
835 1682 1008 1768 συκφγσρεῖ
1028 1684 1098 1758 ταῖς
1131 1675 1245 1758 ὀξυτο-

122 1788 215 1852 υσῦσι
233 1783 371 1865 Tbeogn.
384 1782 459 1849 Can.
484 1783 553 1850 116.
575 1783 611 1864 1;
634 1782 813 1866 oxytonesis
834 1786 942 1848 autern
965 1781 1083 1848 directe
1105 1781 1244 1847 excludit

124 1904 299 1970 apocopen,
321 1904 384 1968 qua
405 1887 574 1968 repudiata
596 1884 737 1952 succedit
757 1884 1100 1965 metaschematismus,
1123 1903 1162 1950 ex
1184 1901 1246 1968 quo

121 1990 207 2055 idem
227 1989 260 2053 in
282 1988 399 2055 Anecd
422 1987 520 2055 Onon.
543 1988 577 2053 T.
599 1987 649 2053 ΙΠ
671 1984 743 2053 ade.
766 1987 786 2052 5
808 1986 974 2071 trisyllaba
1006 1979 1153 2076 αάξηυις,
1186 1979 1243 2053 άυ-

122 2096 225 2178 θφσις
248 2094 355 2155 cetera
377 2096 447 2157 orta
468 2095 570 2173 putat
618 2088 716 2153 Plura
748 2089 788 2154 do
820 2088 881 2155 hoc
912 2093 980 2154 toto
1013 2106 1128 2171 genere
1161 2089 1246 2155 dicta

122 2193 251 2259 suntin
272 2192 367 2257 Proll.
393 2190 432 2257 16
454 2199 488 2258 et
508 2192 618 2257 Rhem.
642 2188 705 2256 267
728 2208 802 2273 seq,
837 2188 874 2257 ci.
896 2189 1084 2273 Bernhardy
1106 2191 1147 2257 ad
1168 2189 1244 2256 Dio·

122 2310 189 2377 nps.
212 2312 241 2376 p.
270 2290 366 2373 1015,
399 2292 538 2360 Nitzsch.
572 2294 614 2359 ad
636 2291 748 2376 Odyss.
771 2292 819 2359 IX
839 2293 869 2358 8.
895 2330 929 2340 -
971 2290 1128 2380 Γλάφυ,
1161 2293 1246 2375 quod

122 2396 264 2462 nonnulli
285 2396 347 2461 huc
368 2395 573 2474 inculcarunt
603 2396 668 2460 iam
689 2393 910 2477 Moschopolus
943 2414 1007 2462 una
1040 2413 1112 2461 cum
1144 2396 1245 2484 vicino

122 2497 231 2567 σκάυα
252 2499 497 2580 circumscripsit
520 2498 561 2563 ad
583 2497 658 2564 Hes.
682 2497 761 2579 Opp.
784 2496 845 2562 531
876 2496 914 2563 ιδ
939 2491 1050 2584 μλάφυ
1083 2493 1121 2564 αδ
1156 2500 1248 2565 δοκεῖ

122 2596 303 2688 ἀποκοπὴν
325 2599 425 2684 ἔχειν,
448 2595 519 2666 άλλ’
543 2596 786 2689 ἐσχηματίσθαι
808 2594 878 2668 άσδ
900 2602 961 2667 τοῦ
983 2596 1103 2686 γλάφω
1126 2594 1172 2679 ὡς
1205 2598 1243 2665 κδ

124 2699 228 2790 δάκρυ
251 2697 321 2769 άπὸ
345 2705 404 2769 τοῦ
427 2699 571 2791 δακράιυ,
601 2722 705 2787 neque
728 2721 786 2786 ego
819 2703 1046 2784 meminissem,
1079 2703 1140 2769 nisi
1173 2702 1246 2769 hinc

123 2810 210 2872 esset
230 2805 385 2871 transitus
407 2806 448 2871 ad
470 2806 605 2872 alterum
627 2824 726 2889 genus
739 2806 1004 2886 terminationum,
1027 2806 1112 2888 quod
1134 2825 1172 2871 er
1191 2825 1245 2872 vo·

122 2908 184 2975 cali
205 2913 239 2973 et
259 2924 396 2973 consona
417 2908 586 2991 constat*).
631 2908 767 2973 Adhuc
798 2909 882 2973 enim
914 2908 1054 2990 pertinet
1088 2909 1246 2990 posterius

122 3028 244 3089 nomen,
278 3010 318 3075 de
341 3028 403 3092 quo
424 3008 612 3076 Eustathius
636 3008 708 3074 217.
732 3007 752 3073 3
775 3008 820 3074 sic
853 3009 1007 3092 disputat:
1042 3007 1079 3074 τὸ
1115 3006 1246 3096 δάκρυ

121 3108 302 3197 &noscaris
324 3113 441 3177 παθὸν
462 3106 568 3179 οὐκέτι
592 3114 729 3177 κινεῖται
752 3106 801 3188 εἷς
823 3107 928 3177 κλίσιν
951 3106 996 3190 ὡς
1018 3107 1097 3179 οὐδὲ
1120 3110 1157 3176 τὸ
1197 3114 1244 3177 δῶ

122 3210 202 3282 οὐδὲ
224 3213 259 3278 τὸ
283 3216 337 3298 κρῖ
358 3207 442 3299 σῦδδρ
460 3211 497 3278 τδ
522 3205 579 3299 ἧλ,
614 3212 762 3278 subtilius
783 3229 859 3278 vero
881 3210 983 3295 Epim.
1005 3212 1022 3278 I
1046 3211 1118 3278 120.
1141 3214 1183 3278 22
1205 3212 1243 3279 κδ

123 3313 229 3405 δάκρυ
251 3309 309 3382 oda
332 3313 421 3381 ἔστιν
443 3312 477 3399 ἐκ
500 3318 560 3380 τσῦ
584 3310 726 3402 δάκρυον
750 3312 834 3379 κατὰ
849 3308 1033 3397 ἀποβολὴν,
1058 3310 1143 3379 ἀλλὰ
1161 3314 1245 3380 κατά

123 3414 349 3506 σχηματισμὸν
369 3418 486 3502 χρῆται
510 3411 527 3481 ὅ
550 3411 701 3503 ποιητής.
746 3415 795 3481 De
818 3415 927 3482 adlisit
959 3415 1043 3498 quod
1074 3416 1128 3482 ille
1160 3417 1246 3495 dicit,

121 3520 271 3588 refellunt
281 3537 375 3586 casus
385 3518 534 3601 plurales,
547 3519 757 3585 nominativus
770 3513 904 3606 δάκρυα,
926 3518 980 3600 qui
990 3518 1023 3583 iu
1033 3517 1106 3584 EM.
1119 3516 1190 3584 245.
1204 3518 1245 3585 59

123 3642 195 3690 cum
217 3617 335 3703 noire,
373 3613 475 3688 άσιια
498 3626 720 3703 comparatur,
755 3627 789 3686 et
820 3621 894 3686 hinc
914 3626 1094 3687 contractus
1127 3618 1245 3711 δάκρη,

122 3743 217 3807 quem
239 3722 491 3789 Schneidewinus
514 3724 555 3789 ad
576 3723 666 3789 Eust
688 3722 830 3789 Proeom.
855 3742 885 3806 p.
908 3722 950 3788 38
971 3724 1004 3789 in
1026 3723 1155 3790 Pindari
1178 3743 1245 3791 sco·

122 3828 165 3893 lio
188 3824 259 3912 (88)
280 3825 430 3905 restituit,
453 3825 639 3908 dativnsque
663 3820 819 3912 δάκρυσι,
852 3843 914 3909 quo
937 3825 1034 3893 Attici
1056 3846 1180 3909 quoque
1213 3828 1245 3891 in

123 3947 268 3996 sermone
290 3928 392 3995 soluto
417 3932 558 3992 utuntur.
601 3928 668 3994 Hos
685 3928 889 4011 casusEpim.
907 3928 977 3993 120.
1001 3927 1042 3993 32
1065 3926 1166 4008 affert,
1189 3929 1245 3993 sed

123 4050 289 4116 perperam
311 4030 550 4112 interpretatu:
574 4030 619 4109 τδ,
636 4026 752 4118 δάκρυ,
777 4028 923 4117 δάκρεος,
945 4026 1069 4116 δάκρκῖ,
1097 4030 1135 4093 κδ
1159 4031 1244 4116 πλη-

168 4286 198 4354 *)
215 4306 238 4340 υ.
251 4286 353 4340 Parae
366 4285 424 4340 lte.
435 4313 466 4325 -
475 4286 557 4340 Adraa
576 4281 689 4355 „redon
698 4304 715 4340 a
724 4282 832 4354 γλαφὺς
844 4281 880 4344 ὥς
888 4281 975 4345 δασύς
985 4282 1057 4346 δασύ
1069 4286 1144 4342 Euat.
1159 4283 1246 4354 [δΕδῙ.

122 4372 183 4429 2³³.
203 4372 247 4443 55]
257 4377 297 4427 sic
314 4371 465 4428 etButtm·“
486 4370 510 4440 [fi
521 4367 557 4427 td
574 4373 636 4426 adn.
648 4369 793 4440 13113131
811 4372 1132 4441 Daoaeuaaiosraaap.
1150 4372 1203 4438 Vs
1222 4374 1246 4428 l.
