2736 4778
155 359 219 426 nn
240 357 507 427 rnosrrmsr
528 357 590 424 nr
612 358 874 427 neumausi
898 355 937 426 ο.
954 357 1000 425 11.
1023 361 1048 445 ς.
1061 357 1090 424 3.
1140 364 1190 435 m

79 543 136 612 καὶ
165 543 328 632 ἐμέθηνον
356 542 508 628 λέγουσιν
538 537 715 633 ἑκατέρως,
744 545 871 626 μᾶλλον
899 545 936 612 δὲ
960 548 1126 633 μεθῆκεν·
1150 543 1189 612 τὸ

76 649 157 729 γοῦν
175 644 341 732 ἔμέθηνον
359 639 457 709 tantu
476 640 533 711 noi
548 641 712 712 παλαιόν·
728 645 781 711 cui
797 664 856 733 par
871 655 905 711 et
918 645 1082 731 geminum
1097 645 1191 711 affert

76 744 156 811 ΕΜ.
176 744 312 832 dovoriae
333 744 410 829 (sio)
428 738 583 822 Ἀλκαῖος
606 745 663 813 καὶ
682 739 870 832 Ἀνακρέων
891 749 1108 835 πλεονασμῷ·
1130 746 1190 813 sed
1301 813 1311 821 ,

76 843 130 912 hic
147 846 304 913 continuo
323 845 480 912 caleulum
495 844 640 912 reducit:
658 841 720 914 ot’ae
739 842 808 914 ἔστι
828 846 865 915 δὲ
882 846 1095 931 πλεονασμὸς
1114 842 1188 913 ἀλλ’

76 941 193 1036 ciram}
219 947 326 1026 κλίσις
348 943 392 1026 ὡς
414 944 659 1036 πεπαρῴνηκα,
688 941 880 1035 ἦνώχλνμεα,
911 947 1004 1032 quod
1025 947 1103 1033 quia
1126 947 1190 1015 duo

76 1045 179 1114 habet
190 1060 361 1135 augmenta
372 1048 561 1136 temporalia
572 1049 677 1114 minus
690 1059 766 1137 apte
778 1047 941 1115 confertur
953 1070 1028 1116 cum
1038 1048 1191 1136 ἔσυνῆκσ,

78 1151 173 1235 cujus
194 1173 292 1217 unum
313 1164 362 1217 est
388 1163 598 1238 augmentum
620 1149 817 1236 temporale,
843 1150 978 1217 alterum
999 1146 1192 1235 syllabicam

77 1261 115 1315 ut
137 1240 331 1343 ἐπαρῴνησα
349 1251 509 1318 Themist.
528 1248 758 1341 laenupqiupoe
775 1250 921 1337 Hesyeh.
936 1262 998 1319 etc.
1040 1252 1075 1318 A
1096 1251 1189 1339 pleo-

74 1373 189 1417 nusmc
209 1363 358 1418 neutrum
376 1353 558 1438 sejunctum
577 1364 641 1431 est,
662 1375 769 1438 neque
787 1349 850 1419 hoc
867 1351 921 1419 ille
938 1363 1105 1439 negasset,
1126 1352 1190 1418 nisi

77 1450 159 1520 baec
182 1452 417 1541 hypersuxesis
440 1455 559 1520 Atticis
582 1467 646 1519 tam
670 1453 837 1521 familiaris
860 1466 946 1521 esset
971 1467 1008 1521 ut
1035 1467 1190 1549 tanquam

76 1554 241 1642 singulare
274 1555 371 1641 hujus
407 1556 535 1621 dialecti
568 1556 691 1621 idioma
708 1556 760 1637 ¹²)
793 1579 813 1621 a
843 1556 1033 1643 pleonasmo
1064 1556 1190 1643 vulgari

76 1655 197 1735 ἐθέλω,
221 1655 347 1734 ἐκεῖνος
369 1669 429 1722 etc.
453 1657 636 1744 separanda
656 1657 828 1724 videretur.
871 1660 942 1724 Aut
962 1658 1059 1725 etiam
1079 1657 1188 1746 Apol·

75 1756 164 1822 lonio
188 1778 341 1823 assensus
364 1769 414 1824 est
434 1759 561 1845 epsilon
583 1759 819 1847 pleonasticum
841 1759 1095 1828 consonantibus
1117 1783 1188 1827 om·

75 1857 154 1924 nino
172 1881 239 1924 non
258 1882 400 1946 propom
390 1859 478 1925 'scd
494 1861 594 1926 modo
612 1859 789 1928 vocalibus.
832 1861 886 1928 De
909 1861 1079 1949 aphaeresi
1100 1861 1190 1928 nulla

76 1982 219 2045 unquam
235 1959 296 2024 luit
314 1959 490 2027 dubitatio:
508 1963 547 2030 τὸ
567 1955 816 2048 ἀφαιρούμενον
836 1988 852 2031 ε
875 1963 931 2030 καὶ
952 1960 1065 2031 λεκτὸν
1088 1987 1189 2028 κατα-

75 2161 189 2249 Apoll.
210 2162 312 2229 Pron
336 2162 387 2227 74.
414 2112 599 2230 i'dsuouv‘
583 2187 601 2227 ο
629 2160 875 2248 παρακείμενος
903 2159 1036 2229 doou''
1012 2186 1078 2246 εχει
1101 2160 1139 2229 τὸ
1166 2187 1184 2231 ε

77 2263 133 2331 καὶ
161 2260 181 2329 ὁ
209 2256 503 2361 ὑπερσυνιελικός·
531 2258 564 2330 oi
594 2255 682 2331 δὲ’
661 2257 815 2348 αόρισιοι
846 2260 949 2350 ψιλὸν
983 2261 1100 2352 ἐπειδὴ
1133 2261 1191 2333 nat

76 2362 162 2431 suad
184 2358 357 2452 ἀποβολὴν
378 2367 439 2430 τοῦ
461 2389 477 2433 s
502 2362 665 2449 λέγονται,
690 2367 792 2452 στῆσε
814 2363 871 2432 καὶ
891 2358 973 2431 στάν
996 2363 1123 2433 Herod.
1146 2363 1189 2437 ad

73 2464 115 2530 Il
129 2464 177 2530 11.
195 2464 267 2530 777.
301 2463 492 2532 Communis
514 2465 717 2532 consuetudo
735 2486 837 2530 unum
852 2463 987 2531 verbum
1007 2464 1072 2531 hoc
1087 2463 1188 2531 modo

77 2564 257 2631 decurtavit
269 2568 350 2654 χρῆν
364 2562 436 2662 dni
452 2571 512 2635 τοῦ
529 2564 658 2651 ἔπρεπε
674 2562 752 2633 κατ’
769 2560 949 2652 ἀφαίρεσιν
963 2570 1025 2634 τοῦ
1033 2552 1187 2635 Thomu.

72 2667 124 2734 Μ.
153 2666 196 2734 de
226 2689 292 2755 quo
321 2667 438 2734 mirum
467 2668 501 2733 in
527 2669 661 2734 modum
693 2666 845 2734 dissentit
871 2655 1066 2735 Heraclides
1093 2668 1188 2734 Eust.

75 2768 171 2845 1647,
197 2769 249 2834 37.
276 2773 358 2857 χρῆν
381 2781 413 2833 et
429 2766 532 2857 ἐχρῆν
557 2768 733 2837 infinitivus
760 2790 832 2834 esse
856 2766 947 2836 verbi
971 2773 1071 2856 χρᾷν,
1098 2767 1190 2837 illum

74 2869 257 2956 simplicem
279 2879 312 2935 et
331 2870 476 2936 nativum
496 2881 533 2936 ut
555 2872 627 2962 ζῇν,
651 2870 737 2939 hunc
760 2880 891 2937 auctum
912 2880 949 2935 ut
971 2868 1083 2953 exsto,
1105 2869 1188 2937 clio·

75 2970 155 3057 quin
177 2969 264 3037 enim
284 2967 361 3058 ἔχρη
383 2970 557 3039 dicendum
573 2972 689 3039 fuisset
708 2983 745 3037 ut
767 2969 836 3058 ἔβη.
879 2973 931 3041 Ao
950 2970 1011 3039 fuit
1029 2971 1190 3056 quaedem

73 3070 151 3137 huic
179 3069 292 3136 similis
319 3064 464 3159 suspicio
491 3072 532 3138 de
555 3072 711 3138 infinitivo
733 3071 849 3148 medii3
878 3069 1011 3154 λέγουσι
1033 3070 1089 3138 ναὶ
1108 3076 1189 3160 χρῆ-

73 3179 161 3242 σθαι
190 3166 262 3239 ἀντὶ
287 3175 347 3239 τοῦ
379 3175 430 3239 δεῖ
459 3172 552 3240 Suid.
578 3197 604 3239 s.
626 3168 706 3259 χρή,
737 3172 797 3239 sed
824 3169 889 3237 hoc
915 3191 957 3235 ex
981 3168 1191 3243 Comieorum

73 3273 170 3353 locis,
197 3296 279 3358 quos
300 3271 441 3360 profert,
465 3295 551 3339 nunc
573 3283 732 3339 remotum
753 3283 804 3338 est
823 3294 853 3338 ν.
874 3270 1021 3339 ΜοὶιιοΙι.
1043 3272 1120 3341 Vol.
1140 3272 1188 3341 11.

73 3376 114 3443 Ρ.
127 3377 155 3442 Ι.
169 3376 243 3443 293.
260 3386 293 3441 et
312 3375 492 3462 imperfecti
515 3370 614 3464 ἐχρῆν
630 3375 801 3462 ipsiusque
823 3374 1003 3463 praesentis
1022 3370 1086 3463 χρή
1107 3396 1188 3442 con·

75 3476 227 3543 formatio
250 3475 393 3542 insolens
414 3476 520 3543 minus
548 3477 770 3545 admirationis
796 3475 897 3544 habet
917 3498 1015 3564 quam
1040 3476 1188 3545 infinitivi

75 3601 136 3667 pro
168 3577 357 3665 imperiecto
388 3578 556 3667 usurpatio
586 3578 734 3665 quamvis
765 3578 884 3668 placita
913 3578 1115 3668 Goettlingio
1146 3580 1189 3649 da

74 3682 156 3747 Aeo.
178 3678 231 3745 46.
255 3690 288 3746 et
306 3677 520 3748 Matthiadae.

158 3785 184 3867 ξ.
208 3783 252 3847 3.·
283 3781 493 3870 Apollonius,
518 3805 583 3868 quo
607 3780 800 3848 obstinatius
817 3780 985 3850 vocabulis
1004 3805 1026 3849 a
1043 3805 1189 3853 consone

72 3881 306 3971 incipientibus
329 3883 457 3971 epsilon
484 3883 722 3972 pleonasticum
751 3883 906 3971 denegat,
935 3881 1000 3951 hoc
1028 3882 1188 3972 promtius

73 3983 226 4051 concedit
247 3984 544 4071 alterigeneri31d
566 3982 749 4069 πλεονάζον
770 3979 967 4074 sciscitatus
985 3984 1094 4066 λέξεσι
1113 3989 1189 4066 ναῖς

72 4080 143 4154 tut
168 4082 349 4175 συμφώνου
367 4081 461 4173 ἄρχοι
463 4089 564 4166 ιέναις
580 4083 731 4170 ἕεδνα,”
709 4111 811 4166 estus,
837 4081 959 4172 ἑώρων,
984 4081 1062 4152 ἕαδε
1079 4079 1184 4170 (ei
1140 4110 1187 4174 μη

143 4308 189 4380 1²)
208 4307 303 4365 Schol.
316 4306 350 4367 11.
364 4306 442 4364 xvt.
455 4306 516 4363 tat.
533 4303 639 4399 ἅνιινγι
653 4303 822 4377 πλεονασμῷ
835 4306 881 4358 νοῦ
893 4288 1042 4366 feltrinus.
