2736 4778
162 346 230 420 Du
248 342 520 416 PARATHESI
537 344 600 415 ET
624 344 899 416 SCRIPTURA.
921 347 961 418 C.
974 346 1039 416 ΙΙΙ.
1061 350 1087 437 ς.
1103 349 1134 418 6.
1157 287 1240 433 605¹

122 534 217 603 cobs.
236 533 281 601 cd
298 533 373 601 Ael.
394 556 428 622 p.
448 534 519 603 123.
540 532 600 601 sed
619 533 720 600 multo
742 534 941 622 frequentius
964 536 1023 605 ἐπὶ
1043 534 1124 607 τάδε
1147 564 1232 628 quo·

122 637 226 705 modo
247 658 335 704 nuno
355 636 480 703 editsrm
504 645 554 702 est
574 646 715 703 streete
736 638 869 725 quidem
890 639 949 705 sed
965 638 1100 706 alterum
1119 664 1233 710 vereor

123 752 164 808 ut
176 741 253 826 jure
271 748 432 805 mutatum
451 738 509 816 sit3
531 762 608 805 nam
629 738 785 808 ἐπέκεινα
804 763 871 806 non
893 740 998 807 solum
1019 741 1072 809 hic
1096 754 1129 809 et
1151 746 1234 811 duo-

124 842 190 911 bus
209 840 282 909 diis
302 840 452 908 Plutonis
478 840 560 908 locis
585 841 763 928 antiquitus
789 842 942 909 traditum
971 855 1021 910 est
1041 866 1071 911 v.
1097 845 1235 914 Schnei-

126 944 197 1012 der.
225 944 271 1010 sd
290 942 361 1011 civ.
383 944 425 1010 Τ.
448 942 502 1009 tlt.
531 967 565 1031 p.
588 943 659 1009 169.
690 944 750 1009 sed
775 945 871 1010 etism
900 944 997 1012 lsoor.
1024 947 1140 1013 Antid.
1163 948 1236 1029 124,

124 1044 319 1115 416116.
344 1046 387 1113 dc
406 1045 482 1112 Usu
501 1045 591 1111 Part
612 1045 691 1114 XV.
712 1045 744 1111 6.
767 1069 799 1134 p.
822 1046 895 1112 666.
914 1046 955 1114 Τ.
977 1046 1033 1116 lV.
1055 1049 1175 1116 Athen.
1192 1050 1238 1117 X.

126 1146 271 1217 33116.
300 1156 334 1214 et
362 1148 453 1234 apud
480 1147 582 1226 slios,
609 1146 747 1234 ipseque
778 1147 948 1214 Behkerus
972 1148 1008 1214 in
1032 1150 1169 1217 Aristot.
1198 1150 1239 1218 ds

128 1248 226 1319 Sem.
243 1246 315 1319 Vll.
334 1248 409 1314 449.
433 1273 463 1316 s.
486 1248 538 1315 26.
560 1248 694 1315 retinuit
717 1248 872 1317 ἐπέκεινα
892 1261 1048 1337 sequente
1070 1250 1128 1319 ἐπὶ
1149 1248 1239 1319 τάδε.

124 1346 219 1423 Cum
240 1348 298 1416 illo
318 1350 470 1436 congruit
490 1344 706 1437 ὑπερέκεινα,
738 1351 829 1436 quod
854 1351 1000 1418 Thomas
1021 1352 1140 1439 rejicit3
1167 1374 1241 1420 cum

126 1452 234 1519 utero
260 1451 457 1519 conferentis
485 1460 563 1517 sunt
584 1449 643 1518 ἐπὶ
662 1447 812 1536 θάτερα,
842 1446 899 1541 ἐφ’
929 1448 1068 1538 ἑκάτερα
1098 1464 1130 1520 et
1158 1477 1242 1541 quae

129 1552 229 1620 Phio
257 1551 425 1642 copulavit
450 1551 636 1639 Hipparch.
659 1552 732 1617 229.
755 1553 798 1617 A.
828 1547 887 1618 ἐπ’
916 1547 1073 1640 ἀριστερὰ
1097 1554 1157 1622 καὶ
1183 1554 1243 1621 ἐπὶ

132 1648 242 1733 δεξιοί,
263 1654 353 1740 quod
373 1653 495 1721 librarii
512 1653 547 1719 in
570 1653 677 1740 Orph.
693 1654 777 1740 Arg.
791 1652 883 1719 1217.
906 1644 1037 1720 οιόΙίοἰ
1058 1675 1132 1720 cum
1154 1678 1244 1722 com·

128 1751 245 1843 posito
274 1754 432 1836 ἐπιδέξια
461 1755 680 1822 contuderunt
710 1777 740 1820 v.
770 1753 959 1822 Schneider.
982 1755 1025 1821 ad
1052 1754 1123 1823 Civ.
1156 1756 1197 1823 T.
1219 1754 1244 1823 l.

128 1854 209 1923 336.
251 1856 309 1922 Ad
330 1857 453 1923 exitum
476 1856 705 1924 festinantibus
731 1856 901 1945 paululum
928 1879 1038 1924 morae
1062 1856 1165 1943 injicit
1185 1857 1245 1923 ed·

133 1956 279 2025 verbisle
297 1954 383 2045 παρ’
408 1953 502 2039 circi,
527 1959 618 2046 quod
639 1959 814 2047 scriptores
836 1957 991 2025 tenuioris
1012 1958 1135 2025 ordinis
1151 1982 1246 2026 usur·
1359 1986 1361 1993 ·

134 2072 217 2150 pent
236 2080 298 2148 pro
319 2058 523 2147 παραυτίκα,
546 2061 646 2127 modo
671 2061 719 2127 sic
741 2061 897 2152 scriptum
920 2063 1176 2131 Herodianlil.
1196 2066 1248 2144 11,

137 2164 190 2231 17.
216 2165 266 2251 (p.
289 2162 351 2241 74,
380 2159 543 2248 1Bekk.)
565 2162 702 2229 Aristid.
733 2163 776 2230 de
802 2164 937 2231 Rhetor.
966 2165 1007 2232 T.
1038 2164 1164 2233 11.·49.
1195 2168 1248 2256 (p.

135 2264 181 2332 64
207 2248 329 2352 Dind.i
359 2264 517 2352 Apollon.
549 2265 637 2330 Hist.
659 2264 724 2330 XI.
748 2267 846 2333 modo
877 2264 1011 2354 hyphen
1035 2278 1170 2335 accentu
1197 2269 1249 2336 vel

136 2368 174 2433 in
193 2365 308 2433 ultim
327 2366 376 2432 uti
401 2388 462 2454 per
490 2377 539 2433 est
570 2366 679 2454 posito
710 2366 820 2434 Schol.
851 2366 919 2435 Od.
944 2367 1041 2437 XVI.
1071 2368 1142 2436 148.
1172 2368 1249 2441 seh.

138 2469 292 2538 Phoenn.
313 2466 387 2535 913.
408 2470 500 2554 quod
521 2467 727 2538 Jacobitzius
743 2469 857 2535 ascivit
867 2468 1006 2536 Lucian.
1017 2470 1148 2538 Amorr.
1159 2475 1185 2559 ξ.
1197 2472 1250 2540 33.

133 2568 338 2637 urientibus
367 2568 474 2651 libris,
500 2571 553 2636 vel
578 2570 613 2635 in
635 2570 890 2658 antepenultimo
916 2570 1075 2658 πάραυτα
1096 2595 1127 2639 v.
1149 2573 1250 2642 Thes.

141 2693 210 2767 quo
235 2692 319 2739 sono
339 2670 421 2738 iilud
452 2671 550 2738 hodie
577 2671 683 2737 notari
708 2685 821 2740 auctor
851 2684 901 2740 est
923 2672 1047 2742 Corses
1077 2678 1178 2742 Aust
1205 2676 1252 2744 H.

139 2775 216 2843 419.
258 2776 388 2842 Eodem
408 2774 509 2841 modo
531 2796 585 2862 sp.
614 2772 760 2861 Hesych
791 2775 947 2863 scriptum
974 2776 1093 2864 legitur
1106 2769 1253 2847 Ἄναιπα

145 2882 346 2965 Ταραντῖνοι
366 2876 405 2945 τὸ
428 2877 643 2965 παραχρῆμα,
666 2877 759 2944 aliter
778 2900 854 2944 vero
882 2870 1056 2966 Περιαιπά
1085 2902 1160 2956 πως
1183 2868 1255 2947 οἷον

144 2974 238 3067 ἐγγύς
258 2977 317 3045 καὶ
339 2975 433 3066 παρὰ
453 2976 575 3064 μικρόν
590 2975 689 3044 Phot.
713 2980 805 3063 cujus
825 2979 948 3045 fontem
968 2977 1096 3065 ignoro.
1136 2971 1253 3059 Ἐξαν-

142 3088 203 3173 wic
222 3077 413 3169 παραυτίκα
436 3081 518 3146 Ηεε.
541 3080 654 3167 paullo
676 3090 752 3147 ante
771 3081 987 3168 disceptatum
1009 3088 1068 3145 est.

228 3181 499 3271 Praepositiones
520 3204 594 3248 cum
615 3181 722 3249 verbis
744 3204 804 3271 per
825 3180 994 3268 synthesin
1022 3178 1177 3269 componi
1203 3202 1255 3247 res

146 3287 318 3354 deosntsta
338 3296 397 3351 est.
442 3285 510 3353 Sed
532 3284 561 3349 si
583 3284 631 3351 sic
649 3284 841 3373 compositis
864 3284 928 3351 slis
953 3283 1171 3372 interponitur
1196 3306 1255 3350 vo-

145 3388 237 3466 culs,
266 3386 388 3454 librarii
417 3388 578 3454 fluctuent
607 3408 695 3454 nunc
725 3380 797 3456 ἄνι’
827 3381 862 3455 εὖ
891 3383 1045 3452 πείσεται
1078 3384 1256 3452 scribentes

144 3511 234 3557 nunc
262 3480 300 3557 εἶν
326 3485 509 3577 ποιήσουσι
536 3486 597 3556 καὶ
623 3481 895 3558 ἆνεευπεέσονσαι
920 3485 1040 3553 Liban.
1064 3487 1160 3554 Decl.
1182 3487 1257 3556 246.

147 3593 189 3661 Τ.
215 3590 281 3657 ΙΠ.
308 3587 618 3669 συνευπεπονθότες
640 3590 738 3657 Dem.
762 3589 852 3677 quod
873 3588 1068 3659 Schaeferus
1094 3588 1259 3681 improbat

146 3698 240 3785 App.
254 3695 283 3762 1.
299 3692 373 3761 536.
415 3691 502 3758 Mihi
524 3691 603 3758 satis
625 3702 807 3782 spectatum
826 3703 878 3759 est
895 3690 1069 3760 Platonem
1089 3692 1259 3782 scripsisse

148 3798 197 3865 sie
220 3807 258 3864 ut
282 3796 381 3883 vulgo
409 3793 529 3881 legitur
556 3816 615 3882 per
641 3791 846 3882 hyperbaton
874 3815 935 3883 pro
964 3790 999 3865 εὖ
1028 3790 1259 3865 (ἐπιπείσεται

148 3911 185 3966 ut
206 3893 403 3968 ἀντέπαθον
422 3898 535 3977 κακῶς
554 3890 798 3965 Themiss‘or.
821 3896 900 3967 vn.
922 3896 975 3965 98.
996 3896 1041 3965 D.
1062 3889 1097 3965 εὖ
1118 3918 1259 3982 προπα-

149 3997 223 4070 retr
243 3998 363 4066 Liban.
382 3999 455 4065 231.
478 3997 520 4065 Τ.
537 3996 601 4065 ΠΙ.
643 3998 699 4066 Ab
720 3997 772 4066 his
792 3998 977 4068 notabiliter
998 3998 1107 4066 differt
1126 3993 1261 4082 Thucy·
1317 4074 1319 4078 Ι

151 4102 286 4170 uideam
305 4100 352 4190 μὴ
375 4100 435 4170 οὖν
454 4105 568 4178 κακῶς
587 4107 700 4168 ποιεῖν
720 4098 807 4171 ἀλλὰ
827 4102 1094 4186 συνελευθεροῦν·
1116 4116 1259 4185 proquo

152 4209 264 4283 κακῶς
286 4207 465 4288 συμποιεῖν
495 4200 559 4267 dici
586 4225 652 4269 non
675 4213 804 4293 poterat
832 4202 908 4291 quia
927 4201 1024 4290 hujus
1046 4199 1135 4268 verbi
1162 4198 1262 4288 longe

152 4307 236 4374 clius
264 4315 314 4375 est
339 4305 532 4374 intellectus.
577 4303 689 4389 Quare
719 4316 775 4372 sut
804 4310 1060 4394 ovynauonoteiv
1090 4301 1263 4376 dicendum
