2736 4778
164 321 241 395 366
375 352 387 359 -
448 314 773 384 Dfflsmfflo·
795 316 842 382 Π.
887 316 999 383 ΡμΗ.

165 497 395 589 παντορῤησία
423 499 483 566 καί
510 499 699 590 παρῤηοία,
729 501 789 568 sed
815 501 973 568 refellitur
999 500 1040 566 ab
1069 500 1284 567 Herodiano:

165 600 337 690 παρῥηοία
358 598 390 670 oi
412 600 473 684 μίν
495 595 566 669 tino
584 604 645 669 τοῦ
666 600 876 690 ποττορησία
890 600 978 670 κατὰ
993 600 1178 690 συμκοπὴν,
1195 597 1284 686 ὅπερ

166 699 256 771 δυσίν
285 694 427 768 ἄτοπον·
460 696 547 769 ἀλλὰ
579 700 676 788 παρὰ
708 701 748 769 τὸ
781 705 852 769 πᾶν
874 707 1005 793 τροπῇ,
1040 696 1079 769 οὗ
1115 704 1284 789 συμκοπῇ.

166 803 253 889 Περὶ
287 804 411 869 παθῶν
441 802 523 869 ΕΜ.
553 801 631 880 655,
659 801 710 867 10.
746 801 848 889 idque
877 803 1087 870 confirmatur
1115 824 1184 868 non
1215 824 1283 868 uno

166 903 316 990 exemplo
348 897 564 991 παναληθής,
592 901 812 992 παντργίτης,
839 903 1053 987 petierimus,
1084 901 1286 989 μεγάθυμος

166 1015 200 1072 et
231 1004 303 1070 aliis
334 1004 381 1068 ita
407 1003 601 1090 compositis
634 1015 672 1069 ut
698 1025 821 1071 nomen
849 1003 1091 1092 inoorruptum,
1123 1003 1215 1091 quod
1249 1002 1285 1069 in

166 1116 282 1172 neutro
304 1103 460 1183 cernitur,
483 1104 519 1169 in
541 1115 754 1192 conspeetum
774 1105 898 1185 veniet,
928 1127 1003 1171 oum
1029 1126 1070 1171 eo
1093 1105 1184 1190 quod
1202 1107 1283 1183 πᾶν,

166 1228 269 1293 quum
286 1204 511 1291 componitur,
533 1205 577 1270 ad
592 1206 733 1271 nativam
750 1205 940 1274 brevitatem
956 1205 1125 1293 redigitur.
1164 1205 1284 1290 Itaque

157 1307 203 1372 -in
230 1306 292 1372 heo
318 1305 548 1393 disputationis
578 1317 711 1373 nostroe
737 1308 874 1395 regione
902 1330 942 1374 οο
965 1308 1019 1373 via
1041 1328 1142 1373 unum
1165 1306 1284 1394 depre-

167 1407 340 1475 hendimus
364 1406 556 1474 exemtionis
584 1408 770 1495 exemplum
800 1409 1015 1476 indubitabile
1050 1405 1223 1497 μελανθὴς
1252 1419 1286 1474 et

165 1506 365 1593 μελάνθιον,
388 1531 455 1595 quo
476 1508 603 1577 iteratio
623 1508 771 1595 ejusdem
785 1510 930 1596 syllabae
946 1510 1111 1598 effugium,
1132 1508 1284 1575 verbum-

166 1633 233 1697 que
251 1610 462 1698 proletarium
475 1610 685 1694 μελενδυτεῖν
701 1609 723 1675 i.
742 1634 774 1696 q.
792 1613 1043 1697 μελανειμονεῖν
1059 1611 1093 1675 in
1109 1609 1283 1676 Prodrom.

167 1712 271 1782 Stioh.
303 1711 445 1778 Monod.
476 1734 506 1776 ν.
537 1711 612 1776 334.
648 1710 699 1776 ed.
729 1711 838 1778 Boias.
868 1711 988 1781 Cetera
1015 1734 1100 1798 qnae
1127 1711 1285 1777 adhunc

167 1814 276 1880 looum
298 1813 479 1900 pertinent,
504 1811 588 1877 sumi
609 1822 750 1897 possunt
770 1835 813 1878 ex
832 1815 968 1900 Parerg.
997 1814 1121 1900 Plu-yn.
1143 1813 1208 1879 668
1233 1836 1284 1898 sq.

165 1914 286 1981 Perell.
306 1914 351 1979 48
369 1936 419 2000 sq.
459 1913 706 1996 Adjeotivorum
724 1901 818 1992 inu}
840 1915 1027 1983 exeuntium
1050 1916 1109 1980 uni
1128 1913 1286 2000 syllabam

155 2015 358 2081 ,nominativi
383 2024 560 2080 extremam
583 2013 709 2079 detrahi
730 2016 854 2082 indicat
877 2016 987 2103 Epim.
1013 2015 1042 2081 I.
1065 2017 1140 2096 344,
1165 2016 1217 2082 21.
1238 2013 1284 2080 τὰ

167 2115 218 2196 είς
236 2107 439 2204 υξλὴμοπα
461 2115 546 2201 (καὶ)
563 2111 647 2199 παρ’
674 2111 813 2184 εὐθεῖαν
834 2113 1029 2184 συντίθεται
1050 2114 1285 2205 θηλιίμορφος,

169 2215 394 2305 πρεσβυγενής
415 2219 473 2283 καί
494 2241 631 2300 παγενις
654 2217 731 2301 (ser.
754 2218 849 2302 παρὰ
870 2212 1013 2305 γενικήν)
1041 2212 1286 2304 βοτρυοχαρής·

167 2318 269 2406 μόνον
297 2316 337 2386 τὸ
364 2313 485 2405 ἥμισυς
510 2320 560 2405 πῇ
583 2317 644 2400 μὲν
665 2317 748 2400 μίαν
767 2316 936 2405 συλλαβὴν
958 2317 1158 2386 ἐκκέκοπται
1179 2314 1227 2397 (ὃς
1246 2315 1284 2382 τὰ

170 2415 356 2509 ἧμίδιορον,
391 2411 621 2506 ἡμισιίχοιρος,
654 2439 741 2502 quae
775 2418 803 2482 si
840 2441 901 2506 pro
934 2418 1085 2505 exemplo
1119 2439 1286 2505 syneopae

167 2523 361 2597 efferuntur,
384 2519 431 2583 sio
454 2515 628 2583 scribenda
650 2528 726 2582 sunt
742 2513 912 2605 ἡμίδωρον
928 2521 979 2604 (ut
995 2518 1195 2604 δεκάδωρον,
1219 2521 1286 2587 δω-

169 2615 431 2709 eruturum
414 2615 602 2705 ημιχόριον,
631 2619 690 2683 sod
718 2618 855 2685 fortasse
888 2621 1053 2707 pertinent
1085 2621 1126 2686 ad
1151 2622 1288 2687 alteram

168 2720 304 2789 esnonis
325 2730 475 2838 partem,
504 2741 602 2804 quam
630 2720 763 2806 supplet
790 2720 1023 2808 Theognostus
1052 2721 1135 2787 Can.
1162 2722 1214 2788 83.
1244 2724 1286 2788 τὰ

169 2818 207 2888 ἐκ
234 2826 293 2887 τοῦ
319 2818 442 2909 ἥμισυς
465 2820 662 2907 συγκείμενα
690 2817 878 2905 ἀποβάλλει
899 2825 958 2909 τὴν
983 2849 1041 2901 οι,
1069 2819 1207 2910 ἡμίονος
1228 2822 1287 2887 καὶ

168 2915 264 2989 itta.
307 2917 455 3009 Εὕρηται
483 2922 520 2989 δὲ
548 2920 645 3005 παρὰ
670 2927 742 3000 τοῖς
767 2924 930 3002 παλαιοῖς
950 2921 1102 3001 σπανίως
1122 2922 1205 3004 μετὰ
1228 2924 1286 3010 τῆς

169 3049 223 3103 συ,
248 3018 479 3112 ἡμισύχοιρος,
507 3019 730 3110 ἦμισυψοίνιξ
755 3022 844 3108 (sic).
894 3020 1008 3101 Ου’τως
1026 3020 1268 3109 Ηρωδιανός
1253 3046 1288 3088 εν

167 3129 216 3212 τῷ
239 3123 319 3211 περὶ
339 3127 479 3201 παθῶν,
502 3124 559 3209 qui
581 3123 616 3188 id
637 3123 678 3189 ab
700 3123 837 3190 Abrone
861 3123 1067 3190 observatum
1093 3146 1165 3189 esse
1186 3122 1232 3187 ait
1252 3123 1288 3187 in

168 3227 250 3293 EM.
279 3226 353 3303 430,
375 3225 427 3291 30.
455 3224 609 3308 idemque
636 3224 837 3311 implicatum
862 3237 912 3291 est
933 3226 1073 3290 mirabili
1096 3222 1288 3311 Tryphonis

153 3325 364 3414 sophismati
385 3324 474 3412 apud
494 3323 659 3390 Choerob.
684 3325 781 3391 Orth.
805 3327 880 3393 272.
904 3328 983 3394 ΕΜ.
1003 3328 1074 3405 794,
1094 3329 1122 3392 1.
1145 3321 1290 3422 φιλήιης

169 3453 188 3495 ο
214 3429 360 3525 κλέπτης
387 3423 481 3513 παρὰ
507 3425 547 3492 τὸ
573 3419 750 3523 ὑφειλὲτης
778 3427 863 3493 κατὰ
890 3421 1072 3515 ἀφαίρεσιν
1100 3431 1157 3493 τοῦ
1187 3453 1205 3493 υ
1232 3427 1291 3493 καί

168 3533 231 3594 τοῦ
252 3552 269 3593 ε
294 3527 352 3593 καί
381 3521 514 3593 ἐκτάσει
540 3529 601 3591 τοῦ
630 3551 646 3593 ε
682 3522 731 3605 είς
759 3546 797 3614 η’
825 3527 936 3593 πολλὰ
957 3528 995 3595 δε
1004 3524 1130 3650 tnoi-912
1139 3525 1289 3595 ἐνταῦθα

170 3627 300 3714 γέγονα
323 3626 412 3712 λέγει
435 3619 510 3694 δὲ(
494 3651 512 3692 ο
538 3620 725 3713 Τρυφων”
703 3651 757 3694 οτι
779 3623 1013 3695 συνέπαθεν
985 3655 1014 3716 η
1039 3626 1133 3717 φωνὴ
1156 3632 1205 3716 τῷ
1228 3648 1289 3713 ση-

154 3722 427 3815 .μαινομένιμ,(
403 3748 450 3803 ονς
476 3719 714 3814 ἧμισυκυκλιον
742 3720 953 3814 ἡμικύκλιον,
987 3725 1096 3796 λείπω
1127 3722 1286 3812 λιμός-’ί
1268 3752 1287 3793 ο

170 3824 233 3913 γὰρ
263 3822 408 3912 κλέπτης
438 3821 567 3892 ἔκδειαν
591 3831 695 3893 ποιεῖ.
725 3826 821 3892 »Ηοο
850 3834 899 3893 est
922 3830 1013 3914 quod
1035 3827 1290 3897 Choerobosous

171 3927 251 3995 dieit
275 3925 373 3994 Orth.
392 3926 474 4006 277,
496 3925 528 3990 3.
551 3935 585 3989 et
608 3923 643 3988 in
663 3924 786 3992 Pselm.
805 3928 857 4007 27,
877 3927 930 3994 29.
951 3926 971 4018 ἦ
997 3931 1090 4019 pom)
1114 3931 1290 3999 συνέπαθε

143 4026 144 4030 ’
170 4033 218 4118 τῷ
242 4027 474 4118 σημαινομένῳ
493 4035 592 4112 atque
609 4023 652 4088 ed
669 4024 749 4093 haee
768 4022 918 4113 ὀνόματα
934 4028 1174 4115 συμπάσχοντα
1192 4031 1292 4098 refert

152 4128 269 4209 ‚etiam
286 4124 394 4218 χοροίς.
436 4129 603 4206 Duorum,
632 4147 716 4212 quae
743 4126 977 4215 Theognostus
1003 4133 1181 4221 expromit,
1208 4127 1289 4221 ἡμί-

169 4253 284 4319 χοιρος
305 4242 338 4296 et
357 4224 591 4320 ἧμιοιίφοινιξ,
614 4226 710 4306 illud,
731 4228 761 4296 si
781 4231 902 4298 mendo
920 4244 1026 4312 vocat,
1050 4244 1137 4301 certe
1156 4233 1289 4320 linguae
