2736 4778
157 361 222 429 ΒΕ
243 357 512 430 PROSTHESI
531 357 594 426 ΕΤ
616 357 878 426 APHAERESI.
911 355 951 424 C.
962 355 991 423 1.
1025 358 1050 441 ξ.
1063 355 1093 422 5.
1141 358 1192 436 37

79 546 220 634 istique,
255 558 288 613 et
314 567 414 634 porro
444 544 511 610 duo
540 541 706 630 syntheta,
740 564 841 608 unum
874 536 1095 631 epopzerw)
1129 562 1191 630 pro

81 672 146 736 quo
170 645 350 737 ἇμβροοοῖο
375 657 407 712 et
426 640 622 733 ἆβροιάζειν
646 642 815 731 receptum
836 653 901 721 est,
928 642 1062 710 alterum
1083 637 1193 732 ἆμαρ-

79 757 157 818 τεῖν.
199 751 295 816 Haec
319 748 348 813 si
372 769 412 814 ex
433 757 540 833 etymo
562 767 623 813 suo
638 745 846 831 judicentur,
876 741 957 809 nihil
978 743 1130 810 differunt
1151 740 1192 810 ab

80 847 248 936 ἀμοιρεῖν,
277 844 469 932 ἀποτυχεῖν,
497 870 573 915 nam
600 845 679 935 τύχη
709 859 742 913 et
766 853 873 934 μοῖρα
904 867 1084 934 synonyma
1105 857 1193 922 sunt;

80 951 141 1016 sed
159 950 293 1037 proprie
311 949 459 1016 dicuntsm
477 949 519 1015 de
536 950 577 1015 iis
596 949 652 1036 qui
668 947 721 1014 vel
732 946 916 1033 jnculnntes
935 970 1004 1014 non
1022 945 1195 1013 collineant

80 1051 133 1116 vel
153 1051 217 1115 iter
237 1051 389 1117 facientes
405 1073 425 1116 a
441 1051 613 1139 proposito
631 1047 797 1127 aberrant3
822 1048 939 1116 dehinc
961 1047 1196 1115 transferuntur

83 1151 126 1217 ad
146 1151 224 1217 elias
245 1174 265 1217 a
284 1164 371 1220 recto
397 1152 573 1240 debitoque
595 1152 830 1228 aberrationem
860 1173 926 1238 quo
954 1151 989 1218 in
1010 1149 1195 1238 significatu

79 1253 147 1318 fixa
170 1264 245 1319 sunt
272 1251 451 1340 ἁμαρτεῖν,
481 1250 648 1355 ἆμορτρὶς,
678 1249 892 1343 ἔφομαρτάς,
921 1249 1094 1344 νημερτής.
1136 1248 1193 1318 Ab

80 1355 195 1421 eadem
223 1356 294 1421 vise
328 1355 539 1421 similitudine
566 1355 699 1421 ductum
732 1364 783 1419 est
812 1355 1031 1441 germanicum
1058 1352 1193 1421 verbum

79 1460 144 1522 sich
160 1461 293 1541 oerpelm
313 1456 377 1522 hoc
399 1467 449 1522 est
468 1479 615 1546 peccaro,
638 1477 791 1544 graecum
812 1449 968 1543 diercis„
982 1457 1075 1542 cujus
1098 1455 1192 1542 origo

80 1568 131 1623 est
160 1556 201 1623 ab
238 1551 318 1643 ὅλη,
352 1553 520 1636 ἀλᾶσθαι,
555 1570 588 1625 et
620 1556 739 1644 origini
772 1558 968 1624 conveniens
997 1556 1191 1645 significatio

79 1652 237 1746 ἆλιοῆοοι
259 1653 413 1745 sueonos
433 1659 540 1748 Orph.
558 1663 641 1747 Arg.
656 1660 730 1726 647.
775 1658 984 1741 Quinetiam
1005 1655 1194 1744 οἷμπλοκοῖο

77 1759 159 1824 nihil
182 1759 271 1824 aliud
293 1771 343 1824 est
364 1782 462 1845 quam
483 1759 745 1844 ἀποολάζεοθοι
769 1760 934 1838 deerrare;
961 1770 994 1826 et
1021 1758 1084 1828 hoc
1113 1780 1191 1848 pro·

79 1861 151 1949 prio
170 1860 336 1926 intellectu
357 1862 541 1951 Sophocles
564 1863 685 1929 dixisse
708 1861 836 1928 videtur
856 1857 1116 1950 ἀναμπλάκητος
1130 1883 1191 1949 pro

79 1956 309 2049 ἀπλάνρτοςῆ
334 1959 394 2030 oiot
416 1960 717 2048 ςἰπονολῑονώμενοςΙ
746 1973 814 2028 tum
835 1986 896 2050 pro
920 1963 1108 2047 delinquere
1129 1984 1192 2048 po·

78 2063 167 2130 nitur
187 2063 292 2129 idest
319 2060 522 2149 ἁμαρτάνειν
541 2066 672 2150 φρενῶν
690 2062 807 2149 Eurip.
850 2062 914 2127 His
937 2062 1091 2128 continuo
1114 2060 1192 2128 sub-

71 2164 212 2252 jungam
232 2162 368 2229 verbum
389 2159 527 2248 ipseipse,
549 2163 642 2247 cujus
661 2185 736 2249 pars
755 2162 907 2251 primaria
928 2173 978 2229 est
996 2163 1103 2251 μείρω
1125 2163 1193 2229 sive

77 2268 239 2353 μοι’ρομοι
265 2266 346 2332 dues
369 2265 588 2353 complectens
620 2264 891 2351 significationes:
924 2264 1092 2348 Μοΐρεται
1119 2266 1193 2334 οοέ·

78 2392 173 2454 ostar
194 2369 376 2455 κληροῦτοι
396 2366 567 2454 μιρίζοιοι
587 2367 670 2431 Hes.
697 2365 847 2455 ῐΌμηρος
868 2366 905 2435 τὸ
928 2366 1110 2455 μείρεσθοι
1133 2361 1193 2434 οὐκ

78 2466 137 2535 ἐπὶ
157 2471 216 2535 τοῦ
238 2468 419 2553 στέρεσθαι
440 2468 576 2554 τίθησιν
600 2462 675 2535 ἀλλ’
702 2466 759 2536 ἐπὶ
779 2474 838 2534 τοῦ
858 2466 1058 2553 μερίζεσθαι
1081 2465 1192 2535 Schol.

76 2567 316 2635 11.V11.127.
360 2568 429 2635 Sed
455 2568 549 2634 istius
579 2590 710 2655 quoque
739 2568 985 2656 significationis
1008 2568 1193 2656 exemplum

77 2669 172 2736 affert
185 2668 372 2755 Hesychius
387 2673 570 2752 Μερθιίσο
588 2676 802 2758 οιορηβοῖοο,
824 2693 885 2737 nec
905 2682 1068 2759 repugnat
1086 2669 1192 2748 alteri3

77 2794 155 2838 nam
182 2770 354 2858 partiendo
383 2766 435 2837 res
470 2772 662 2857 conjunctae
695 2783 901 2858 separentur,
936 2795 956 2838 a
987 2771 1192 2860 separatione

77 2884 188 2939 nutem
214 2896 282 2939 non
312 2871 411 2959 longe
440 2873 539 2939 distat
568 2872 722 2961 privatio,
755 2873 957 2960 eandemque
982 2872 1048 2939 vim
1071 2873 1193 2940 hebent

78 2973 257 3064 particulae
280 2974 468 3061 privationis
490 2986 524 3041 et
542 2973 772 3061 separationis:
794 2970 918 3063 ἀκηδής
930 2997 1073 3054 securus,
1089 2970 1193 3064 ἆκάρ·

79 3077 153 3155 ὄιος
177 3097 300 3141 socors.
344 3075 429 3142 Cum
445 3075 552 3162 μοι’ρω
572 3075 672 3161 igitur
686 3075 904 3161 compositum
921 3077 994 3144 dico
1013 3073 1141 3163 ἀμοίρου
1160 3085 1194 3141 et

78 3170 225 3262 ἇμέρόω,
241 3177 332 3262 cujus
348 3176 446 3264 alpha
459 3197 526 3241 non
543 3175 734 3262 privativum
750 3186 800 3243 est
812 3187 850 3242 ut
858 3177 939 3242 ΕΜ.
953 3177 1024 3256 118,
1034 3178 1064 3243 9.
1084 3176 1192 3255 sumit,

78 3276 241 3344 namhoc
262 3301 337 3345 oum
357 3276 465 3344 verbis
487 3275 654 3363 berytonis
676 3300 744 3344 non
767 3279 1054 3368 componitur⁸⁸),
1083 3301 1192 3367 neque

131 3450 321 3539 37)Ἔμοριεν
344 3462 468 3519 ἀπέθανε
491 3463 560 3520 Hes.
585 3467 720 3521 mendose
743 3483 794 3537 pro
815 3459 934 3538 ἤμορςεν
958 3463 987 3519 id
1013 3471 1057 3520 est
1080 3467 1128 3521 rori
1145 3467 1193 3542 ζῇν

78 3546 193 3623 ἥμοριε.
218 3547 328 3619 Νρδύος
344 3545 429 3620 ὅμοιον
445 3544 586 3621 ἄμβροτον
598 3551 685 3606 Anth.
698 3549 746 3605 Vl.
759 3551 818 3604 2⁰1.
832 3550 992 3605 Meinelrins
1006 3550 1115 3607 Delect.
1132 3552 1190 3608 182.
1305 3563 1310 3570 '

79 3636 116 3691 de
129 3636 231 3691 abortu
250 3634 360 3707 accipit,
380 3651 442 3690 nam
460 3631 598 3708 ἄμβροτος
609 3636 683 3692 idem
694 3651 756 3691 esse
769 3638 847 3708 quod
858 3633 1019 3710 ἆμορτηςὸς,
1032 3635 1193 3711 ἁμαρτωλός

78 3720 261 3793 frustratus,
281 3738 334 3776 nec
351 3719 465 3776 differre
480 3723 515 3777 eb
530 3717 702 3793 ἅβροιῆμων.
731 3721 796 3777 Huc
814 3721 945 3778 convenit
961 3717 1095 3794 ἅβροιον,
1113 3726 1192 3796 qnod

79 3805 109 3862 in
130 3806 240 3863 Anecd.
259 3805 351 3862 Beklr.
372 3806 432 3861 322.
451 3805 602 3883 exponitur
624 3805 745 3879 ἄψυχον,
767 3805 890 3872 ἀσθενές.
919 3807 1001 3864 Talis
1016 3816 1110 3866 autem
1127 3819 1192 3866 sunt

80 3888 113 3947 ui
124 3889 327 3966 ἀμβλωθρίδια,
342 3909 415 3964 quse
429 3901 569 3949 nostrates
580 3902 682 3950 vocant
694 3892 915 3967 Fellpelurten.
938 3893 1085 3952 Hsckerus
1098 3903 1191 3952 temen

80 3974 118 4033 de
130 3977 247 4033 Anthol.
261 3979 320 4031 12³.
336 3973 474 4048 ἄμβροτος
484 3978 525 4035 sic
537 3987 568 4034 nt
579 3980 665 4052 vulgo
678 3979 751 4035 solet
762 3979 955 4052 accipiendum
966 3988 1056 4054 putat.

133 4063 181 4132 ³8)
194 4062 289 4118 Schol
303 4063 337 4118 11.
350 4062 416 4118 XV.
432 4066 471 4119 lt).
488 4061 631 4120 ἀπινύσσω
650 4056 795 4135 protiverat
814 4063 851 4128 ὥς
864 4063 980 4137 (ἱμείρω.
1008 4065 1114 4121 Verum
1126 4063 1193 4122 nine·

79 4144 174 4206 νὺοοο
193 4167 250 4205 non
269 4166 330 4204 cnm
350 4145 474 4206 mrtem
493 4151 655 4224 copulatum
669 4152 720 4206 sed
736 4151 955 4223 parasyntheton
975 4150 1113 4224 estprisci
1126 4169 1192 4209 usus

78 4236 116 4291 ab
145 4232 287 4306 adjectivo
319 4233 482 4307 imaginario
512 4234 614 4301 ἄπονος
642 4235 774 4301 ἀοίνιοος
798 4235 968 4294 decimatum
990 4244 1023 4293 ut
1045 4239 1081 4295 ab
1105 4234 1194 4311 ἀήθης

80 4319 219 4393 sestace.
