2736 4778
126 316 200 388 ιιι
491 307 810 401 mssuumno
844 308 872 373 1.

208 498 235 579 ξ.
258 494 289 558 2.
332 491 388 557 Ab
411 490 473 557 hac
499 503 683 579 temporum
707 492 914 577 obliquorum
942 490 1127 576 anadiplosi
1147 512 1237 556 nom-

126 594 217 661 muni
242 604 276 659 et
297 592 406 658 ionica
427 591 535 657 differt
562 614 603 658 eu
625 615 693 677 qus
714 592 886 658 verborum
910 592 1092 678 positiones
1112 590 1239 677 primae

65 730 69 736 ·
126 706 294 780 augentur.
339 693 392 758 Illi
414 692 500 757 enim
518 715 583 757 una
598 693 759 758 vocalium
769 692 922 758 attributa
939 702 989 758 est
1001 691 1139 780 epsilon‚
1163 689 1272 756 huie*

125 799 250 884 plures,
272 814 335 861 neu
357 793 487 860 vocales
508 794 609 858 modo
630 792 691 858 sed
713 793 810 858 stium
828 792 1042 880 diphthongi,
1065 790 1239 877 atquibus

125 898 226 963 semel
247 895 386 962 sucessit
405 915 575 978 nunquam
595 893 788 971 detruhitum
810 895 979 959 nonenim
999 892 1165 978 τριμαίνω
1188 891 1238 957 di-

125 999 209 1062 eitur
226 1018 287 1081 pro
310 992 529 1077 τετρεμαίνω,
557 1015 625 1058 non
647 992 806 1074 dianonus
833 1016 895 1060 neu
923 993 1027 1060 simile
1049 991 1238 1078 quidquam.

125 1099 243 1180 Itaque
267 1118 307 1161 eo
329 1088 607 1180 qu0d¹flsflqti³w
628 1094 662 1157 in
683 1114 746 1158 usu
768 1104 820 1159 est
846 1095 1029 1160 excluditur
1051 1116 1120 1158 non
1139 1091 1238 1158 rudu-

126 1199 281 1283 plicatum
302 1191 444 1282 βρώθω,
471 1192 561 1278 quod
583 1193 793 1260 Grammatiei
820 1195 949 1279 fingunt
975 1193 1086 1282 Epim.
1108 1194 1136 1259 1.
1163 1192 1237 1259 282.

126 1293 301 1381 τεπαέηκα
322 1291 500 1379 πιπριήκω
522 1291 579 1359 καὶ
598 1291 728 1378 βρώθω
750 1296 912 1378 βέβρωθα
931 1293 1098 1378 βεβρώθω
1121 1304 1154 1359 ot
1167 1293 1238 1380 plo·

127 1396 202 1464 nius
217 1391 608 1469 ΕΜ.194,10.έκτου
596 1397 705 1476 βριῦ
725 1391 848 1476 βρώσω
866 1395 1022 1480 βέβρωκα
1045 1393 1103 1460 καὶ
1125 1395 1238 1482 τροπῇ

127 1503 187 1564 τοῦ
217 1520 237 1561 κ
261 1490 310 1573 εἷς
332 1500 361 1560 3
381 1489 560 1581 βιβριόθω.
602 1494 674 1559 Nos
696 1492 757 1557 has
778 1493 916 1580 ambage
944 1515 1012 1558 non
1041 1493 1162 1559 utimur
1179 1491 1239 1558 sed

129 1600 170 1664 ab
197 1596 314 1662 eodem
342 1593 484 1658 themate
507 1591 599 1679 βόρω
624 1590 715 1678 βρόω
737 1616 804 1657 unu
830 1616 933 1680 opem
962 1604 994 1659 et
1015 1590 1181 1679 βεβρώθω
1207 1602 1240 1659 ut

128 1693 308 1783 βιβρωσκω
330 1703 550 1780 propagatum
577 1714 650 1759 esse
678 1702 712 1758 et
741 1705 881 1779 utroque
908 1696 1132 1760 continuatum
1152 1713 1238 1759 mor·

131 1820 202 1862 sum
223 1794 360 1860 indicari
382 1793 618 1869 oontendimus
640 1794 768 1877 qualem
789 1792 983 1877 δαρδάπτω,
1006 1794 1186 1879 γάγγραινα
1207 1804 1240 1857 st

130 1891 256 1985 έιληδιόν
277 1894 313 1959 id
335 1904 384 1958 est
406 1893 594 1978 φαγέδαινα
616 1892 840 1979 significantv
819 1895 936 1980 v.§‚.8
959 1894 1089 1962 Vitiosa
1111 1903 1162 1958 est
1182 1910 1238 1956 oo·

131 1999 240 2062 dicum
259 1993 490 2059 nonnullorum
511 1993 671 2079 scriptura
690 1992 888 2063 κτκιύθαυσι
907 1996 987 2061 Eur.
1012 1996 1096 2059 Hoc.
1113 1991 1185 2057 865.
1207 2001 1240 2111 ίοὲ

129 2098 198 2161 vitii
226 2117 363 2162 consors
390 2091 592 2161 scholiastes
622 2093 662 2161 τὸ
690 2120 728 2163 κε
693 2080 980 2172 ἀναδίντλωσις
1008 2090 1167 2180 noemam}
1194 2085 1240 2168 ὡς

132 2193 327 2261 νεκάδονται
351 2191 562 2275 (κικάδαντο)
584 2195 767 2279 eodemque
783 2215 890 2260 errore
907 2194 1036 2259 duuitur
1047 2192 1158 2261 schol.
1172 2191 1238 2260 06

131 2295 192 2361 VI.
214 2292 337 2359 303.
311 2314 341 2356 su
361 2287 531 2359 κεκύθωσι
553 2293 793 2379 subjunctivum
813 2295 994 2381 praesentis
1016 2315 1089 2358 esse
1105 2293 1239 2380 putavit

131 2392 321 2475 Restituunt
342 2411 488 2475 unquam
507 2391 629 2457 dictum
651 2415 722 2459 esse
742 2416 786 2459 ne
805 2394 831 2458 ii
852 2394 986 2477 quidem
1000 2393 1179 2459 credidisse
1192 2392 1240 2458 vi·

132 2497 249 2560 dentur
272 2491 328 2578 qui
350 2490 414 2556 hoe
435 2490 588 2577 primitivi
609 2493 710 2559 instar
723 2493 859 2559 habent:
880 2494 965 2560 κέλω
987 2493 1045 2561 καὶ
1066 2493 1100 2560 ἐν
1120 2495 1240 2560 διπλα-

133 2599 265 2681 σιασμῷ
295 2590 417 2658 κικέλω
443 2593 500 2658 καλ
528 2590 563 2657 έν
583 2597 734 2683 σιγκοντῇ
755 2595 860 2661 κέκλω
881 2595 976 2658 Eust.
1000 2593 1104 2669 1806,
1128 2594 1179 2659 12.
1201 2594 1240 2660 ef.

133 2694 258 2759 Techn.
283 2693 354 2756 111.
386 2692 521 2757 Rectius
536 2687 756 2780 Ἡρακλείδης
781 2693 869 2779 λέγει
890 2692 944 2760 ὅτι
966 2689 1063 2780 ἡνίκα
1085 2691 1145 2777 μὲν
1164 2696 1242 2762 συλ-

133 2798 239 2879 λαβῆς
261 2789 489 2868 ἂναδίιτλωσις
509 2784 532 2880 ᾖ
542 2842 550 2869 ,
573 2791 610 2857 τὸ
633 2791 759 2861 τέλειον
781 2794 837 2859 καὶ
858 2793 969 2859 κοινὸν
990 2791 1143 2860 talama
1162 2799 1243 2878 μιᾶς

132 2895 299 2981 σιλλαβῑγς
320 2890 406 2977 πρὸς
426 2891 803 2986 τὸβιπλασιαζόμινον,
834 2892 927 2976 λάβω
949 2888 1097 2975 λιλάβω,
1125 2892 1182 2961 ὅτε
1205 2893 1243 2959 δὲ

133 2992 303 3082 γράμματι
324 2991 542 3077 ένθεωρεῖται
564 2988 646 3081 iris}
666 2987 906 3069 ἅναδίπλωσις,
931 2988 1005 3057 τότε
1020 2988 1243 3076 ἲσοσυλλαβεῖ,

132 3099 220 3181 μένω
249 3094 376 3180 μίμνω,
404 3092 487 3178 γένω
515 3091 628 3178 γίγνω,
655 3091 747 3176 μέλω
775 3093 913 3176 μέμβλω
944 3093 1038 3158 Eust
1062 3091 1161 3169 1722,
1191 3091 1243 3157 61.

133 3195 258 3261 Techn.
284 3192 355 3257 127.
379 3192 453 3256 adn.
483 3213 548 3275 quo
571 3194 669 3258 etiam
692 3192 870 3274 πέττιαμαι
893 3193 1098 3258 referendum
1116 3190 1247 3258 videtur

1 3341 10 3357 2
134 3296 259 3376 Quinto
280 3292 518 3375 frequentatum
540 3315 600 3375 pro
623 3291 774 3372 πέταμαι
796 3292 860 3357 111.
883 3292 956 3358 650.
987 3305 1019 3358 et
1041 3292 1118 3357 alibi
1148 3315 1180 3357 v,
1203 3293 1246 3357 ad

131 3398 253 3461 Buttm.
276 3391 350 3457 272.
393 3391 438 3455 Et
466 3388 549 3454 lianc
574 3391 671 3455 unius
698 3412 863 3456 consonae
891 3394 1078 3481 principalis
1100 3393 1245 3460 iteratio·

132 3518 218 3573 nem,
240 3491 333 3576 eujus
354 3486 493 3576 vestigia
514 3512 646 3575 quaqua
666 3512 760 3555 versa
779 3490 932 3580 indagavi
954 3494 988 3558 in
1009 3494 1127 3561 Pumll.
1148 3518 1181 3582 p.
1193 3495 1245 3560 95.

134 3606 167 3660 et
186 3592 277 3658 Add.
299 3591 373 3657 541.
402 3613 422 3656 α
453 3602 611 3657 consueto
641 3590 913 3679 anadiplusiasmo
941 3595 1084 3680 syllabae
1111 3597 1246 3684 propn‘o

133 3692 315 3782 pleonasmi
335 3691 468 3758 nomine
493 3691 664 3778 distinguit
685 3692 923 3761 Grammaticus
943 3696 979 3761 in
997 3697 1079 3764 EM.
1102 3696 1176 3775 500,
1193 3697 1246 3763 31.

122 3792 223 3860 und.
246 3792 319 3869 313,
341 3792 372 3857 3.
395 3788 426 3857 εἰ
447 3791 543 3877 παρὰ
561 3792 601 3860 τὸ
622 3793 709 3862 κέλω
738 3794 869 3864 έκέλετο
896 3795 1064 3876 ἐκέκλιτο,
1104 3798 1248 3864 πλεονα-

134 3893 219 3981 σμός
244 3891 314 3961 ἐστι
330 3893 439 3959 τοῦν
468 3917 497 3959 τι
488 3889 556 3961 ’δέ
575 3894 670 3981 παρὰ
692 3895 732 3963 τὸ
755 3897 847 3963 καλῶ
865 3899 934 3965 κλω
947 3891 1134 3983 (κέκλω)’
1097 3921 1157 3965 ουκ
1177 3893 1248 3965 tm

133 3991 346 4078 πλεονασμὸς
373 3987 458 4061 ἀλλὰ
486 3987 727 4074 ἆναόίντλωσις.
756 3988 851 4063 ’Ἐστι
885 3996 947 4085 γὰρ
980 4000 1047 4063 κλῶ
1082 3995 1141 4064 καὶ
1170 4021 1232 4064 κατ

134 4091 453 4178 ἆναδιτλασιασμὸν
475 4091 598 4161 κέκλω·
621 4090 661 4164 οὗ
682 4122 746 4185 γαρ
756 4121 859 4181 μονον
871 4096 928 4166 δια
940 4122 1024 4166 tout
1045 4093 1192 4184 γίνονται
1217 4092 1251 4164 οἱ

135 4189 446 4277 αιαδινιλασιασμοὶ
468 4186 553 4260 ἀλλὰ
582 4220 640 4262 και
631 4195 719 4264 διὰ
740 4200 856 4278 παῦε,
881 4196 971 4282 μένω
998 4196 1129 4281 μέμνω,
1158 4194 1251 4286 φὲιω
