2736 4778
313 342 378 411 DE
399 340 689 412 stuTATuusr.
732 341 772 410 0.
795 342 823 410 Ῑ.
855 345 881 430 ξ.
903 342 934 410 2.
1104 346 1178 423 695

71 543 104 596 et
128 526 354 616 δυςδροὶκανος
381 523 632 616 δζδέςληπτος,
664 551 749 614 quae
781 550 821 594 ex
848 529 946 593 alt-era
965 528 1055 594 verbi
1075 529 1179 595 iorma

68 629 191 715 βρέξαι
213 629 360 716 pendent
380 652 410 694 v.
435 627 560 694 Techn.
582 629 634 694 49.
677 632 772 695 Haec
796 629 972 695 consiliarii
997 630 1100 694 nostri
1128 641 1178 695 ta-

70 730 125 795 citi
151 741 360 816 praetereunt
389 730 537 796 sednon
560 730 765 816 negligenter
790 741 930 795 tractant
955 730 1089 796 verbum
1114 732 1180 797 iar-

71 831 195 897 ciendi:
224 832 460 919 πεφαργμένος
482 825 553 898 ἀντὶ
579 835 637 897 τοῦ
659 833 893 920 πεφραγμένος
914 833 972 899 καὶ
993 830 1182 920 έφοίρξαντο

70 927 144 998 ἀντὶ
183 935 244 1001 τοῦ
284 931 472 1021 ἐφράξαντο
514 931 572 998 καὶ
613 929 653 997 sd
699 928 848 1020 φρυκτόν
891 931 1055 1021 φαρκτδν,
1102 931 1184 1012 cdere

70 1029 268 1119 ὑπέρθεσις.
318 1033 406 1118 Περὶ
435 1035 558 1099 ποδῶν
586 1031 667 1097 ΕΜ.
696 1031 775 1110 667,
802 1033 853 1097 22.
907 1034 1000 1098 Addi
1032 1044 1185 1120 poterant

72 1131 224 1218 syntheta
251 1124 423 1219 δραρκτος
450 1131 486 1196 id
508 1143 558 1197 est
581 1125 771 1219 ἀφύλακτος
794 1135 876 1198 Hes.
903 1145 937 1198 et
961 1133 1182 1224 ναύφαρκτον,

73 1233 165 1318 quod
198 1230 390 1298 Dindorfius
420 1231 636 1319 Aristophani
653 1232 785 1325 'tribuit
821 1233 907 1300 Ach.
940 1235 991 1300 95.
1029 1235 1184 1320 idemque

74 1334 363 1400 Grammaticorum
389 1332 585 1418 quibusdam
611 1333 740 1400 indiciis
771 1335 887 1401 ductus
917 1345 1031 1422 poema
1053 1336 1183 1400 Atticos

74 1435 250 1520 aequaliter
269 1432 438 1522 φάργνυμτ
460 1444 493 1499 et
519 1446 627 1500 cetera
650 1435 820 1522 scripsisse
843 1447 968 1514 censet,
996 1458 1063 1501 non
1088 1446 1123 1499 ut
1149 1437 1184 1502 in

72 1538 169 1602 codd.
198 1535 317 1623 legitur
343 1558 374 1601 v.
400 1534 490 1600 Adn.
524 1535 566 1600 ad
593 1534 716 1601 Aesch.
744 1537 837 1602 Pers.
860 1537 912 1603 63.
944 1537 995 1602 ed.
1024 1537 1136 1602 Oxon.
1151 1538 1183 1617 τ)

71 1639 214 1722 Etymon
236 1635 457 1702 scrutantibus
474 1658 515 1702 ox
530 1636 680 1722 proximo
697 1638 836 1702 occurrit
852 1637 937 1723 ἔργα
954 1635 1063 1723 εἴρυτο.
1099 1639 1186 1703 Nam

72 1738 149 1802 hinc
170 1738 388 1824 compositum
410 1729 546 1819 disputas
563 1738 791 1823 Harpocratio‚
815 1738 947 1814 suidas,
970 1737 1068 1803 ceteri
1085 1737 1185 1804 inter-

72 1848 240 1925 pretantur
256 1833 430 1926 ἄφρακτον
449 1847 481 1902 et
496 1835 592 1921 ἕρκος
608 1838 841 1926 περίφραγμα,
863 1837 927 1903 hoc
938 1849 1047 1903 autem
1064 1838 1186 1904 aeolice

74 1935 177 2023 ὅρκος
198 1938 317 2004 dicitur
337 1949 577 2024 cognatumque
595 1936 692 2002 habet
710 1932 812 2024 ἷίρκυς
827 1933 899 2004 ἀπὸ
918 1942 978 2004 τοῦ
998 1935 1095 2023 cipro
1106 1940 1186 2006 EM.

72 2039 266 2125 Digamma,
289 2041 378 2125 quod
401 2038 477 2103 huic
497 2037 597 2103 verbo
620 2038 791 2114 adhaeret,
814 2037 849 2101 in
871 2037 1047 2123 aspiratam
1063 2048 1187 2104 mutato

74 2141 220 2206 nascitur
240 2137 357 2230 φάργω
380 2150 413 2204 et
433 2139 623 2223 trajectione
650 2138 737 2203 facta
760 2136 894 2226 φράγτο,
922 2159 1107 2224 nomenque
1128 2143 1189 2227 ῥῆ-

73 2265 131 2324 χος
152 2241 202 2313 λδ,
247 2251 261 2304 t
283 2235 436 2326 φραγμός
456 2239 550 2304 litera
565 2244 607 2327 φῖ
622 2238 812 2304 destitutum
831 2261 871 2303 ex
887 2238 1026 2304 formula
1040 2239 1188 2306 auram·

75 2262 325 2439 matiffiata:
366 2336 530 2408 οὐδέποτε
570 2334 757 2422 εὑρίσκεται
788 2338 877 2418 λέξις
916 2339 1118 2423 δισύλλαβος
1155 2339 1189 2406 έν

74 2432 381 2528 χρήστι·”δρχομένη
411 2434 481 2507 ἀπὸ
509 2437 569 2506 δύο
601 2437 730 2506 δασέων
756 2443 816 2529 τῆς
842 2438 1001 2525 δευτέρας
1023 2441 1190 2526 συλλαβῆς

76 2537 148 2609 ἀπὸ
179 2542 302 2619 δασέος
326 2533 508 2627 ἀρχομένης
535 2538 701 2606 Choerob.
731 2539 811 2608 Can.
840 2540 921 2618 636,
951 2541 981 2604 8.
1032 2540 1096 2604 His
1122 2560 1190 2605 non

77 2641 184 2706 aliena
207 2652 257 2706 est
273 2638 480 2708 Valckenarii
502 2641 688 2724 conjectura
707 2641 895 2708 Observatt.
910 2640 945 2704 iu
960 2640 1002 2705 N.
1016 2640 1056 2705 Τ.
1070 2663 1104 2726 p.
1115 2640 1189 2706 253.

78 2742 119 2807 Τ.
145 2743 191 2808 IL
223 2741 404 2807 abeodem
430 2737 565 2830 φράττω
591 2763 712 2807 οοτουο
739 2740 886 2832 σφραγίς
912 2741 1105 2828 repetentis3
1136 2740 1190 2807 cui

76 2840 226 2908 nonnihil
258 2842 413 2908 momenti
442 2841 553 2927 adjicit
575 2840 758 2929 Sophocles
784 2845 971 2931 σφραγῖδος
999 2841 1096 2928 ἕρκος
1116 2852 1189 2906 tan·

78 2967 177 3030 quam
202 2942 239 3012 ἐκ
268 2941 487 3033 παραλλήλου
509 2944 654 3029 jungens
682 2941 801 3008 Traeh.
832 2941 906 3006 612.
954 2941 1025 3006 Nec
1054 2942 1191 3006 multum

79 3045 176 3112 obest
201 3046 290 3131 qnod
317 3040 381 3110 hoo
408 3066 429 3107 a
455 3043 562 3128 poetis
585 3042 687 3128 epicis
712 3053 743 3107 et
765 3038 977 3126 scriptoribus
1001 3040 1117 3105 ionicis
1140 3041 1190 3105 di-

79 3145 163 3210 citur
184 3145 338 3234 σφρηγλς,
366 3142 500 3208 verbum
527 3153 634 3208 autem
662 3152 694 3207 et
715 3142 848 3207 nomina
868 3163 909 3206 ex
931 3162 970 3206 eo
994 3151 1072 3227 apta
1093 3139 1192 3227 alpha

78 3247 220 3311 retinent
245 3243 376 3334 φράξας
401 3242 528 3309 Herod.
556 3243 714 3330 Apollon.
742 3238 934 3330 έμφράξαιο
955 3242 1028 3307 Nic.
1052 3238 1116 3306 Th.
1140 3243 1191 3307 79.

79 3341 288 3434 περιφράξοι
310 3344 420 3410 Νοοο.
440 3344 570 3412 XLIV.
592 3345 642 3410 19.
666 3341 824 3430 φραγμδς
852 3353 885 3408 et
905 3339 1044 3429 φράγμα
1065 3344 1191 3408 Herod.

78 3469 154 3511 narn
179 3446 268 3533 apud
289 3444 377 3512 hunc
394 3446 492 3511 etiam
509 3449 646 3534 ρρῆγμα
662 3445 781 3531 legitur
797 3444 831 3509 in
847 3444 935 3509 Edd.
952 3455 1029 3508 vett.
1046 3455 1079 3509 et
1093 3443 1194 3531 alpha

80 3568 213 3632 quoque
233 3568 301 3612 non
324 3546 365 3612 ab
388 3546 539 3614 omnibus
560 3547 738 3630 aequaliter
756 3546 1006 3634 pronunciatum
1024 3566 1096 3611 esse
1113 3568 1191 3633 pro·

80 3648 137 3713 bat
168 3648 339 3713 diversitas
369 3657 521 3714 accentus
551 3670 582 3712 v.
603 3647 723 3712 Parali.
745 3649 819 3713 402.
863 3649 986 3714 Verum
1011 3646 1072 3714 hac
1094 3670 1194 3736 super

79 3771 116 3815 re
138 3747 245 3814 nimis.
288 3748 355 3815 Pro
378 3748 492 3834 τρέπου
514 3748 688 3814 nonnullos
709 3747 824 3835 τέρπον
847 3747 969 3815 dixisse
987 3760 1023 3814 ut
1041 3746 1194 3834 ἀταρπός

81 3851 243 3915 affirmant
269 3860 418 3917 auctores
445 3848 480 3915 in
501 3849 626 3916 Techn.
648 3849 701 3916 38.
731 3848 904 3929 nominati,
931 3860 1109 3934 contraque
1137 3846 1193 3911 alii

153 4106 182 4173 7)
195 4100 297 4160 Nescio
317 4101 393 4177 quod
413 4101 449 4157 ad
466 4099 610 4176 exemplar
621 4102 769 4160 formatum
787 4099 824 4158 sit
840 4100 957 4157 verbum
975 4090 1149 4173 φέρκιεσδαι
1165 4092 1194 4153 sd

82 4185 255 4261 φράττεσθατ
272 4191 352 4246 Phoc.
374 4186 490 4261 ejusque
510 4189 688 4262 imperativus
707 4188 831 4261 qdpxsou
849 4187 977 4258 φυλακὴν
995 4183 1106 4249 σκεύαζε
1124 4185 1192 4243 Hes·

83 4275 219 4341 Quisnam
238 4275 312 4332 anim
330 4268 498 4349 δρᾰκτεσδατ
518 4274 620 4331 dixerit
636 4294 688 4349 pro
705 4268 892 4350 δρέιτεσθαιλ
