2736 4778
111 360 177 428 DE
198 358 326 428 ALIIS
350 356 589 427 SYNCOPAE
611 358 886 429 GENERIBUS.
912 359 991 429 o.1.
1007 362 1074 449 §.ll
1101 362 1179 440 385

62 543 145 610 senti
171 540 268 633 ίλημι
295 567 326 610 v.
353 542 397 609 ad
421 544 545 609 Buten.
571 562 605 628 p.
630 539 681 607 71.
721 542 769 607 To
799 540 902 611 ἔστων
930 543 1078 633 σινγκοτιή
1108 546 1180 617 ἔστι

60 649 119 713 τοῦ
142 642 292 727 ἔστωσαν
311 643 422 731 Epim.
440 642 468 709 I.
485 641 558 708 398.
582 642 673 728 qnod
693 664 815 708 nomen
830 643 1026 732 Sylburgins
1044 647 1080 711 in
1098 648 1179 716 ΕΜ.

61 746 135 823 381,
148 744 201 811 04.
220 766 282 831 pro
302 737 462 831 ἀποκοπή
477 743 625 831 reponit3
648 742 703 808 alii
719 743 761 808 ad
783 745 954 832 enallagen
973 768 1181 815 numerorum

62 846 191 934 delapsi
209 854 287 910 sunt
306 848 418 923 κακῶς
433 845 583 932 λέγοντες
600 846 729 922 δνικοῖς
747 849 898 932 χρῆσθαι
918 845 996 927 amic
1012 842 1186 927 Ἀττικοδς

64 942 137 1014 ἀντὶ
154 948 392 1031 πληθυντικῶν
408 943 567 1014 ποιείτων
584 938 657 1012 ἄντί
672 950 732 1012 τοῦ
751 944 965 1027 ποιείτωσαν,
984 950 1186 1016 τυπτέσθων

67 1041 138 1114 ἀντὶ
166 1052 227 1113 τοῦ
255 1048 507 1114 τυπτέσθιοσαν.
551 1038 647 1111 Ἀλλ’
682 1042 850 1131 λδιοίματά
883 1046 950 1115 εἰσι
979 1053 1085 1116 ταῦτα
1117 1051 1186 1114 τῶν

61 1141 222 1214 Ἀττικῶν
251 1148 351 1212 Exco.
380 1145 487 1214 cram.
515 1147 576 1214 Ν.
604 1146 679 1212 200.
709 1141 790 1213 ἴτων
819 1144 916 1233 (ἄντί
940 1149 1024 1234 τοῦ)
1056 1143 1186 1215 ἴτωσαν

66 1241 287 1335 ἀτακτότερον
306 1246 384 1314 Solu.
405 1246 529 1314 Aesob.
550 1249 647 1313 Eum.
660 1249 712 1314 32.
755 1248 899 1314 Pcriecti
921 1248 1043 1336 passivi
1060 1247 1184 1316 Gram-

65 1347 175 1413 matici
195 1370 262 1414 non
281 1371 381 1414 unam
396 1348 533 1416 modum
555 1371 720 1439 syncopae
742 1349 952 1435 subjecerunt
972 1350 1031 1416 sed
1052 1372 1184 1416 omnes:

66 1444 84 1514 ὁ
106 1448 301 1534 παθητικὰς
320 1449 568 1570 παρακείφιενος
587 1447 646 1518 dra
668 1450 752 1517 κατὰ
773 1450 891 1530 πάθος
912 1449 983 1518 ἐστὶ
1001 1473 1185 1536 προπαρο-

65 1546 212 1630 ξύνεται,
243 1543 488 1637 ὡρμηριένος“
459 1574 624 1634 ωρμενος,
657 1552 852 1636 δεδεγμένος
879 1552 1034 1641 δέγμενος
1061 1550 1182 1617 Choer.

63 1650 98 1714 in
122 1650 180 1715 Ps.
206 1649 259 1714 44
290 1642 482 1718 ἀνεδίδοντο
516 1650 573 1718 καί
605 1649 690 1718 κατὰ
720 1650 890 1751 σογκοπήν
919 1644 1071 1718 δνέδτντο
1103 1651 1186 1717 ΕΜ.

66 1753 142 1829 103,
166 1751 196 1815 7.
224 1751 361 1831 δέχαται
385 1749 471 1817 κατὰ
492 1753 662 1838 συγκοπὴν
685 1738 737 1820 ἐκ
742 1756 802 1819 τοῦ
827 1752 1003 1835 δεδίχαται
1029 1751 1108 1831 259,
1129 1752 1186 1819 36.

66 1851 214 1919 δέδεκτο
229 1850 264 1918 ἐν
291 1856 447 1940 συγκοπῆ
479 1851 575 1918 δέκτο
604 1852 664 1918 καί
695 1853 816 1934 δέχθαι
842 1851 953 1939 Epim.
977 1852 1005 1917 Ι.
1031 1854 1108 1932 111,
1131 1855 1187 1921 24.

66 1951 228 2041 ἐβέβλητο
251 1948 336 2018 κατὰ
358 1952 529 2041 συγκοπῆν
552 1949 672 2039 ἔβλητο
695 1953 775 2016 EM.
797 1952 877 2028 200,
899 1954 930 2017 3.
962 1952 1079 2019 eodem
1105 1975 1186 2020 vero

65 2051 140 2117 loco
171 2050 309 2116 affimat
340 2074 407 2118 non
440 2053 599 2139 syllabam
629 2076 648 2119 e
675 2052 785 2118 medio
818 2052 980 2117 sublatam
1009 2053 1068 2118 sed
1099 2054 1188 2119 arsin

66 2152 186 2218 iactam
207 2173 279 2218 esse
301 2155 494 2240 βεβλῆσθαι
515 2153 602 2221 κατὰ
628 2148 807 2242 ἀφαίρεσιν
826 2156 886 2238 τῆς
909 2140 951 2236 βε
976 2155 1126 2240 βλῆσθαι
1154 2164 1192 2220 et

67 2251 366 2335 259,41.ὀιδέχθαι
380 2252 436 2319 καί
447 2246 521 2317 κατ’
531 2247 713 2341 ἀφαίρεσιν
723 2256 782 2318 τοῦ
791 2253 1043 2335 διπλασιασμοῦ
1053 2252 1188 2338 δέχθαι.

68 2356 165 2420 Haec
184 2352 283 2419 verba
308 2362 384 2418 sunt
411 2362 444 2418 et
471 2352 625 2442 ineptiae.
671 2353 775 2436 Quod
794 2352 988 2420 Athenaeus
1015 2367 1125 2420 narrat
1150 2356 1188 2422 in

69 2455 175 2542 epulis
195 2454 380 2531 Ascadum,
404 2476 505 2540 quum
527 2477 630 2522 coena
651 2467 885 2542 apponeretur,
913 2455 1056 2521 convivis
1080 2455 1191 2521 accla-

66 2566 189 2622 matum
208 2576 281 2621 esse
303 2549 340 2622 εὖ
364 2553 547 2635 δείπνειας,
570 2555 787 2622 Casaubonus
810 2578 852 2621 ex
873 2554 1091 2642 δειπνήσειας
1112 2577 1189 2622 cor·

65 2669 200 2745 ruptum
220 2667 343 2733 censet,
363 2654 694 2742 Schweigbauesems
717 2670 749 2724 ct
770 2657 834 2723 boc
855 2658 929 2723 loco
946 2656 1189 2725 Grammaticac

68 2758 239 2825 arcadicae
261 2757 397 2822 indulsit
418 2769 451 2823 et
470 2758 596 2844 recepit
615 2757 651 2823 in
672 2759 747 2837 alio,
771 2782 836 2844 quo
855 2759 952 2824 codd.
968 2758 1188 2825 accusativum

68 2854 260 2936 εὐδειπνίας
283 2857 451 2945 praebent,
466 2859 642 2926 Dindorfio
664 2861 820 2947 placitum
839 2861 875 2925 in
890 2860 991 2927 Thes.
1036 2860 1106 2928 Sed
1127 2882 1189 2925 ne·

68 2960 133 3045 qu'e
155 2959 219 3025 hoc
240 2980 360 3025 nomen
387 2959 464 3025 alibi
492 2960 613 3047 legitur
640 2983 748 3046 neque
776 2959 991 3046 φιλοτησίας,
1019 2960 1110 3044 quod
1139 2961 1191 3024 vir

68 3063 194 3127 docms
214 3061 244 3126 ei
272 3060 414 3138 confert,
447 3061 510 3125 nisi
540 3062 693 3144 adjuncto
721 3061 830 3145 aliquo
859 3058 969 3125 verbo.
1022 3059 1189 3143 Equidem

69 3160 240 3238 δείπνειας
267 3162 448 3248 optativum
477 3161 660 3248 praesentis
687 3183 760 3227 esse
788 3160 974 3247 suspicatus
1004 3180 1076 3223 sum
1103 3159 1187 3224 assi-

67 3261 224 3325 mulatum
246 3261 369 3328 aoristo
392 3262 483 3327 utin
503 3261 611 3328 verbis
634 3262 800 3349 berytonis
823 3256 995 3345 δερτάζειε
1017 3270 1079 3326 etc.
1095 3281 1125 3326 τ.
1146 3259 1189 3327 ad

67 3364 191 3427 Buttm.
213 3361 286 3428 262.

153 3463 218 3528 His
241 3463 393 3547 adjiciam
415 3463 480 3528 alia
502 3463 634 3530 scholae
656 3475 839 3530 commenta
860 3483 944 3547 quae
966 3484 1075 3548 neque
1096 3472 1191 3530 ante·

69 3564 261 3630 cedentibus
283 3587 418 3652 prorsus
440 3565 558 3630 similia
580 3575 656 3631 sunt
679 3585 787 3649 neque
808 3563 850 3627 iis
872 3585 957 3649 quae
982 3564 1017 3630 in
1038 3565 1190 3652 proxima

68 3676 163 3752 parte
183 3665 416 3732 tractabuntur.
459 3666 573 3732 Unum
594 3677 645 3732 est
665 3666 733 3731 avis
756 3686 877 3731 nomen
897 3664 1050 3755 μόρφνος
1071 3666 1108 3734 ἐκ
1129 3671 1190 3738 τοῦ

67 3765 261 3882 μοροφόνος
289 3771 441 3854 συγκοπῇ
473 3772 541 3834 τῶν
569 3762 629 3835 δύο
656 3756 708 3834 bo
731 3768 811 3834 EM.
836 3767 917 3845 591,
942 3769 994 3835 21,
1037 3769 1194 3835 Alterum

67 3866 202 3950 majoris
226 3867 354 3934 abollae
377 3864 576 3956 αλσοητῆριε
600 3862 821 3953 Ἀρίσταρχος
844 3864 1064 3957 αίσομνφτῆρι
1086 3865 1194 3936 οἱονεί

68 3963 344 4091 αίσιονομητηρι.
354 3968 466 4038 Schol.
487 3968 558 4036 BL.
582 3970 687 4037 adIl.
710 3970 845 4037 XXIV
867 3969 1031 4035 3471οο
1057 3978 1123 4045 est,
1151 3977 1195 4034 ut

69 4067 206 4155 opinor,
232 4075 387 4169 τροπῇ
373 4075 431 4137 τοῦ
458 4096 471 4136 ι
502 4068 550 4149 εἰς
576 4097 594 4136 ι
622 4071 680 4137 καὶ
694 4073 858 4187 ..ουφκοπῇ
884 4072 951 4134 τῶν
978 4068 1038 4134 δυο
1068 4092 1106 4163 ορ
1132 4067 1191 4137 καί

69 4171 254 4253 μεταθέσει
277 4175 339 4237 τοῦ
364 4197 382 4238 ν
406 4170 463 4237 καί
488 4197 530 4255 μ,
561 4170 623 4236 bac
652 4173 737 4237 enim
762 4169 816 4233 via
843 4191 961 4256 aspera
986 4179 1018 4233 et
1042 4145 1197 4238 fleisuosa

70 4271 113 4335 ad
136 4295 221 4354 σομν
243 4273 438 4358 pervenitur.
482 4272 536 4335 Ex
560 4271 732 4357 μακάριος
751 4271 892 4356 primum
912 4266 1045 4358 μάκαρς
1069 4271 1192 4339 iactum

126 4374 165 4413 so
172 4374 205 4412 s
194 4375 260 4420 m.
277 4376 310 4419 ιι
311 4377 352 4415 uo
353 4376 369 4414 ι.
939 4371 982 4437 25
