2736 4778
137 317 252 403 aos,
348 338 370 391 ,·
420 348 427 381 .
487 308 825 395 ..nrssaamrro
857 314 886 379 ι.
998 352 1023 369 ..
1077 340 1085 397 3
1147 356 1171 387 .,

139 519 176 563 se
208 492 418 581 cognoscitur
446 494 505 558 sel
538 516 555 559 e
588 496 765 582 paragogis
796 493 933 582 λάσνρις
964 496 1032 563 sive
1058 492 1259 585 λάσταυρος,

139 591 321 683 λαικασιός
348 594 534 681 (leccator),
562 597 703 663 Λάσναι
733 593 876 681 πόρναι,
905 599 1050 686 Λαίοθρ
1078 594 1258 683 ἀκολασία,

136 694 351 771 Λασὲλαίνειν
375 691 645 774 ἀκολασταίνειν,
675 710 707 763 et
733 698 916 777 Λαίσπαις
940 698 1089 781 βούπαις
1113 699 1258 769 fortasse

137 822 205 883 upn
228 796 363 885 proprie
380 797 485 883 μέγαν
507 800 616 863 παῖδα
644 796 807 885 signifieat
828 799 888 863 sed
910 799 1082 865 exoletum.
1123 802 1258 869 Horum

136 901 236 995 igitur
266 898 412 967 omnium
443 908 569 963 sumen
600 921 673 966 esse
704 900 831 965 videtur
863 899 988 984 syllaba
1019 903 1061 968 λᾰ
1091 902 1160 967 slve
1186 903 1257 987 λαί,

137 1025 236 1090 quam
255 1009 414 1093 'separate
444 998 563 1065 dictam
590 1022 662 1067 esse
691 1024 760 1067 non
781 1000 928 1085 sequitur
956 1024 998 1067 ex
1016 1002 1073 1069 illa
1091 1004 1257 1089 Hesychil

136 1105 265 1192 glossa3
294 1124 370 1165 nam
396 1099 485 1165 idem
514 1100 607 1165 affert
625 1094 703 1186 ’Ἀρι
727 1103 805 1186 (hoc
828 1108 976 1185 accentu)
998 1100 1168 1187 μεγάλως,
1183 1096 1257 1197 ’Ep-s

135 1206 222 1291 μέγα
244 1199 389 1285 ἰσχυρόν,
410 1199 480 1279 Δίς
501 1205 612 1280 κακῶς
633 1200 813 1291 ἐπίρρημα,
836 1202 888 1268 Ζιί
902 1203 996 1288 μέγα.
1039 1204 1134 1269 Illam
1154 1207 1257 1295 alpha

134 1306 270 1389 longum
290 1301 410 1367 babere
432 1303 642 1388 cognoscitur
663 1327 704 1368 ox
725 1303 969 1389 Aristophaneo
997 1305 1253 1395 λακαταπύγων,

136 1426 240 1497 eaque
256 1426 292 1469 re
303 1403 411 1470 differt
425 1426 445 1467 a
457 1401 500 1471 λά
517 1405 681 1490 epitatico,
694 1404 784 1489 quod
800 1405 834 1468 in
848 1404 969 1471 scholis
983 1405 1122 1472 breviter
1135 1410 1253 1496 appel·

133 1509 237 1575 latum
250 1527 322 1573 esse
335 1527 404 1571 non
416 1506 522 1572 solum
535 1506 591 1569 illa
601 1505 767 1571 declarant
779 1505 970 1571 nominuum
978 1507 1105 1591 λάγνος,
1117 1509 1253 1599 λάβρος,

135 1606 253 1687 λάσιος
279 1607 459 1691 veriloquio
486 1605 764 1692 importunissima
790 1607 848 1672 sed
879 1607 975 1672 etiam
1002 1606 1082 1673 EM.
1103 1609 1177 1688 809,
1197 1610 1254 1680 26.

134 1709 245 1794 Epim.
265 1706 295 1773 l.
318 1708 392 1772 437.
415 1711 484 1774 πᾶν
504 1705 674 1794 ἐπίρρημα
697 1706 948 1789 μονοσύλλαβον
970 1702 1045 1773 κατ’
1076 1706 1165 1775 ἰδίαν
1191 1717 1253 1802 ῥη-

134 1809 193 1878 τόν
211 1807 539 1902 μαιροκαταλρνιεῖ·
563 1800 638 1870 κατ’
663 1802 753 1871 ίόίαν
770 1807 868 1894 ῥητόν
887 1799 962 1873 ebra
982 1807 1039 1875 διὰ
1059 1809 1094 1875 τό
1114 1797 1253 1882 ladas-
1281 1797 1289 1809 ¹

134 1907 271 1976 ταιικόν
301 1905 358 1972 καί
388 1905 424 1972 τό
453 1932 475 1971 α
508 1906 575 1971 scil.
607 1903 808 1990 στερητικόν,
840 1930 914 1970 nam
932 1908 1068 1994 longum
1093 1906 1186 1978 cstd
1210 1915 1252 1983 τό

134 2003 382 2093 αχενλιαστικόν
410 2007 494 2072 sicut
520 2008 583 2073 alia
610 2006 862 2095 epiphonemata
886 2013 931 2090 βᾶ
950 2009 988 2075 ari
1012 2008 1170 2099 ἔκπληξιν
1192 2015 1252 2100 δη-

134 2113 211 2183 λοῦν
231 2109 352 2179 Joann.
379 2109 420 2173 de
443 2109 529 2175 Tan.
551 2134 585 2197 p.
608 2110 659 2175 31.
683 2108 770 2173 unde
792 2110 898 2191 βαβαί
919 2108 1088 2198 ἕπίρῤηιια
1113 2121 1253 2198 θαυμα-

133 2206 261 2287 σιικόν,
293 2209 388 2292 quale
416 2232 487 2274 esse
517 2210 645 2275 videtur
671 2214 719 2293 μᾶ
748 2208 888 2275 Tlreocr.
917 2209 997 2276 XV.
1023 2211 1073 2277 89.
1118 2213 1188 2280 Sed
1209 2212 1258 2297 ζιί

132 2294 264 2397 auoque
286 2309 383 2373 breve
405 2320 455 2373 cst
477 2311 567 2393 quod
588 2311 686 2374 miror
707 2322 845 2395 utroque
864 2312 937 2376 loco
956 2314 1169 2398 praetermitti
1186 2339 1252 2382 nec

131 2423 240 2483 tamen
261 2410 394 2497 vulgato
417 2406 460 2475 λοί
483 2432 671 2497 supponere
694 2410 811 2475 audeo.
847 2411 1003 2477 Proxime
1025 2414 1059 2477 in
1082 2417 1248 2499 quaestio.-

130 2536 209 2589 nem
233 2511 323 2579 venit
349 2510 431 2575 illud
461 2512 552 2595 quod
579 2509 746 2575 Albertius
769 2510 812 2574 ad
833 2513 914 2576 Hes.
941 2513 1093 2591 836,16.
1124 2519 1248 2589 eLex.

130 2617 197 2683 Ms.
220 2613 377 2701 apposuit
403 2617 433 2676 Γ
430 2609 465 2678 λί
486 2611 523 2679 τὸ
548 2607 692 2697 ἰσχυρόν,
710 2612 867 2677 mutarine
892 2613 1010 2678 debeat
1036 2615 1071 2681 in
1102 2617 1194 2703 yllor
1213 2631 1252 2685 ut

129 2718 166 2793 in
185 2715 265 2782 EM.
288 2724 322 2779 et
343 2715 424 2777 Hcs.
444 2712 566 2799 legitur
587 2735 628 2776 an
649 2712 719 2776 sola
740 2713 902 2798 prosthesi
925 2716 1054 2780 differat
1071 2718 1111 2783 ab
1129 2719 1185 2785 illo
1205 2718 1250 2803 λί,

129 2840 195 2915 quo
215 2812 434 2903 Epicharmus
457 2837 517 2902 pro
542 2811 615 2880 λίαν
636 2837 714 2878 usus
738 2836 809 2879 esse
839 2814 957 2881 dicitur
980 2820 1064 2884 serio
1090 2821 1251 2891 incertum

128 2943 171 2987 an
198 2940 259 3007 per
279 2918 405 3002 jocum.
453 2915 496 2981 Id
523 2916 661 2980 fortasse
691 2925 840 2980 neutrum
863 2928 912 2981 est
935 2918 1085 3003 adjectivi
1109 2921 1250 2989 obsoleti

127 3021 180 3105 λίς
200 3023 337 3096 validat,
360 3019 449 3087 unde
472 3021 524 3097 λῖς
547 3017 704 3104 appellari
726 3016 834 3105 potuit
851 3018 1063 3086 animantium
1083 3023 1248 3090 validissi-

125 3146 209 3193 mus.
252 3123 296 3189 Itl
319 3122 348 3187 si
366 3120 562 3209 accipimus,
593 3119 742 3206 protinus
773 3119 920 3204 sequitur
941 3121 1145 3210 Λιπόνηρος
1174 3123 1249 3197 λίαν

124 3223 276 3314 πονηρός
303 3246 372 3289 non
402 3246 444 3288 ex
473 3221 597 3306 syllaba
625 3232 658 3286 et
686 3222 828 3287 dictione
857 3223 1075 3310 compositum
1110 3246 1183 3290 esso
1211 3234 1249 3291 ut

127 3322 300 3412 ἀπόνηρος
321 3324 382 3388 sed
406 3347 446 3389 ex
471 3322 596 3387 duabus
620 3322 817 3388 dictionibus
839 3335 875 3387 ut
893 3321 1128 3411 παμπόνηρος.
1161 3324 1248 3393 cum

126 3426 190 3493 hoc
211 3425 385 3493 Reinesius
406 3424 514 3512 Epist
537 3424 589 3489 50.
614 3447 646 3509 p.
664 3423 738 3489 454.
762 3425 885 3489 confert
900 3446 1020 3490 nomen
1037 3424 1136 3490 febris
1156 3427 1248 3512 quod

126 3526 217 3614 apud
238 3529 479 3616 Hippocratem
509 3525 633 3613 duplici
657 3525 756 3591 modo
780 3526 931 3592 scribitur
960 3525 1102 3611 πυρετός
1131 3530 1249 3595 λειπο-

128 3624 206 3713 ρίας
226 3635 260 3689 et
280 3626 440 3713 λιπυριίις
462 3627 529 3692 sive
551 3624 702 3716 λιπαρίῃ.
753 3628 796 3692 Id
826 3630 911 3693 enim
940 3651 1008 3692 non
1037 3650 1111 3693 cum
1139 3627 1247 3696 λείπω

119 3729 273 3815 junctum
295 3748 377 3804 esse,
400 3738 437 3791 ut
456 3728 614 3793 Actuario
636 3728 742 3793 visum
764 3740 823 3807 est,
846 3729 907 3795 sed
923 3750 997 3793 cum
1012 3729 1068 3795 illa
1087 3730 1248 3817 particula

126 3828 170 3910 λί,
194 3826 376 3910 eodemque
397 3825 495 3890 refert
516 3825 701 3914 λιώλεθρος
722 3838 755 3892 et
776 3824 929 3914 λιιοργός.
974 3829 1030 3897 Sic
1049 3832 1135 3897 enim
1156 3831 1249 3920 apud

125 3928 331 4015 Hesychium
361 3925 513 3992 scribitur
532 3925 696 4013 Λιιοργός
726 3931 912 4013 κακοῦργος
941 3941 974 3996 et
1001 3934 1150 4018 proxime
1171 3946 1247 4000 ante

126 4028 268 4117 Λιώόης
301 4025 530 4107 λιθόλενσνος.
585 4027 655 4096 Sed
688 4026 770 4091 illud
794 4025 876 4091 nihil
904 4030 992 4095 aliud
1023 4045 1120 4099 sonat
1147 4058 1248 4122 qnam

128 4128 275 4211 λιωργός
303 4130 370 4196 sive
399 4125 557 4217 λειωργός
583 4129 619 4194 id
649 4137 699 4193 est
723 4131 927 4215 πανοῦργος,
956 4135 1046 4217 quod
1078 4160 1178 4225 supra
1203 4137 1248 4203 ad

129 4224 315 4294 adverbium
337 4228 420 4308 λέως
440 4229 552 4308 retuli3
582 4251 643 4317 pro
672 4227 772 4294 altero
796 4230 1057 4301 substituendum
1077 4249 1127 4304 est
1148 4238 1248 4308 λειαί-
