<?xml version="1.0" encoding="UTF-8"?>
<!DOCTYPE html PUBLIC "-//W3C//DTD XHTML 1.0 Transitional//EN"
    "http://www.w3.org/TR/xhtml1/DTD/xhtml1-transitional.dtd">
<html xmlns="http://www.w3.org/1999/xhtml" xml:lang="en" lang="en">
 <head>
  <title>
</title>
<meta http-equiv="Content-Type" content="text/html;charset=utf-8" />
  <meta name='ocr-system' content='tesseract 3.04.00' />
  <meta name='ocr-capabilities' content='ocr_page ocr_carea ocr_par ocr_line ocrx_word'/>
</head>
<body>
  <div class='ocr_page' id='page_1' title='image "./pathologiaegrae00lobegoog_0918.png"; bbox 0 0 2736 4778; ppageno 0'>
   <div class='ocr_carea' id='block_1_1' title="bbox 123 358 1240 615">
    <p class='ocr_par' dir='ltr' id='par_1_1' title="bbox 123 358 1240 615">
     <span class='ocr_line' id='line_1_1' title="bbox 272 358 1239 448; baseline 0.003 -20"><span class='ocrx_word' id='word_1_1' title='bbox 272 361 329 430; x_wconf 83' lang='lat' dir='ltr'>DE</span> <span class='ocrx_word' id='word_1_2' title='bbox 351 358 747 429; x_wconf 81' lang='lat' dir='ltr'><strong>PROSCHEMATISMO.</strong></span> <span class='ocrx_word' id='word_1_3' title='bbox 784 358 1089 448; x_wconf 77' lang='lat' dir='ltr'>P.111.c.11.§.t.</span> <span class='ocrx_word' id='word_1_4' title='bbox 1176 359 1239 431; x_wconf 80' lang='grc'>249</span> 
     </span>
     <span class='ocr_line' id='line_1_2' title="bbox 123 474 1240 615; baseline -0.001 -20"><span class='ocrx_word' id='word_1_5' title='bbox 123 530 211 609; x_wconf 87' lang='lat' dir='ltr'>dicit,</span> <span class='ocrx_word' id='word_1_6' title='bbox 246 528 303 595; x_wconf 88' lang='lat' dir='ltr'>sed</span> <span class='ocrx_word' id='word_1_7' title='bbox 335 526 436 608; x_wconf 82' lang='lat' dir='ltr'>magis</span> <span class='ocrx_word' id='word_1_8' title='bbox 469 529 575 591; x_wconf 86' lang='lat' dir='ltr'>tamen</span> <span class='ocrx_word' id='word_1_9' title='bbox 608 527 733 609; x_wconf 85' lang='lat' dir='ltr'>plaeere</span> <span class='ocrx_word' id='word_1_10' title='bbox 761 519 927 615; x_wconf 77' lang='grc' dir='ltr'>οὖραιόφι</span> <span class='ocrx_word' id='word_1_11' title='bbox 940 474 975 608; x_wconf 58' lang='lat'>³),</span> <span class='ocrx_word' id='word_1_12' title='bbox 1030 523 1076 591; x_wconf 81' lang='lat' dir='ltr'>Ilt</span> <span class='ocrx_word' id='word_1_13' title='bbox 1108 527 1149 594; x_wconf 86' lang='lat' dir='ltr'>ad</span> <span class='ocrx_word' id='word_1_14' title='bbox 1181 527 1240 594; x_wconf 86' lang='lat' dir='ltr'>hoc</span> 
     </span>
    </p>
   </div>
   <div class='ocr_carea' id='block_1_2' title="bbox 122 621 1365 717">
    <p class='ocr_par' dir='ltr' id='par_1_2' title="bbox 122 621 1365 717">
     <span class='ocr_line' id='line_1_3' title="bbox 122 621 1365 717; baseline -0.001 -19"><span class='ocrx_word' id='word_1_15' title='bbox 122 632 298 715; x_wconf 82' lang='lat' dir='ltr'>exemplum</span> <span class='ocrx_word' id='word_1_16' title='bbox 331 630 427 696; x_wconf 89' lang='lat' dir='ltr'>etiam</span> <span class='ocrx_word' id='word_1_17' title='bbox 456 624 576 717; x_wconf 77' lang='grc' dir='ltr'>Ἰλιόφι</span> <span class='ocrx_word' id='word_1_18' title='bbox 609 627 685 711; x_wconf 83' lang='lat' dir='ltr'>fingi</span> <span class='ocrx_word' id='word_1_19' title='bbox 717 625 821 711; x_wconf 85' lang='lat' dir='ltr'>licuit,</span> <span class='ocrx_word' id='word_1_20' title='bbox 855 647 917 711; x_wconf 89' lang='lat' dir='ltr'>quo</span> <span class='ocrx_word' id='word_1_21' title='bbox 950 628 1089 694; x_wconf 89' lang='lat' dir='ltr'>admisso</span> <span class='ocrx_word' id='word_1_22' title='bbox 1120 630 1241 697; x_wconf 84' lang='lat' dir='ltr'>tollitur</span> <span class='ocrx_word' id='word_1_23' title='bbox 1362 621 1365 624; x_wconf 63' lang='grc'>’</span> 
     </span>
    </p>
   </div>
   <div class='ocr_carea' id='block_1_3' title="bbox 121 725 1293 3302">
    <p class='ocr_par' dir='ltr' id='par_1_3' title="bbox 121 725 1293 3302">
     <span class='ocr_line' id='line_1_4' title="bbox 124 725 1241 820; baseline -0.002 -19"><span class='ocrx_word' id='word_1_24' title='bbox 124 735 280 818; x_wconf 72' lang='lat' dir='ltr'>epectasis</span> <span class='ocrx_word' id='word_1_25' title='bbox 303 733 440 816; x_wconf 81' lang='lat' dir='ltr'>genitivi.</span> <span class='ocrx_word' id='word_1_26' title='bbox 455 770 489 781; x_wconf 91' lang='lat'>-</span> <span class='ocrx_word' id='word_1_27' title='bbox 517 732 658 799; x_wconf 87' lang='lat' dir='ltr'>Tertium</span> <span class='ocrx_word' id='word_1_28' title='bbox 681 736 731 797; x_wconf 89' lang='lat' dir='ltr'>est</span> <span class='ocrx_word' id='word_1_29' title='bbox 752 725 856 820; x_wconf 78' lang='grc' dir='ltr'>ἠῶθι</span> <span class='ocrx_word' id='word_1_30' title='bbox 880 729 959 820; x_wconf 84' lang='grc' dir='ltr'>πρό,</span> <span class='ocrx_word' id='word_1_31' title='bbox 982 750 1044 817; x_wconf 91' lang='lat' dir='ltr'>quo</span> <span class='ocrx_word' id='word_1_32' title='bbox 1066 732 1095 798; x_wconf 84' lang='lat' dir='ltr'>si</span> <span class='ocrx_word' id='word_1_33' title='bbox 1115 735 1241 816; x_wconf 89' lang='lat' dir='ltr'>tempus</span> 
     </span>
     <span class='ocr_line' id='line_1_5' title="bbox 124 829 1241 923; baseline -0.002 -18"><span class='ocrx_word' id='word_1_34' title='bbox 124 845 198 905; x_wconf 90' lang='lat' dir='ltr'>ante</span> <span class='ocrx_word' id='word_1_35' title='bbox 220 843 323 904; x_wconf 88' lang='lat' dir='ltr'>ortum</span> <span class='ocrx_word' id='word_1_36' title='bbox 346 855 488 916; x_wconf 89' lang='lat' dir='ltr'>aurorae,</span> <span class='ocrx_word' id='word_1_37' title='bbox 512 836 549 902; x_wconf 76' lang='grc' dir='ltr'>τὸ</span> <span class='ocrx_word' id='word_1_38' title='bbox 573 833 636 923; x_wconf 74' lang='grc' dir='ltr'>πρὸ</span> <span class='ocrx_word' id='word_1_39' title='bbox 660 829 753 922; x_wconf 80' lang='grc' dir='ltr'>ἠοῦς,</span> <span class='ocrx_word' id='word_1_40' title='bbox 788 840 826 900; x_wconf 88' lang='lat' dir='ltr'>ut</span> <span class='ocrx_word' id='word_1_41' title='bbox 846 840 971 902; x_wconf 81' lang='lat' dir='ltr'>ueteres</span> <span class='ocrx_word' id='word_1_42' title='bbox 994 836 1115 917; x_wconf 86' lang='lat' dir='ltr'>dieunt,</span> <span class='ocrx_word' id='word_1_43' title='bbox 1146 837 1241 921; x_wconf 83' lang='lat' dir='ltr'>signi·</span> 
     </span>
     <span class='ocr_line' id='line_1_6' title="bbox 122 938 1243 1023; baseline -0.002 -15"><span class='ocrx_word' id='word_1_44' title='bbox 122 940 243 1022; x_wconf 83' lang='lat' dir='ltr'>ficetur,</span> <span class='ocrx_word' id='word_1_45' title='bbox 265 940 457 1023; x_wconf 83' lang='lat' dir='ltr'>praepositio</span> <span class='ocrx_word' id='word_1_46' title='bbox 478 939 542 1006; x_wconf 74' lang='lat' dir='ltr'>dm</span> <span class='ocrx_word' id='word_1_47' title='bbox 564 956 654 1004; x_wconf 90' lang='lat' dir='ltr'>suam</span> <span class='ocrx_word' id='word_1_48' title='bbox 677 938 761 1003; x_wconf 85' lang='lat' dir='ltr'>clare</span> <span class='ocrx_word' id='word_1_49' title='bbox 783 940 923 1005; x_wconf 84' lang='lat' dir='ltr'>ostendit</span> <span class='ocrx_word' id='word_1_50' title='bbox 944 946 978 1005; x_wconf 88' lang='lat' dir='ltr'>et</span> <span class='ocrx_word' id='word_1_51' title='bbox 999 941 1131 1020; x_wconf 81' lang='lat' dir='ltr'>exserit;</span> <span class='ocrx_word' id='word_1_52' title='bbox 1154 941 1243 1007; x_wconf 86' lang='lat' dir='ltr'>etsie</span> 
     </span>
     <span class='ocr_line' id='line_1_7' title="bbox 122 1040 1241 1126; baseline -0.001 -15"><span class='ocrx_word' id='word_1_53' title='bbox 122 1046 201 1112; x_wconf 93' lang='lat' dir='ltr'>illud</span> <span class='ocrx_word' id='word_1_54' title='bbox 233 1046 266 1110; x_wconf 91' lang='lat' dir='ltr'>iu</span> <span class='ocrx_word' id='word_1_55' title='bbox 286 1044 416 1110; x_wconf 89' lang='lat' dir='ltr'>Homeri</span> <span class='ocrx_word' id='word_1_56' title='bbox 438 1044 591 1126; x_wconf 85' lang='lat' dir='ltr'>Aratique</span> <span class='ocrx_word' id='word_1_57' title='bbox 613 1040 805 1107; x_wconf 83' lang='lat' dir='ltr'>carminibus</span> <span class='ocrx_word' id='word_1_58' title='bbox 827 1043 965 1123; x_wconf 88' lang='lat' dir='ltr'>positum</span> <span class='ocrx_word' id='word_1_59' title='bbox 987 1047 1045 1109; x_wconf 87' lang='lat' dir='ltr'>est.</span> <span class='ocrx_word' id='word_1_60' title='bbox 1090 1043 1153 1110; x_wconf 87' lang='lat' dir='ltr'>Sed</span> <span class='ocrx_word' id='word_1_61' title='bbox 1175 1063 1241 1110; x_wconf 90' lang='lat' dir='ltr'>am-</span> 
     </span>
     <span class='ocr_line' id='line_1_8' title="bbox 121 1142 1242 1231; baseline 0 -18"><span class='ocrx_word' id='word_1_62' title='bbox 121 1147 240 1231; x_wconf 80' lang='lat' dir='ltr'>bigitur</span> <span class='ocrx_word' id='word_1_63' title='bbox 262 1149 302 1213; x_wconf 91' lang='lat' dir='ltr'>de</span> <span class='ocrx_word' id='word_1_64' title='bbox 323 1167 386 1213; x_wconf 92' lang='lat' dir='ltr'>uno</span> <span class='ocrx_word' id='word_1_65' title='bbox 407 1148 476 1214; x_wconf 87' lang='lat' dir='ltr'>loco</span> <span class='ocrx_word' id='word_1_66' title='bbox 498 1145 556 1212; x_wconf 88' lang='lat' dir='ltr'>0d.</span> <span class='ocrx_word' id='word_1_67' title='bbox 579 1144 625 1211; x_wconf 87' lang='lat' dir='ltr'>Vl</span> <span class='ocrx_word' id='word_1_68' title='bbox 646 1142 702 1224; x_wconf 81' lang='lat'>36,</span> <span class='ocrx_word' id='word_1_69' title='bbox 730 1144 785 1209; x_wconf 90' lang='lat' dir='ltr'>ubi</span> <span class='ocrx_word' id='word_1_70' title='bbox 806 1143 950 1211; x_wconf 88' lang='lat' dir='ltr'>Minerva</span> <span class='ocrx_word' id='word_1_71' title='bbox 971 1145 1148 1214; x_wconf 75' lang='lat' dir='ltr'>Nausicaae</span> <span class='ocrx_word' id='word_1_72' title='bbox 1170 1148 1242 1214; x_wconf 91' lang='lat' dir='ltr'>dor·</span> 
     </span>
     <span class='ocr_line' id='line_1_9' title="bbox 122 1243 1242 1338; baseline -0.001 -21"><span class='ocrx_word' id='word_1_73' title='bbox 122 1251 233 1317; x_wconf 88' lang='lat' dir='ltr'>mienti</span> <span class='ocrx_word' id='word_1_74' title='bbox 255 1251 378 1332; x_wconf 87' lang='lat' dir='ltr'>suadet,</span> <span class='ocrx_word' id='word_1_75' title='bbox 410 1255 447 1316; x_wconf 83' lang='lat' dir='ltr'>ut</span> <span class='ocrx_word' id='word_1_76' title='bbox 468 1270 488 1316; x_wconf 92' lang='lat' dir='ltr'>a</span> <span class='ocrx_word' id='word_1_77' title='bbox 508 1255 600 1332; x_wconf 89' lang='lat' dir='ltr'>patre</span> <span class='ocrx_word' id='word_1_78' title='bbox 621 1247 800 1314; x_wconf 85' lang='lat' dir='ltr'>vehiculum</span> <span class='ocrx_word' id='word_1_79' title='bbox 820 1252 931 1330; x_wconf 86' lang='lat' dir='ltr'>poseat</span> <span class='ocrx_word' id='word_1_80' title='bbox 951 1243 1040 1332; x_wconf 72' lang='grc' dir='ltr'>ἠῶθι</span> <span class='ocrx_word' id='word_1_81' title='bbox 1066 1247 1140 1338; x_wconf 85' lang='grc' dir='ltr'>πρό.</span> <span class='ocrx_word' id='word_1_82' title='bbox 1187 1250 1242 1317; x_wconf 87' lang='lat' dir='ltr'>Se·</span> 
     </span>
     <span class='ocr_line' id='line_1_10' title="bbox 121 1343 1242 1441; baseline 0 -21"><span class='ocrx_word' id='word_1_83' title='bbox 121 1356 229 1438; x_wconf 90' lang='lat' dir='ltr'>quitur</span> <span class='ocrx_word' id='word_1_84' title='bbox 252 1355 335 1420; x_wconf 90' lang='lat' dir='ltr'>enim</span> <span class='ocrx_word' id='word_1_85' title='bbox 359 1350 475 1420; x_wconf 77' lang='grc' dir='ltr'>αὐτίκα</span> <span class='ocrx_word' id='word_1_86' title='bbox 499 1348 528 1421; x_wconf 84' lang='lat' dir='ltr'>d’</span> <span class='ocrx_word' id='word_1_87' title='bbox 552 1351 620 1441; x_wconf 79' lang='grc' dir='ltr'>ἠὼς</span> <span class='ocrx_word' id='word_1_88' title='bbox 641 1343 739 1440; x_wconf 82' lang='grc' dir='ltr'>ἠλθι,</span> <span class='ocrx_word' id='word_1_89' title='bbox 762 1358 796 1416; x_wconf 88' lang='lat' dir='ltr'>et</span> <span class='ocrx_word' id='word_1_90' title='bbox 815 1350 876 1417; x_wconf 87' lang='lat' dir='ltr'>hae</span> <span class='ocrx_word' id='word_1_91' title='bbox 898 1351 1024 1419; x_wconf 91' lang='lat' dir='ltr'>demum</span> <span class='ocrx_word' id='word_1_92' title='bbox 1036 1359 1146 1420; x_wconf 86' lang='lat' dir='ltr'>exorta</span> <span class='ocrx_word' id='word_1_93' title='bbox 1156 1353 1242 1420; x_wconf 87' lang='lat' dir='ltr'>Nau·</span> 
     </span>
     <span class='ocr_line' id='line_1_11' title="bbox 123 1454 1242 1539; baseline -0.001 -15"><span class='ocrx_word' id='word_1_94' title='bbox 123 1458 208 1524; x_wconf 88' lang='lat' dir='ltr'>sieaa</span> <span class='ocrx_word' id='word_1_95' title='bbox 229 1458 414 1524; x_wconf 89' lang='lat' dir='ltr'>mandatum</span> <span class='ocrx_word' id='word_1_96' title='bbox 436 1457 516 1523; x_wconf 88' lang='lat' dir='ltr'>deae</span> <span class='ocrx_word' id='word_1_97' title='bbox 539 1457 729 1539; x_wconf 85' lang='lat' dir='ltr'>exsequitur.</span> <span class='ocrx_word' id='word_1_98' title='bbox 774 1454 835 1520; x_wconf 88' lang='lat' dir='ltr'>Hie</span> <span class='ocrx_word' id='word_1_99' title='bbox 857 1455 954 1535; x_wconf 85' lang='lat' dir='ltr'>igitur</span> <span class='ocrx_word' id='word_1_100' title='bbox 975 1456 1176 1523; x_wconf 88' lang='lat' dir='ltr'>Hermannus</span> <span class='ocrx_word' id='word_1_101' title='bbox 1202 1458 1242 1523; x_wconf 85' lang='lat' dir='ltr'>ad</span> 
     </span>
     <span class='ocr_line' id='line_1_12' title="bbox 122 1548 1293 1646; baseline 0.001 -20"><span class='ocrx_word' id='word_1_102' title='bbox 122 1561 192 1644; x_wconf 85' lang='lat' dir='ltr'>Vig.</span> <span class='ocrx_word' id='word_1_103' title='bbox 214 1580 244 1643; x_wconf 90' lang='lat' dir='ltr'>p.</span> <span class='ocrx_word' id='word_1_104' title='bbox 265 1558 330 1626; x_wconf 88' lang='lat'>886</span> <span class='ocrx_word' id='word_1_105' title='bbox 358 1560 545 1644; x_wconf 82' lang='lat' dir='ltr'>particulam</span> <span class='ocrx_word' id='word_1_106' title='bbox 575 1558 736 1625; x_wconf 86' lang='lat' dir='ltr'>abundare</span> <span class='ocrx_word' id='word_1_107' title='bbox 759 1559 880 1622; x_wconf 85' lang='lat' dir='ltr'>statuit.</span> <span class='ocrx_word' id='word_1_108' title='bbox 926 1556 978 1624; x_wconf 86' lang='lat' dir='ltr'>Sic</span> <span class='ocrx_word' id='word_1_109' title='bbox 1012 1566 1119 1626; x_wconf 88' lang='lat' dir='ltr'>autem</span> <span class='ocrx_word' id='word_1_110' title='bbox 1152 1555 1241 1646; x_wconf 81' lang='grc' dir='ltr'>ἠῶθι</span> <span class='ocrx_word' id='word_1_111' title='bbox 1281 1548 1293 1570; x_wconf 78' lang='grc'><strong>”</strong></span> 
     </span>
     <span class='ocr_line' id='line_1_13' title="bbox 122 1660 1243 1747; baseline -0.002 -16"><span class='ocrx_word' id='word_1_112' title='bbox 122 1669 218 1731; x_wconf 83' lang='lat' dir='ltr'>exuta</span> <span class='ocrx_word' id='word_1_113' title='bbox 239 1664 343 1747; x_wconf 86' lang='lat' dir='ltr'>speeie</span> <span class='ocrx_word' id='word_1_114' title='bbox 366 1663 496 1744; x_wconf 86' lang='lat' dir='ltr'>genitivi</span> <span class='ocrx_word' id='word_1_115' title='bbox 516 1663 687 1729; x_wconf 81' lang='lat' dir='ltr'>revertitur</span> <span class='ocrx_word' id='word_1_116' title='bbox 709 1661 750 1727; x_wconf 91' lang='lat' dir='ltr'>ad</span> <span class='ocrx_word' id='word_1_117' title='bbox 772 1660 913 1726; x_wconf 85' lang='lat' dir='ltr'>ordinem</span> <span class='ocrx_word' id='word_1_118' title='bbox 935 1662 1170 1744; x_wconf 81' lang='lat' dir='ltr'>adverbiorum,</span> <span class='ocrx_word' id='word_1_119' title='bbox 1193 1664 1243 1729; x_wconf 90' lang='lat' dir='ltr'>eui</span> 
     </span>
     <span class='ocr_line' id='line_1_14' title="bbox 122 1765 1242 1850; baseline -0.001 -17"><span class='ocrx_word' id='word_1_120' title='bbox 122 1771 238 1833; x_wconf 89' lang='lat' dir='ltr'>natura</span> <span class='ocrx_word' id='word_1_121' title='bbox 260 1767 454 1848; x_wconf 83' lang='lat' dir='ltr'>adscriptum</span> <span class='ocrx_word' id='word_1_122' title='bbox 477 1772 535 1846; x_wconf 87' lang='lat' dir='ltr'>est,</span> <span class='ocrx_word' id='word_1_123' title='bbox 558 1782 596 1832; x_wconf 89' lang='lat' dir='ltr'>ae</span> <span class='ocrx_word' id='word_1_124' title='bbox 617 1785 657 1831; x_wconf 90' lang='lat' dir='ltr'>ne</span> <span class='ocrx_word' id='word_1_125' title='bbox 671 1766 873 1847; x_wconf 80' lang='lat' dir='ltr'>pleonasmus</span> <span class='ocrx_word' id='word_1_126' title='bbox 895 1765 1023 1848; x_wconf 86' lang='lat' dir='ltr'>quidem</span> <span class='ocrx_word' id='word_1_127' title='bbox 1045 1766 1242 1850; x_wconf 82' lang='lat' dir='ltr'>relinquitur,</span> 
     </span>
     <span class='ocr_line' id='line_1_15' title="bbox 123 1867 1244 1956; baseline 0 -20"><span class='ocrx_word' id='word_1_128' title='bbox 123 1871 151 1936; x_wconf 93' lang='lat' dir='ltr'>si</span> <span class='ocrx_word' id='word_1_129' title='bbox 173 1870 363 1953; x_wconf 83' lang='lat' dir='ltr'>praepositio</span> <span class='ocrx_word' id='word_1_130' title='bbox 387 1867 454 1956; x_wconf 87' lang='grc' dir='ltr'>πρό</span> <span class='ocrx_word' id='word_1_131' title='bbox 476 1871 509 1936; x_wconf 93' lang='lat' dir='ltr'>in</span> <span class='ocrx_word' id='word_1_132' title='bbox 530 1870 590 1936; x_wconf 85' lang='lat' dir='ltr'>hae</span> <span class='ocrx_word' id='word_1_133' title='bbox 610 1868 746 1935; x_wconf 83' lang='lat' dir='ltr'>formula</span> <span class='ocrx_word' id='word_1_134' title='bbox 757 1868 980 1935; x_wconf 82' lang='lat' dir='ltr'>adverbialiter</span> <span class='ocrx_word' id='word_1_135' title='bbox 990 1869 1095 1955; x_wconf 85' lang='lat' dir='ltr'>posita</span> <span class='ocrx_word' id='word_1_136' title='bbox 1117 1875 1167 1936; x_wconf 89' lang='lat' dir='ltr'>est</span> <span class='ocrx_word' id='word_1_137' title='bbox 1186 1889 1244 1953; x_wconf 94' lang='lat' dir='ltr'>pro</span> 
     </span>
     <span class='ocr_line' id='line_1_16' title="bbox 124 1969 1242 2061; baseline -0.001 -20"><span class='ocrx_word' id='word_1_138' title='bbox 124 1972 226 2060; x_wconf 79' lang='lat' dir='ltr'>upari,</span> <span class='ocrx_word' id='word_1_139' title='bbox 261 1981 317 2040; x_wconf 88' lang='lat' dir='ltr'>aut</span> <span class='ocrx_word' id='word_1_140' title='bbox 337 1973 495 2039; x_wconf 89' lang='lat' dir='ltr'>Homerus</span> <span class='ocrx_word' id='word_1_141' title='bbox 527 1973 596 2055; x_wconf 89' lang='lat' dir='ltr'>ipse</span> <span class='ocrx_word' id='word_1_142' title='bbox 623 1971 790 2054; x_wconf 87' lang='lat' dir='ltr'>usurpavit</span> <span class='ocrx_word' id='word_1_143' title='bbox 810 1971 916 2038; x_wconf 80' lang='lat' dir='ltr'>Attice</span> <span class='ocrx_word' id='word_1_144' title='bbox 938 1977 1134 2039; x_wconf 74' lang='lat' dir='ltr'>eontradum</span> <span class='ocrx_word' id='word_1_145' title='bbox 1156 1969 1242 2061; x_wconf 84' lang='grc' dir='ltr'>πρῴ,</span> 
     </span>
     <span class='ocr_line' id='line_1_17' title="bbox 123 2075 1244 2159; baseline 0.001 -17"><span class='ocrx_word' id='word_1_146' title='bbox 123 2076 208 2159; x_wconf 88' lang='lat' dir='ltr'>quod</span> <span class='ocrx_word' id='word_1_147' title='bbox 240 2077 280 2142; x_wconf 90' lang='lat' dir='ltr'>iis</span> <span class='ocrx_word' id='word_1_148' title='bbox 311 2080 397 2143; x_wconf 79' lang='lat' dir='ltr'>carte</span> <span class='ocrx_word' id='word_1_149' title='bbox 430 2076 597 2158; x_wconf 86' lang='lat' dir='ltr'>plausibile</span> <span class='ocrx_word' id='word_1_150' title='bbox 624 2076 725 2142; x_wconf 88' lang='lat' dir='ltr'>videri</span> <span class='ocrx_word' id='word_1_151' title='bbox 746 2076 863 2157; x_wconf 89' lang='lat' dir='ltr'>potuit,</span> <span class='ocrx_word' id='word_1_152' title='bbox 896 2075 951 2158; x_wconf 88' lang='lat' dir='ltr'>qui</span> <span class='ocrx_word' id='word_1_153' title='bbox 982 2080 1020 2141; x_wconf 89' lang='lat' dir='ltr'>ut</span> <span class='ocrx_word' id='word_1_154' title='bbox 1040 2075 1244 2144; x_wconf 76' lang='lat' dir='ltr'>Aristarchus</span> 
     </span>
     <span class='ocr_line' id='line_1_18' title="bbox 123 2177 1244 2264; baseline 0.001 -18"><span class='ocrx_word' id='word_1_155' title='bbox 123 2186 249 2264; x_wconf 89' lang='lat' dir='ltr'>poetam</span> <span class='ocrx_word' id='word_1_156' title='bbox 277 2186 354 2245; x_wconf 88' lang='lat' dir='ltr'>natu</span> <span class='ocrx_word' id='word_1_157' title='bbox 375 2179 601 2247; x_wconf 83' lang='lat' dir='ltr'>Atheniensem</span> <span class='ocrx_word' id='word_1_158' title='bbox 635 2183 669 2245; x_wconf 90' lang='lat' dir='ltr'>et</span> <span class='ocrx_word' id='word_1_159' title='bbox 690 2177 796 2244; x_wconf 81' lang='lat' dir='ltr'>Attice</span> <span class='ocrx_word' id='word_1_160' title='bbox 822 2178 988 2261; x_wconf 86' lang='lat' dir='ltr'>loquutum</span> <span class='ocrx_word' id='word_1_161' title='bbox 1010 2197 1081 2246; x_wconf 88' lang='lat' dir='ltr'>esse</span> <span class='ocrx_word' id='word_1_162' title='bbox 1103 2179 1244 2247; x_wconf 86' lang='lat' dir='ltr'>eredide-</span> 
     </span>
     <span class='ocr_line' id='line_1_19' title="bbox 123 2281 1245 2368; baseline 0.001 -19"><span class='ocrx_word' id='word_1_163' title='bbox 123 2288 198 2350; x_wconf 91' lang='lat' dir='ltr'>runt</span> <span class='ocrx_word' id='word_1_164' title='bbox 209 2284 248 2367; x_wconf 86' lang='lat'>⁴).</span> <span class='ocrx_word' id='word_1_165' title='bbox 292 2282 329 2348; x_wconf 91' lang='lat' dir='ltr'>In</span> <span class='ocrx_word' id='word_1_166' title='bbox 352 2284 467 2348; x_wconf 88' lang='lat' dir='ltr'>ceteris</span> <span class='ocrx_word' id='word_1_167' title='bbox 488 2284 565 2350; x_wconf 88' lang='lat' dir='ltr'>loeis</span> <span class='ocrx_word' id='word_1_168' title='bbox 586 2282 665 2349; x_wconf 85' lang='lat' dir='ltr'>nihil</span> <span class='ocrx_word' id='word_1_169' title='bbox 686 2281 807 2363; x_wconf 85' lang='lat' dir='ltr'>obstat,</span> <span class='ocrx_word' id='word_1_170' title='bbox 836 2283 1002 2366; x_wconf 85' lang='lat' dir='ltr'>quominus</span> <span class='ocrx_word' id='word_1_171' title='bbox 1024 2283 1245 2368; x_wconf 82' lang='lat' dir='ltr'>praeverbium</span> 
     </span>
     <span class='ocr_line' id='line_1_20' title="bbox 124 2385 1246 2470; baseline 0 -17"><span class='ocrx_word' id='word_1_172' title='bbox 124 2404 195 2453; x_wconf 86' lang='lat' dir='ltr'>uum</span> <span class='ocrx_word' id='word_1_173' title='bbox 228 2385 378 2453; x_wconf 89' lang='lat' dir='ltr'>adverbio</span> <span class='ocrx_word' id='word_1_174' title='bbox 410 2388 551 2453; x_wconf 84' lang='lat' dir='ltr'>iunctum</span> <span class='ocrx_word' id='word_1_175' title='bbox 584 2390 746 2469; x_wconf 87' lang='lat' dir='ltr'>putemus,</span> <span class='ocrx_word' id='word_1_176' title='bbox 779 2403 843 2452; x_wconf 91' lang='lat' dir='ltr'>non</span> <span class='ocrx_word' id='word_1_177' title='bbox 874 2404 932 2470; x_wconf 91' lang='lat' dir='ltr'>per</span> <span class='ocrx_word' id='word_1_178' title='bbox 960 2386 1177 2470; x_wconf 81' lang='lat' dir='ltr'>pleonasmum</span> <span class='ocrx_word' id='word_1_179' title='bbox 1208 2392 1246 2462; x_wconf 82' lang='lat' dir='ltr'>ur</span> 
     </span>
     <span class='ocr_line' id='line_1_21' title="bbox 124 2485 1244 2580; baseline 0.003 -24"><span class='ocrx_word' id='word_1_180' title='bbox 124 2485 337 2578; x_wconf 74' lang='grc' dir='ltr'>ἀποτηλόθι,</span> <span class='ocrx_word' id='word_1_181' title='bbox 360 2490 417 2556; x_wconf 84' lang='lat' dir='ltr'>sed</span> <span class='ocrx_word' id='word_1_182' title='bbox 438 2489 601 2556; x_wconf 77' lang='lat' dir='ltr'>intellectu</span> <span class='ocrx_word' id='word_1_183' title='bbox 622 2488 765 2572; x_wconf 86' lang='lat' dir='ltr'>proprio:</span> <span class='ocrx_word' id='word_1_184' title='bbox 793 2489 861 2577; x_wconf 87' lang='grc' dir='ltr'>πρὸ</span> <span class='ocrx_word' id='word_1_185' title='bbox 884 2485 976 2558; x_wconf 65' lang='lat' dir='ltr'>ider</span> <span class='ocrx_word' id='word_1_186' title='bbox 998 2495 1036 2556; x_wconf 85' lang='lat' dir='ltr'>ut</span> <span class='ocrx_word' id='word_1_187' title='bbox 1057 2491 1244 2580; x_wconf 82' lang='grc' dir='ltr'>προπέρυσι</span> 
     </span>
     <span class='ocr_line' id='line_1_22' title="bbox 123 2592 1244 2680; baseline 0 -19"><span class='ocrx_word' id='word_1_188' title='bbox 123 2598 157 2661; x_wconf 92' lang='lat' dir='ltr'>et</span> <span class='ocrx_word' id='word_1_189' title='bbox 178 2593 242 2661; x_wconf 90' lang='lat' dir='ltr'>alia</span> <span class='ocrx_word' id='word_1_190' title='bbox 262 2593 385 2676; x_wconf 87' lang='lat' dir='ltr'>pridem</span> <span class='ocrx_word' id='word_1_191' title='bbox 407 2593 505 2660; x_wconf 86' lang='lat' dir='ltr'>allata</span> <span class='ocrx_word' id='word_1_192' title='bbox 538 2592 667 2677; x_wconf 80' lang='lat' dir='ltr'>[Phryn.</span> <span class='ocrx_word' id='word_1_193' title='bbox 690 2593 731 2661; x_wconf 80' lang='grc'>45</span> <span class='ocrx_word' id='word_1_194' title='bbox 760 2593 843 2680; x_wconf 74' lang='lat' dir='ltr'>squ]</span> <span class='ocrx_word' id='word_1_195' title='bbox 879 2629 915 2640; x_wconf 92' lang='lat'><em>-</em></span> <span class='ocrx_word' id='word_1_196' title='bbox 951 2593 1107 2672; x_wconf 81' lang='lat' dir='ltr'>Quartum</span> <span class='ocrx_word' id='word_1_197' title='bbox 1141 2595 1244 2662; x_wconf 87' lang='lat' dir='ltr'>looum</span> 
     </span>
     <span class='ocr_line' id='line_1_23' title="bbox 123 2691 1244 2786; baseline 0 -23"><span class='ocrx_word' id='word_1_198' title='bbox 123 2697 160 2763; x_wconf 87' lang='lat' dir='ltr'>ll.</span> <span class='ocrx_word' id='word_1_199' title='bbox 182 2696 230 2763; x_wconf 82' lang='lat' dir='ltr'>IX</span> <span class='ocrx_word' id='word_1_200' title='bbox 252 2695 316 2763; x_wconf 85' lang='lat'>300</span> <span class='ocrx_word' id='word_1_201' title='bbox 334 2691 505 2785; x_wconf 73' lang='grc' dir='ltr'>Ἀτρείδης</span> <span class='ocrx_word' id='word_1_202' title='bbox 542 2721 592 2763; x_wconf 87' lang='grc' dir='ltr'>τοι</span> <span class='ocrx_word' id='word_1_203' title='bbox 617 2692 790 2785; x_wconf 76' lang='grc' dir='ltr'>ἀπήχθετο</span> <span class='ocrx_word' id='word_1_204' title='bbox 820 2691 976 2786; x_wconf 88' lang='grc' dir='ltr'>κηρόθι</span> <span class='ocrx_word' id='word_1_205' title='bbox 997 2698 1127 2781; x_wconf 76' lang='grc' dir='ltr'>μᾶλλον</span> <span class='ocrx_word' id='word_1_206' title='bbox 1149 2698 1244 2765; x_wconf 81' lang='lat' dir='ltr'>schol.</span> 
     </span>
     <span class='ocr_line' id='line_1_24' title="bbox 123 2795 1246 2888; baseline 0 -22"><span class='ocrx_word' id='word_1_207' title='bbox 123 2799 152 2866; x_wconf 80' lang='grc' dir='ltr'><strong>Α</strong></span> <span class='ocrx_word' id='word_1_208' title='bbox 180 2800 297 2883; x_wconf 83' lang='lat' dir='ltr'>duplici</span> <span class='ocrx_word' id='word_1_209' title='bbox 323 2800 416 2867; x_wconf 86' lang='lat' dir='ltr'>modo</span> <span class='ocrx_word' id='word_1_210' title='bbox 447 2803 689 2882; x_wconf 76' lang='lat' dir='ltr'>interpretatur:</span> <span class='ocrx_word' id='word_1_211' title='bbox 723 2795 876 2868; x_wconf 76' lang='grc' dir='ltr'>θανᾶτου</span> <span class='ocrx_word' id='word_1_212' title='bbox 909 2799 1026 2878; x_wconf 76' lang='grc' dir='ltr'>πλέον,</span> <span class='ocrx_word' id='word_1_213' title='bbox 1060 2801 1154 2888; x_wconf 74' lang='grc' dir='ltr'>παρὰ</span> <span class='ocrx_word' id='word_1_214' title='bbox 1188 2800 1246 2888; x_wconf 78' lang='grc' dir='ltr'>τήν</span> 
     </span>
     <span class='ocr_line' id='line_1_25' title="bbox 125 2901 1244 2992; baseline -0.001 -21"><span class='ocrx_word' id='word_1_215' title='bbox 125 2911 226 2991; x_wconf 80' lang='grc' dir='ltr'>κῆρα·</span> <span class='ocrx_word' id='word_1_216' title='bbox 258 2906 385 2989; x_wconf 81' lang='grc' dir='ltr'>μᾶλλον</span> <span class='ocrx_word' id='word_1_217' title='bbox 409 2903 446 2971; x_wconf 66' lang='lat' dir='ltr'>de*</span> <span class='ocrx_word' id='word_1_218' title='bbox 468 2902 561 2989; x_wconf 80' lang='grc' dir='ltr'>παρὰ</span> <span class='ocrx_word' id='word_1_219' title='bbox 584 2902 620 2969; x_wconf 83' lang='grc' dir='ltr'>τὸ</span> <span class='ocrx_word' id='word_1_220' title='bbox 644 2907 720 2992; x_wconf 84' lang='grc' dir='ltr'>κῆρ,</span> <span class='ocrx_word' id='word_1_221' title='bbox 756 2901 776 2970; x_wconf 84' lang='grc' dir='ltr'>ό</span> <span class='ocrx_word' id='word_1_222' title='bbox 807 2903 875 2972; x_wconf 74' lang='grc' dir='ltr'>ἐστι</span> <span class='ocrx_word' id='word_1_223' title='bbox 912 2901 1011 2992; x_wconf 80' lang='grc' dir='ltr'><strong><em>ψυχή.</em></strong></span> <span class='ocrx_word' id='word_1_224' title='bbox 1056 2904 1141 2970; x_wconf 87' lang='lat' dir='ltr'>Illud</span> <span class='ocrx_word' id='word_1_225' title='bbox 1173 2921 1244 2970; x_wconf 81' lang='lat' dir='ltr'>cum</span> 
     </span>
     <span class='ocr_line' id='line_1_26' title="bbox 123 2999 1245 3096; baseline -0.004 -20"><span class='ocrx_word' id='word_1_226' title='bbox 123 3011 160 3076; x_wconf 81' lang='lat' dir='ltr'>ll</span> <span class='ocrx_word' id='word_1_227' title='bbox 182 3005 316 3075; x_wconf 74' lang='grc'><strong>111454</strong></span> <span class='ocrx_word' id='word_1_228' title='bbox 338 2999 412 3074; x_wconf 74' lang='grc' dir='ltr'>ἶσόν</span> <span class='ocrx_word' id='word_1_229' title='bbox 434 3028 514 3095; x_wconf 83' lang='grc' dir='ltr'>σφιν</span> <span class='ocrx_word' id='word_1_230' title='bbox 537 3000 711 3093; x_wconf 76' lang='grc' dir='ltr'>ἀπήχθετο</span> <span class='ocrx_word' id='word_1_231' title='bbox 734 3005 809 3096; x_wconf 77' lang='grc' dir='ltr'>κηρὶ</span> <span class='ocrx_word' id='word_1_232' title='bbox 831 3005 970 3094; x_wconf 70' lang='grc' dir='ltr'>μελαίνῃ</span> <span class='ocrx_word' id='word_1_233' title='bbox 992 3006 1245 3072; x_wconf 75' lang='lat' dir='ltr'>adsentantium</span> 
     </span>
     <span class='ocr_line' id='line_1_27' title="bbox 124 3107 1245 3196; baseline -0.005 -16"><span class='ocrx_word' id='word_1_234' title='bbox 124 3113 283 3196; x_wconf 81' lang='lat' dir='ltr'>congruit3</span> <span class='ocrx_word' id='word_1_235' title='bbox 317 3111 375 3177; x_wconf 91' lang='lat' dir='ltr'>sed</span> <span class='ocrx_word' id='word_1_236' title='bbox 407 3110 542 3177; x_wconf 88' lang='lat' dir='ltr'>alterum</span> <span class='ocrx_word' id='word_1_237' title='bbox 574 3108 738 3192; x_wconf 87' lang='lat' dir='ltr'>postulant</span> <span class='ocrx_word' id='word_1_238' title='bbox 768 3110 819 3175; x_wconf 87' lang='lat' dir='ltr'>vel</span> <span class='ocrx_word' id='word_1_239' title='bbox 850 3109 956 3192; x_wconf 91' lang='lat' dir='ltr'>potius</span> <span class='ocrx_word' id='word_1_240' title='bbox 978 3107 1123 3192; x_wconf 58' lang='lat' dir='ltr'>danunt</span> <span class='ocrx_word' id='word_1_241' title='bbox 1149 3109 1245 3174; x_wconf 84' lang='lat' dir='ltr'>rerba</span> 
     </span>
     <span class='ocr_line' id='line_1_28' title="bbox 124 3204 1245 3302; baseline -0.004 -20"><span class='ocrx_word' id='word_1_242' title='bbox 124 3212 430 3282; x_wconf 71' lang='lat' dir='ltr'>wntrariiaffectus:</span> <span class='ocrx_word' id='word_1_243' title='bbox 455 3211 562 3296; x_wconf 81' lang='grc' dir='ltr'>ἐφίλει</span> <span class='ocrx_word' id='word_1_244' title='bbox 587 3212 625 3282; x_wconf 79' lang='lat' dir='ltr'>dd</span> <span class='ocrx_word' id='word_1_245' title='bbox 646 3239 687 3298; x_wconf 81' lang='grc' dir='ltr'>με</span> <span class='ocrx_word' id='word_1_246' title='bbox 710 3208 831 3302; x_wconf 91' lang='grc' dir='ltr'>κηρόθι</span> <span class='ocrx_word' id='word_1_247' title='bbox 853 3213 992 3297; x_wconf 82' lang='grc' dir='ltr'>μᾶλλον,</span> <span class='ocrx_word' id='word_1_248' title='bbox 1015 3211 1105 3279; x_wconf 85' lang='grc' dir='ltr'>ἔτιον</span> <span class='ocrx_word' id='word_1_249' title='bbox 1127 3207 1156 3280; x_wconf 82' lang='lat' dir='ltr'>‹l’</span> <span class='ocrx_word' id='word_1_250' title='bbox 1180 3204 1245 3295; x_wconf 81' lang='grc' dir='ltr'>όρα</span> 
     </span>
    </p>
   </div>
   <div class='ocr_carea' id='block_1_4' title="bbox 195 3391 381 3400">
    <p class='ocr_par' dir='ltr' id='par_1_4' title="bbox 195 3391 381 3400">
     <span class='ocr_line' id='line_1_29' title="bbox 195 3391 381 3400; baseline -0.005 -1"><span class='ocrx_word' id='word_1_251' title='bbox 195 3391 381 3400; x_wconf 51' lang='grc' dir='ltr'><em>..ω-...α-...ι</em></span> 
     </span>
    </p>
   </div>
   <div class='ocr_carea' id='block_1_5' title="bbox 123 3482 1249 3890">
    <p class='ocr_par' dir='ltr' id='par_1_5' title="bbox 123 3482 1249 3890">
     <span class='ocr_line' id='line_1_30' title="bbox 192 3482 1247 3560; baseline -0.004 -14"><span class='ocrx_word' id='word_1_252' title='bbox 192 3490 634 3560; x_wconf 71' lang='lat' dir='ltr'>³)curr11uaminusapprooaa,</span> <span class='ocrx_word' id='word_1_253' title='bbox 661 3491 750 3543; x_wconf 82' lang='lat' dir='ltr'>atatim</span> <span class='ocrx_word' id='word_1_254' title='bbox 775 3489 892 3541; x_wconf 81' lang='lat' dir='ltr'>subiicit:</span> <span class='ocrx_word' id='word_1_255' title='bbox 919 3486 980 3542; x_wconf 69' lang='lat' dir='ltr'>luel</span> <span class='ocrx_word' id='word_1_256' title='bbox 998 3483 1028 3542; x_wconf 88' lang='grc' dir='ltr'>τό</span> <span class='ocrx_word' id='word_1_257' title='bbox 1056 3482 1247 3560; x_wconf 81' lang='grc' dir='ltr'>οὐρανόθεν</span> 
     </span>
     <span class='ocr_line' id='line_1_31' title="bbox 124 3569 1248 3650; baseline -0.003 -19"><span class='ocrx_word' id='word_1_258' title='bbox 124 3574 154 3632; x_wconf 89' lang='grc' dir='ltr'>τό</span> <span class='ocrx_word' id='word_1_259' title='bbox 173 3575 208 3638; x_wconf 68' lang='grc' dir='ltr'>ἐξ</span> <span class='ocrx_word' id='word_1_260' title='bbox 225 3573 371 3646; x_wconf 84' lang='grc' dir='ltr'>οὐρανοῦ</span> <span class='ocrx_word' id='word_1_261' title='bbox 389 3583 528 3646; x_wconf 75' lang='grc' dir='ltr'>σημαίνει,</span> <span class='ocrx_word' id='word_1_262' title='bbox 548 3572 578 3629; x_wconf 78' lang='grc' dir='ltr'>οἰ</span> <span class='ocrx_word' id='word_1_263' title='bbox 598 3579 758 3629; x_wconf 72' lang='grc' dir='ltr'>συνίσταται</span> <span class='ocrx_word' id='word_1_264' title='bbox 773 3571 804 3628; x_wconf 72' lang='grc' dir='ltr'>δὲ</span> <span class='ocrx_word' id='word_1_265' title='bbox 823 3569 888 3646; x_wconf 88' lang='grc' dir='ltr'>πρό</span> <span class='ocrx_word' id='word_1_266' title='bbox 906 3572 941 3635; x_wconf 70' lang='grc' dir='ltr'>ἐξ</span> <span class='ocrx_word' id='word_1_267' title='bbox 965 3570 1128 3647; x_wconf 80' lang='grc' dir='ltr'>οὐρανοῦ,</span> <span class='ocrx_word' id='word_1_268' title='bbox 1155 3593 1248 3650; x_wconf 88' lang='grc' dir='ltr'>παρα-</span> 
     </span>
     <span class='ocr_line' id='line_1_32' title="bbox 123 3657 1247 3736; baseline -0.001 -19"><span class='ocrx_word' id='word_1_269' title='bbox 123 3667 268 3732; x_wconf 69' lang='grc' dir='ltr'>πεμπτέον</span> <span class='ocrx_word' id='word_1_270' title='bbox 285 3660 385 3730; x_wconf 81' lang='grc' dir='ltr'>ταύτην</span> <span class='ocrx_word' id='word_1_271' title='bbox 403 3659 451 3731; x_wconf 80' lang='grc' dir='ltr'>τήν</span> <span class='ocrx_word' id='word_1_272' title='bbox 468 3659 589 3736; x_wconf 76' lang='grc' dir='ltr'>γραρήν.</span> <span class='ocrx_word' id='word_1_273' title='bbox 622 3657 690 3714; x_wconf 75' lang='grc' dir='ltr'>’Λπό</span> <span class='ocrx_word' id='word_1_274' title='bbox 708 3667 735 3714; x_wconf 83' lang='lat' dir='ltr'>et</span> <span class='ocrx_word' id='word_1_275' title='bbox 753 3658 782 3721; x_wconf 72' lang='grc' dir='ltr'>ἐξ</span> <span class='ocrx_word' id='word_1_276' title='bbox 798 3661 948 3713; x_wconf 83' lang='lat' dir='ltr'>huiuamodi</span> <span class='ocrx_word' id='word_1_277' title='bbox 969 3664 1121 3730; x_wconf 80' lang='lat' dir='ltr'>paronymia</span> <span class='ocrx_word' id='word_1_278' title='bbox 1138 3678 1247 3732; x_wconf 82' lang='lat' dir='ltr'>praepo-</span> 
     </span>
     <span class='ocr_line' id='line_1_33' title="bbox 125 3733 1249 3818; baseline -0.001 -16"><span class='ocrx_word' id='word_1_279' title='bbox 125 3753 176 3802; x_wconf 81' lang='lat' dir='ltr'>sita</span> <span class='ocrx_word' id='word_1_280' title='bbox 193 3751 326 3817; x_wconf 77' lang='lat' dir='ltr'>expletiva</span> <span class='ocrx_word' id='word_1_281' title='bbox 342 3750 480 3818; x_wconf 78' lang='lat' dir='ltr'>appellem,</span> <span class='ocrx_word' id='word_1_282' title='bbox 499 3735 563 3817; x_wconf 77' lang='lat' dir='ltr'>qnia</span> <span class='ocrx_word' id='word_1_283' title='bbox 580 3750 712 3801; x_wconf 85' lang='lat' dir='ltr'>notionem</span> <span class='ocrx_word' id='word_1_284' title='bbox 730 3747 850 3814; x_wconf 77' lang='lat' dir='ltr'>syllabae</span> <span class='ocrx_word' id='word_1_285' title='bbox 867 3733 922 3802; x_wconf 60' lang='lat' dir='ltr'>aa}</span> <span class='ocrx_word' id='word_1_286' title='bbox 937 3748 1130 3816; x_wconf 82' lang='lat' dir='ltr'>quodammodo</span> <span class='ocrx_word' id='word_1_287' title='bbox 1144 3751 1249 3816; x_wconf 82' lang='lat' dir='ltr'>explent</span> 
     </span>
     <span class='ocr_line' id='line_1_34' title="bbox 124 3841 360 3890; baseline -0.004 0"><span class='ocrx_word' id='word_1_288' title='bbox 124 3843 150 3890; x_wconf 84' lang='lat' dir='ltr'>et</span> <span class='ocrx_word' id='word_1_289' title='bbox 169 3841 360 3889; x_wconf 79' lang='lat' dir='ltr'>consummant.</span> 
     </span>
    </p>
   </div>
   <div class='ocr_carea' id='block_1_6' title="bbox 122 3937 1250 4358">
    <p class='ocr_par' dir='ltr' id='par_1_6' title="bbox 122 3937 1250 4358">
     <span class='ocr_line' id='line_1_35' title="bbox 193 3937 1248 4008; baseline -0.003 -16"><span class='ocrx_word' id='word_1_290' title='bbox 193 3940 220 4004; x_wconf 82' lang='lat' dir='ltr'>d)</span> <span class='ocrx_word' id='word_1_291' title='bbox 239 3939 451 3994; x_wconf 81' lang='lat' dir='ltr'>SiButtrnannns</span> <span class='ocrx_word' id='word_1_292' title='bbox 468 3939 502 3991; x_wconf 87' lang='lat' dir='ltr'>ad</span> <span class='ocrx_word' id='word_1_293' title='bbox 520 3939 602 3993; x_wconf 81' lang='lat' dir='ltr'>aebol.</span> <span class='ocrx_word' id='word_1_294' title='bbox 622 3938 673 3994; x_wconf 75' lang='lat' dir='ltr'>Oti.</span> <span class='ocrx_word' id='word_1_295' title='bbox 682 3937 770 3992; x_wconf 82' lang='lat' dir='ltr'>XXIV</span> <span class='ocrx_word' id='word_1_296' title='bbox 784 3938 820 3994; x_wconf 63' lang='lat'>28</span> <span class='ocrx_word' id='word_1_297' title='bbox 837 3947 909 3993; x_wconf 80' lang='lat' dir='ltr'>reete</span> <span class='ocrx_word' id='word_1_298' title='bbox 927 3941 1077 4008; x_wconf 76' lang='lat' dir='ltr'>suspicatur</span> <span class='ocrx_word' id='word_1_299' title='bbox 1094 3939 1248 3990; x_wconf 82' lang='lat' dir='ltr'>mendosum</span> 
     </span>
     <span class='ocr_line' id='line_1_36' title="bbox 123 4026 1247 4102; baseline -0.003 -23"><span class='ocrx_word' id='word_1_300' title='bbox 123 4044 231 4096; x_wconf 83' lang='grc' dir='ltr'>πρωιτι,</span> <span class='ocrx_word' id='word_1_301' title='bbox 250 4026 322 4093; x_wconf 88' lang='lat' dir='ltr'>quod</span> <span class='ocrx_word' id='word_1_302' title='bbox 338 4026 367 4077; x_wconf 88' lang='lat' dir='ltr'>in</span> <span class='ocrx_word' id='word_1_303' title='bbox 384 4026 506 4077; x_wconf 78' lang='lat' dir='ltr'>lemmate</span> <span class='ocrx_word' id='word_1_304' title='bbox 524 4026 618 4077; x_wconf 83' lang='lat' dir='ltr'>acholii</span> <span class='ocrx_word' id='word_1_305' title='bbox 635 4026 741 4094; x_wconf 74' lang='lat' dir='ltr'>legitur,</span> <span class='ocrx_word' id='word_1_306' title='bbox 759 4042 806 4094; x_wconf 90' lang='lat' dir='ltr'>pro</span> <span class='ocrx_word' id='word_1_307' title='bbox 825 4026 887 4098; x_wconf 73' lang='grc' dir='ltr'>πρῷ</span> <span class='ocrx_word' id='word_1_308' title='bbox 905 4043 930 4077; x_wconf 91' lang='grc' dir='ltr'>τι</span> <span class='ocrx_word' id='word_1_309' title='bbox 949 4027 1077 4093; x_wconf 81' lang='lat' dir='ltr'>scriptum</span> <span class='ocrx_word' id='word_1_310' title='bbox 1095 4041 1165 4102; x_wconf 65' lang='lat' dir='ltr'>eope,</span> <span class='ocrx_word' id='word_1_311' title='bbox 1193 4042 1247 4077; x_wconf 83' lang='lat' dir='ltr'>ere-</span> 
     </span>
     <span class='ocr_line' id='line_1_37' title="bbox 123 4111 1246 4178; baseline -0.001 -13"><span class='ocrx_word' id='word_1_312' title='bbox 123 4114 237 4166; x_wconf 87' lang='lat' dir='ltr'>dendum</span> <span class='ocrx_word' id='word_1_313' title='bbox 256 4120 310 4178; x_wconf 83' lang='lat' dir='ltr'>est,</span> <span class='ocrx_word' id='word_1_314' title='bbox 329 4111 469 4163; x_wconf 80' lang='lat' dir='ltr'>nonnullos</span> <span class='ocrx_word' id='word_1_315' title='bbox 496 4114 702 4164; x_wconf 81' lang='lat' dir='ltr'>contractionem</span> <span class='ocrx_word' id='word_1_316' title='bbox 721 4113 834 4165; x_wconf 70' lang='lat' dir='ltr'>Atticam</span> <span class='ocrx_word' id='word_1_317' title='bbox 862 4113 895 4163; x_wconf 85' lang='lat' dir='ltr'>ab</span> <span class='ocrx_word' id='word_1_318' title='bbox 913 4112 1028 4163; x_wconf 86' lang='lat' dir='ltr'>Homero</span> <span class='ocrx_word' id='word_1_319' title='bbox 1056 4127 1109 4162; x_wconf 89' lang='lat' dir='ltr'>non</span> <span class='ocrx_word' id='word_1_320' title='bbox 1136 4112 1246 4164; x_wconf 84' lang='lat' dir='ltr'>alienam</span> 
     </span>
     <span class='ocr_line' id='line_1_38' title="bbox 122 4198 1250 4267; baseline 0.001 -17"><span class='ocrx_word' id='word_1_321' title='bbox 122 4200 264 4253; x_wconf 72' lang='lat' dir='ltr'>iudicasse.</span> <span class='ocrx_word' id='word_1_322' title='bbox 299 4200 359 4250; x_wconf 86' lang='lat' dir='ltr'>Hae</span> <span class='ocrx_word' id='word_1_323' title='bbox 378 4201 452 4266; x_wconf 83' lang='grc' dir='ltr'>πρωί</span> <span class='ocrx_word' id='word_1_324' title='bbox 468 4198 549 4264; x_wconf 77' lang='lat' dir='ltr'>vulgo</span> <span class='ocrx_word' id='word_1_325' title='bbox 567 4214 628 4250; x_wconf 85' lang='lat' dir='ltr'>enm</span> <span class='ocrx_word' id='word_1_326' title='bbox 645 4201 769 4267; x_wconf 75' lang='lat' dir='ltr'>genitivis</span> <span class='ocrx_word' id='word_1_327' title='bbox 787 4201 961 4262; x_wconf 75' lang='lat' dir='ltr'>conahuitur3</span> <span class='ocrx_word' id='word_1_328' title='bbox 981 4199 1029 4250; x_wconf 84' lang='lat' dir='ltr'>aad</span> <span class='ocrx_word' id='word_1_329' title='bbox 1045 4205 1075 4250; x_wconf 79' lang='lat' dir='ltr'>ut</span> <span class='ocrx_word' id='word_1_330' title='bbox 1091 4198 1167 4250; x_wconf 79' lang='lat' dir='ltr'>Plato</span> <span class='ocrx_word' id='word_1_331' title='bbox 1186 4198 1250 4251; x_wconf 82' lang='lat' dir='ltr'>dicit</span> 
     </span>
     <span class='ocr_line' id='line_1_39' title="bbox 124 4282 1248 4358; baseline -0.004 -17"><span class='ocrx_word' id='word_1_332' title='bbox 124 4283 230 4354; x_wconf 80' lang='grc' dir='ltr'>νύκτωρ</span> <span class='ocrx_word' id='word_1_333' title='bbox 249 4282 401 4358; x_wconf 80' lang='grc' dir='ltr'>περιιόντες</span> <span class='ocrx_word' id='word_1_334' title='bbox 419 4282 482 4351; x_wconf 76' lang='grc' dir='ltr'>ὀψέ,</span> <span class='ocrx_word' id='word_1_335' title='bbox 509 4287 548 4336; x_wconf 83' lang='lat' dir='ltr'>sie</span> <span class='ocrx_word' id='word_1_336' title='bbox 566 4287 643 4337; x_wconf 80' lang='lat' dir='ltr'>etiam</span> <span class='ocrx_word' id='word_1_337' title='bbox 670 4287 819 4338; x_wconf 74' lang='lat' dir='ltr'>coniunctio</span> <span class='ocrx_word' id='word_1_338' title='bbox 838 4285 947 4337; x_wconf 89' lang='lat' dir='ltr'>duorum</span> <span class='ocrx_word' id='word_1_339' title='bbox 966 4285 1149 4337; x_wconf 81' lang='lat' dir='ltr'>adverbiorum</span> <span class='ocrx_word' id='word_1_340' title='bbox 1176 4283 1248 4356; x_wconf 77' lang='lat' dir='ltr'>upari</span> 
     </span>
    </p>
   </div>
   <div class='ocr_carea' id='block_1_7' title="bbox 122 4371 551 4437">
    <p class='ocr_par' dir='ltr' id='par_1_7' title="bbox 122 4371 551 4437">
     <span class='ocr_line' id='line_1_40' title="bbox 122 4371 551 4437; baseline -0.007 -11"><span class='ocrx_word' id='word_1_341' title='bbox 122 4371 194 4437; x_wconf 75' lang='grc' dir='ltr'>ἠῶθι</span> <span class='ocrx_word' id='word_1_342' title='bbox 211 4373 276 4426; x_wconf 87' lang='lat' dir='ltr'>nibil</span> <span class='ocrx_word' id='word_1_343' title='bbox 295 4373 447 4426; x_wconf 76' lang='lat' dir='ltr'>offensionis</span> <span class='ocrx_word' id='word_1_344' title='bbox 464 4372 551 4424; x_wconf 81' lang='lat' dir='ltr'>habet.</span> 
     </span>
    </p>
   </div>
   <div class='ocr_carea' id='block_1_8' title="bbox 0 0 1378 4778">
    <p class='ocr_par' dir='ltr' id='par_1_8' title="bbox 0 0 1378 4778">
     <span class='ocr_line' id='line_1_41' title="bbox 0 0 1378 4778; baseline 0 0"><span class='ocrx_word' id='word_1_345' title='bbox 0 0 1378 4778; x_wconf 95' lang='lat' dir='ltr'> </span> 
     </span>
    </p>
   </div>
  </div>
 </body>
</html>
