2736 4778
150 291 214 358 DE
236 288 454 358 SYNCOPE
474 287 618 356 UNlUS
637 287 858 356 voculas.
881 284 921 354 C.
933 283 992 355 Vl.
1015 288 1041 372 ξ.
1058 285 1089 352 3.
1111 288 1186 365 335

78 471 268 564 φιλάνορας.
333 469 542 555 Διξιώτερος
580 483 614 538 et
646 471 810 558 δεξίιιρος
846 473 921 561 ipsa
951 473 1187 559 significatione

78 577 322 664 distinguuntur
329 600 339 652 ;
360 598 437 640 nam
461 573 543 639 illud
564 575 818 661 comparativum
840 589 904 652 eat,
933 574 998 641 hoo
1022 574 1187 640 correlati-

75 703 151 745 vum
173 680 241 744 aive
264 681 328 743 τῶν
349 670 437 762 πρός
458 701 488 743 τι
511 677 695 761 λεγομένων
716 688 754 741 ut
778 671 966 763 άρίστερος,
1000 675 1052 741 cui
1079 678 1187 742 Hero·

77 782 195 847 dianus
216 778 300 845 illud
322 775 533 842 assimilatum
553 776 645 843 dicit:
670 772 879 863 Ἡρωδιανὸς
899 778 987 863 λέγει
1016 775 1070 844 ὅτι
1092 782 1189 843 coire

77 880 300 965 συνεξέδραμεν
322 881 369 964 τῷ
392 870 566 964 άρίσοερος
582 879 663 945 ΕΜ.
685 879 765 958 256,
792 880 911 963 30¹⁰).
935 918 977 929 -
1001 879 1191 945 Pronomen

79 984 194 1049 tertiae
221 1001 382 1068 personae
410 978 491 1044 duae
521 978 619 1046 habet
642 983 767 1047 numeri
799 981 904 1047 dualis
927 981 1047 1049 formas
1072 982 1138 1069 σφέ
1160 991 1193 1045 et

82 1081 177 1171 σφαὲ
199 1093 232 1147 et
253 1104 293 1146 ex
313 1080 376 1145 hac
396 1080 612 1170 Buttmannua
633 1083 740 1148 Lexil.
762 1084 791 1148 1.
815 1083 868 1148 59.
897 1084 1083 1170 suspicatur
1104 1082 1192 1148 illum

82 1184 246 1250 concisam
268 1206 349 1250 esse.
394 1182 497 1264 Quod
520 1183 548 1248 ei
569 1207 644 1250 vere
666 1185 856 1264 affirmatur,
876 1186 912 1250 id
934 1186 1067 1251 unicum
1088 1183 1190 1249 habe-

81 1310 153 1352 mus
185 1307 349 1372 syncopae
382 1284 622 1352 documentum.
685 1286 754 1355 Sed
784 1286 983 1374 Apollonius
1014 1286 1191 1352 memoriae

80 1388 227 1475 prodidit
248 1387 407 1472 quosdam
431 1387 559 1453 dualem
581 1387 648 1476 σφέ
670 1411 711 1455 ex
732 1389 848 1476 plurali
871 1387 977 1476 σφέας
997 1399 1110 1453 natum
1128 1411 1190 1474 pu·

80 1504 148 1557 tare
174 1490 277 1557 recisa
305 1489 431 1575 syllaba
456 1501 631 1577 postrema
682 1491 775 1556 Haec
806 1490 1026 1556 controversia
1057 1503 1192 1576 propter

79 1617 237 1660 summam
277 1591 373 1678 hujus
410 1592 613 1679 pronominis
646 1592 898 1657 inconstantiam
936 1591 1070 1656 distrahi
1102 1590 1192 1656 haud

78 1697 172 1762 facile
184 1695 315 1784 poterit.
348 1695 418 1763 sed
436 1717 488 1761 res
506 1695 581 1781 ipsa
596 1695 713 1760 refutat
724 1694 866 1760 Tzetzae
877 1707 1093 1759 commentum
1106 1691 1191 1760 chit.

78 1799 123 1863 X.
145 1822 174 1863 v.
197 1798 270 1863 992.
315 1791 481 1874 Νειλιάιος
504 1795 561 1861 καὶ
582 1793 719 1872 Νείλιος
740 1794 961 1880 ἐκβληθέντος
979 1801 1038 1863 τοῦ
1059 1784 1102 1862 αἱ

163 1902 188 1984 ξ.
209 1900 242 1964 3.
286 1896 580 1984 Diphthongorum
604 1896 741 1982 primam
763 1896 840 1961 elidi
864 1919 963 1982 posse
983 1898 1191 1963 crediderunt

79 2024 146 2065 non
179 1999 276 2086 pauci
308 1997 490 2064 rationibus
516 1998 698 2065 levissimis.
743 1998 853 2065 Schol.
887 1997 1028 2063 Theocr.
1056 1999 1103 2063 X.
1139 2000 1190 2064 38.

80 2105 264 2187 σιιγκὲκαφα
286 2098 333 2168 τὸ,
348 2092 453 2183 ὄνομα
475 2105 536 2167 τοῦ
557 2105 716 2183 βοσκαῖον
736 2103 858 2181 βοῖνκον
877 2099 932 2164 καὶ
954 2104 1065 2182 βαῖνον
1087 2096 1193 2167 εἰπών
1248 2124 1257 2144 ’

79 2199 347 2284 ὑποκοριστικῶς
384 2202 572 2288 significans
610 2200 691 2265 illud
730 2222 833 2286 genus
871 2199 1091 2287 hypocorismi
1125 2224 1190 2288 quo

82 2296 208 2388 Ἄμφις
235 2325 276 2368 ex
293 2299 520 2391 Ἀμφιάραος,
552 2299 690 2385 λάσιρις
716 2324 757 2367 ex
786 2297 972 2388 λάσταυρος
993 2317 1193 2372 contractum

85 2405 196 2471 dicunt
216 2428 246 2470 v.
266 2405 369 2473 Proll.
391 2405 464 2471 507.
508 2404 577 2472 Sed
600 2403 692 2490 origo
716 2403 832 2470 horum
856 2405 1023 2470 nominum
1043 2428 1110 2470 non
1130 2407 1192 2470 mi-

83 2530 144 2573 nue
161 2507 331 2572 recondita
347 2518 396 2572 est
414 2530 511 2592 quam
530 2506 685 2572 homerici
696 2503 831 2591 βουγάϊε
849 2506 916 2570 sive
926 2501 1073 2589 βοσκάῖε.
1092 2508 1194 2573 Haud

83 2609 319 2675 consideratius
342 2608 452 2677 Schol.
474 2609 587 2696 Apoll.
607 2610 636 2674 1.
664 2607 735 2674 786.
762 2603 931 2692 θεράπναι
962 2605 1048 2674 κατὰ
1073 2633 1193 2691 συγκο-

81 2712 148 2800 πὴν
171 2715 230 2779 τοῦ
258 2706 487 2797 θεράπαιναι,
519 2734 596 2775 nam
624 2708 819 2795 θεράπαινα
846 2707 991 2774 motione
1020 2708 1144 2774 aexuali
1174 2733 1194 2774 a

82 2813 245 2910 θεράπων
268 2812 446 2879 derivatum
469 2822 519 2878 eat
548 2824 584 2878 ut
611 2836 630 2876 a
652 2814 733 2881 λέων
754 2812 886 2889 λέαινα,
918 2812 977 2876 sed
998 2811 1153 2899 θεράπνφ
1175 2835 1195 2876 a

82 2917 201 2998 θέραιλν
220 2914 343 2980 inserto
360 2902 387 2980 ἶ
404 2927 441 2981 ut
461 2911 611 3001 οιραπίς
631 2912 800 2997 θεραπνίς
821 2912 861 2977 ci.
883 2912 985 2978 Proll.
1008 2913 1082 2977 299.
1121 2913 1154 2978 Ν
1156 2936 1193 2979 eo

82 3015 261 3104 probabilia
282 3017 454 3104 Apollonii
476 3016 662 3102 conjectura
682 3015 769 3079 Adv.
790 3014 863 3091 611,
888 3014 938 3079 10.
961 3009 1029 3078 ἀπὸ
1051 3019 1111 3080 τοῦ
1133 3014 1193 3079 λά-

82 3125 154 3203 θρα
176 3119 213 3183 ari
239 3117 427 3208 λαθρηὸάν,
453 3115 483 3184 εἰ
509 3117 555 3204 μὴ
577 3119 624 3201 τῷ
648 3110 785 3198 ὀνόματι
815 3118 859 3201 τῷ
889 3117 1060 3199 λαθραῖος
1079 3110 1194 3196 παρά-

81 3243 189 3284 κειται
214 3214 260 3295 ὡς
287 3217 324 3284 cd
347 3217 474 3297 ἐνιιλὲς
499 3210 584 3283 εἶναι
606 3212 831 3301 λαθραιφδόν,
866 3215 956 3301 quod
981 3238 1049 3280 non
1076 3214 1196 3301 legitur

82 3341 142 3384 nec
162 3318 285 3404 fingere
305 3342 440 3385 necesse
461 3316 627 3395 habemus,
651 3339 727 3383 nam
752 3316 793 3383 ab
811 3318 876 3384 alio
894 3317 1050 3383 adverbio
1072 3315 1194 3407 αἴφνης

83 3420 301 3506 proficiscitur
341 3417 504 3510 αἰφνηὸάν
540 3418 713 3509 (αι’φνηόά
752 3418 936 3508 αἷφνφόίς)
977 3420 1067 3505 quod
1102 3419 1193 3488 Gud.

84 3544 116 3607 p.
131 3522 183 3599 23,
202 3522 254 3587 31.
281 3543 354 3586 cum
376 3522 548 3609 lodppddv
571 3522 744 3607 (λαθρφδά
758 3521 942 3608 λαῧρφδίς)
962 3524 1139 3609 componit,
1162 3536 1196 3590 et

84 3621 255 3711 κριφφόόν
278 3645 409 3709 quoque
434 3643 454 3687 a
476 3627 585 3712 κρυφῇ
608 3623 720 3710 potius
744 3646 840 3708 quam
862 3637 898 3689 ut
918 3624 1118 3712 Apollonius
1138 3651 1193 3693 eu·

83 3751 416 3773 --—b--—-——
544 3771 582 3797 l

154 3827 198 3894 ro)
212 3827 342 3883 Obscura
354 3835 418 3884 runt
429 3843 501 3898 quae
513 3834 670 3898 coquuntur
688 3828 768 3884 νοῡιο
782 3826 836 3902 γάρ
852 3829 1025 3901 συνικδρομὴ
1044 3825 1133 3897 ὥςπερ
1148 3832 1194 3884 καὶ

83 3909 112 3967 τὸ
127 3906 268 3983 πρόβατον
288 3921 395 3985 γίνεται
413 3910 564 3987 προβάτιον
575 3911 632 3976 οἰός
649 3909 771 3987 αλὸιερον
788 3914 824 3978 ὥς
840 3920 913 3987 λέγει
931 3912 1069 3988 Σώφρων.
1096 3916 1141 3968 Ab
1155 3909 1196 3975 οἷς

84 4012 169 4053 unum
183 4003 267 4061 οἴαος
280 3998 475 4071 proficiscitur,
487 4018 544 4055 non
557 3995 680 4070 ολάιειος,
695 4003 774 4074 quod
786 4002 879 4074 potius
891 4003 928 4057 ad
940 3999 1112 4072 gentilicium
1129 3997 1196 4054 ou}-

85 4105 130 4152 ιης
142 4084 266 4155 pertinet
284 4088 335 4140 sed
346 4087 447 4141 eodem
460 4090 544 4142 modo
561 4087 719 4160 explicatur
736 4105 753 4142 a
772 4086 858 4143 Suida
876 4096 905 4143 et
923 4087 1071 4156 Moschop.
1090 4085 1192 4141 Sched.

85 4173 143 4223 1⁴0.
157 4169 277 4226 ολάιειον
289 4177 377 4242 κρέας,
391 4167 564 4242 προβάσειον.
580 4174 653 4230 Num
665 4175 869 4246 igiturSophro
882 4171 948 4226 huic
959 4170 1120 4227 assimilavit
1133 4167 1195 4229 old-

82 4276 152 4317 ιειος
162 4264 296 4328 tanquam
307 4258 502 4331 synonymon?
