2736 4778
124 309 201 381 252
413 300 734 370 DISSEBTATIO
764 301 810 366 11.
855 300 896 366 P.
917 299 947 366 I.

124 484 273 554 testatius
295 497 345 551 est
366 484 486 566 κυανός
508 481 527 555 ὁ
548 485 654 571 μέλας
673 484 755 551 ΕΜ.
766 484 840 564 542,
855 484 909 551 49.
924 505 1032 572 nuper
1048 483 1083 549 in
1097 485 1238 552 Lacian.

126 587 255 677 Catapl.
281 609 309 653 c.
335 586 387 654 25.
416 609 458 652 ex
484 587 609 675 optimo
637 584 711 653 cod
738 586 922 652 restitutum
947 586 1101 673 idemque
1121 586 1157 651 in
1175 587 1240 652 Ni·

126 690 240 757 candri
266 689 341 755 loco
371 712 469 775 quem
496 689 533 755 in
559 687 682 755 Parall
701 687 775 754 317.
804 687 903 777 citavi
930 688 1087 776 seriptum
1109 698 1159 754 est
1180 687 1242 754 sed

127 803 263 858 accentu
289 790 417 858 diverso
439 786 560 857 κὺανόν
580 813 616 855 sa
638 784 818 873 δράκοντα,
840 813 901 878 pro
917 812 983 875 quo
1002 785 1139 856 κυάνεον
1159 789 1242 877 poni

126 904 246 980 potest.
259 891 363 978 epsilo
386 888 485 956 tacito
507 899 545 953 ut
563 884 719 971 χάλκεος,
739 886 877 976 χρύσεος
899 890 990 978 apud
1017 900 1143 978 poetas.
1185 889 1242 957 De

127 992 354 1069 substantivis,
383 1011 469 1077 quae
494 1011 554 1078 per
572 1013 685 1056 omnes
707 1012 802 1058 casus
828 992 1076 1070 contrahantur,
1106 1002 1244 1079 propter

127 1117 242 1184 parem
271 1102 423 1158 accentus
453 1090 718 1178 depravationem
747 1092 812 1160 buc
837 1093 1045 1161 referendum
1071 1102 1123 1158 est
1143 1085 1242 1160 oidel-

129 1196 227 1286 pedor'
239 1193 328 1261 Phil.
346 1193 387 1259 de
400 1194 547 1260 Human.
562 1192 749 1261 6982385.
767 1206 800 1261 et
815 1195 886 1263 aliis
900 1194 982 1264 locis
998 1216 1072 1261 cum
1086 1192 1243 1259 feminino

127 1292 294 1389 Δρίὀελφιόἠ
320 1294 545 1380 similibusque
570 1295 607 1362 in
626 1295 747 1362 Parall.
769 1296 843 1363 336.
870 1297 1007 1364 collutis.
1029 1332 1071 1344 -
1100 1288 1244 1383 Σιερρός

128 1394 310 1484 βούλονταί
328 1421 414 1475 τινες
435 1390 504 1465 ἀπὸ
529 1402 589 1466 soi
614 1396 752 1483 στερεός
772 1388 858 1465 εἶναι
880 1400 1033 1488 concap
1060 1394 1117 1463 καὶ
1142 1393 1244 1462 πλεο-

128 1502 248 1587 νασμῷ
257 1497 326 1583 ²⁸)·
339 1496 417 1591 ἐμοὶ
434 1497 472 1565 δὲ
490 1499 583 1567 δοκεῖ
602 1496 639 1564 τὸ
662 1494 796 1586 στερεός
817 1491 887 1565 ἀπὸ
910 1501 972 1566 τοῦ
991 1492 1127 1584 στερρός
1147 1487 1245 1570 elsae,

129 1599 168 1667 τὸ
191 1597 228 1666 δὲ
252 1595 390 1686 στερρός
411 1593 483 1667 ἀντὶ
507 1603 567 1667 τοῦ
589 1593 708 1681 σωρός
734 1597 830 1686 παρὰ
855 1598 894 1664 τὸ
923 1601 1042 1686 στῆναι
1063 1592 1109 1675 ὡς
1130 1596 1246 1681 dcirca
1281 1592 1290 1601 ’

130 1697 242 1788 διερός
269 1698 493 1766 Choerobosc.
524 1700 560 1765 in
585 1698 709 1764 Psalm.
739 1697 811 1764 126.
839 1700 920 1766 ΕΜ.
954 1696 1027 1777 726,
1057 1695 1107 1763 15.
1156 1692 1246 1761 Illud

129 1795 249 1885 στερός
268 1801 425 1865 Erasmus
441 1801 554 1888 posuit
573 1799 610 1866 in
623 1822 718 1865 versu
734 1798 929 1887 proverbiali
941 1800 1088 1886 Diogen.
1100 1796 1180 1865 VII.
1192 1795 1245 1861 77.

130 1900 294 1968 πολλαῖσι
321 1901 467 1987 πληγαῖς
493 1904 574 1989 δρῦς
601 1901 737 1988 (estod)
759 1899 1065 1997 doudletmlibros
1086 1899 1246 1965 incertarm

131 2023 173 2067 an
202 2000 422 2086 conjecturam
454 2002 688 2089 sequutus²⁴).
740 2001 832 2067 Alibi
864 2024 932 2068 non
959 2001 1026 2089 legi
1052 2013 1085 2066 et
1112 1998 1245 2067 omnino

131 2102 291 2189 adjectiva
314 2103 349 2169 in
363 2090 449 2187 ἶῶξ
468 2103 629 2190 bisyllaba
656 2103 745 2169 nulla
768 2102 974 2190 reperiuntur
995 2113 1124 2191 praeter
1144 2098 1245 2167 obso-

130 2203 197 2268 leta
224 2201 319 2288 ξερός
348 2214 381 2269 et
405 2203 524 2291 σχερός
551 2217 650 2292 atque
677 2204 835 2272 novitium
863 2201 957 2291 νερόν
982 2207 1118 2291 fluidum
1143 2224 1164 2266 s
1184 2201 1246 2271 νέω

132 2302 200 2368 sive
222 2299 290 2369 ado
312 2301 348 2367 id
370 2315 420 2369 est
441 2327 537 2389 aqua.
575 2305 719 2393 Σιεῤῥός
735 2305 927 2373 Eustatbius
951 2305 1023 2384 732,
1047 2306 1097 2371 13.
1122 2303 1249 2371 confert

132 2426 207 2471 eum
234 2404 358 2489 βορέας
387 2409 511 2492 βορρᾶς
538 2406 598 2472 sed
627 2407 733 2493 magis
753 2406 905 2473 convenit
925 2428 999 2473 cum
1021 2405 1145 2494 duplici
1166 2426 1247 2472 cou-

132 2503 326 2573 lormatione
344 2504 577 2589 adjectivorum
598 2507 824 2596 πρόςβορῥος,
852 2505 1060 2595 „artemon
1086 2517 1119 2572 et
1146 2500 1248 2594 ὑπερ-

130 2607 301 2693 βόρεοςν.
323 2606 537 2673 Patalete
581 2610 639 2675 Ad
664 2609 750 2673 huno
778 2631 947 2674 numerum
973 2596 1140 2676 accedunt*
1153 2601 1248 2676 ἅστι-

133 2704 238 2786 σμός,
261 2707 352 2790 quod
377 2708 521 2774 Zonaras
544 2732 578 2797 p.
600 2711 673 2777 313.
693 2720 831 2776 testatur
848 2733 908 2798 pro
929 2704 1107 2790 ἄστεϊσμός
1125 2710 1249 2776 dictum

134 2829 207 2873 esse
233 2817 267 2871 et
289 2808 522 2876 deminutivum
539 2809 759 2898 Ἡρακλίσκος
779 2811 813 2876 in
837 2812 989 2878 lemmate
1010 2811 1114 2897 idyllii
1133 2810 1248 2877 Theo-

134 2908 225 2974 critei
254 2932 315 2997 pro
340 2905 594 2996 Ἡρακλεΐσκος,
629 2913 719 2999 quod
741 2912 994 2980 Choeroboscus
1020 2911 1139 2978 alieubi
1156 2912 1248 2978 inve·

128 3196 300 3254 par-parem
322 3189 352 3235 et
371 3189 502 3238 neutrum
519 3178 668 3257 πὸρφυρον
684 3178 773 3244 ἄνθος
789 3182 819 3238 in
837 3183 914 3238 exitu
932 3199 1030 3237 versus
1049 3179 1158 3237 heroici
1176 3179 1251 3235 iuter

134 3267 278 3338 Sapphica
296 3267 380 3322 relati
397 3268 444 3322 Fr.
457 3267 545 3322 ch.
565 3270 624 3322 etl.
643 3271 722 3338 quod
741 3268 808 3323 olim
825 3264 975 3342 πυρφόρον
991 3267 1168 3327 scribebatur
1186 3274 1250 3322 tan·

135 3369 219 3422 quam
235 3369 360 3424 syncope
378 3360 467 3422 esset3
487 3360 516 3406 et
533 3351 659 3407 indidem
677 3353 876 3425 appellativum
893 3347 1036 3426 πορφύρα.

203 3453 251 3522 23)
266 3453 351 3509 Hune
366 3453 503 3525 praeterit
513 3452 605 3525 Epim.
612 3453 649 3509 Π.
659 3457 720 3509 tlt.
733 3456 763 3509 lx
777 3458 825 3510 rori
838 3458 933 3522 στῆναι
944 3449 1052 3530 στερεός
1063 3458 1110 3509 καὶ
1124 3457 1252 3527 curtengi

137 3536 254 3613 στερρός.
289 3538 343 3592 Illa
362 3539 472 3596 ratione
496 3538 654 3613 explicatur
675 3538 760 3594 etiam
781 3544 881 3612 βορέας
903 3543 1070 3613 πλεονασμῷ
1094 3527 1183 3613 rori}
1205 3542 1252 3593 act

138 3629 294 3694 συναιρέσει
310 3628 412 3701 ,topper
431 3626 496 3681 EM.
511 3629 570 3691 436,
585 3624 628 3680 39.

204 3726 252 3794 tt)
271 3726 305 3779 In
325 3729 388 3781 cod.
407 3728 488 3782 Pant.
507 3726 702 3801 scriptumest
723 3727 790 3798 δρῦς
806 3725 955 3801 patricum
973 3728 1092 3783 sommae
1113 3744 1165 3798 pro
1184 3726 1253 3797 δρῦς

135 3807 215 3883 μόλις
233 3807 389 3882 δαμάζεται.
424 3812 471 3868 Ad
489 3812 656 3869 sententiam
676 3830 766 3884 aeque
788 3815 920 3869 convenit
939 3819 1026 3886 πέρας
1041 3812 1088 3890 μά
1101 3812 1251 3868 altimum.

135 3892 237 3972 Σιερός
252 3895 395 3953 tuentibus
413 3897 538 3969 suppetit
551 3899 647 3955 similis
661 3898 821 3972 parellipsis
835 3901 993 3974 exemplum
1005 3893 1163 3970 πυρῶιερος
1172 3896 1251 3951 Aret.
1275 3934 1279 3941 -

137 3984 195 4039 798.
209 3984 288 4056 quod
300 3982 419 4037 Vossius
431 3983 544 4054 quidem
562 4004 579 4040 a
594 3988 649 4056 πῦρ
667 3984 771 4058 repetit
786 3989 839 4041 ssd
856 3986 1060 4059 significatione
1077 3982 1166 4056 magis
1185 4000 1254 4038 cou-

135 4069 212 4124 venit
229 4087 291 4124 cum
304 4065 468 4144 πυρρὅιερος
482 4078 513 4124 ut
525 4072 620 4126 Sebol.
635 4070 843 4144 interpretatur.
879 4074 933 4129 Pro
949 4069 1078 4143 πυρώδης
1094 4089 1161 4126 vero
1174 4069 1255 4141 quod

135 4151 164 4205 in
180 4153 249 4208 locis
262 4155 405 4228 parallelis
421 4155 567 4228 Theophr.
582 4157 660 4228 Sign.
672 4157 752 4213 Pluv.
767 4160 789 4213 l.
805 4161 844 4213 ll.
857 4167 886 4214 et
899 4161 1010 4234 Geopp.
1025 4158 1048 4214 1.
1063 4160 1087 4226 3,
1103 4160 1126 4212 1.
1139 4155 1253 4228 legitur,

136 4238 226 4309 aptius
243 4241 356 4298 videtur
372 4240 518 4321 πυρρώδρς
533 4244 563 4299 in
581 4262 637 4301 uno
656 4246 720 4301 eod.
739 4244 881 4319 seriptum.
