<?xml version="1.0" encoding="UTF-8"?>
<!DOCTYPE html PUBLIC "-//W3C//DTD XHTML 1.0 Transitional//EN"
    "http://www.w3.org/TR/xhtml1/DTD/xhtml1-transitional.dtd">
<html xmlns="http://www.w3.org/1999/xhtml" xml:lang="en" lang="en">
 <head>
  <title>
</title>
<meta http-equiv="Content-Type" content="text/html;charset=utf-8" />
  <meta name='ocr-system' content='tesseract 3.04.00' />
  <meta name='ocr-capabilities' content='ocr_page ocr_carea ocr_par ocr_line ocrx_word'/>
</head>
<body>
  <div class='ocr_page' id='page_1' title='image "./pathologiaegrae00lobegoog_0732.png"; bbox 0 0 2736 4778; ppageno 0'>
   <div class='ocr_carea' id='block_1_1' title="bbox 154 337 914 404">
    <p class='ocr_par' dir='ltr' id='par_1_1' title="bbox 154 337 914 437">
     <span class='ocr_line' id='line_1_1' title="bbox 154 337 914 404; baseline 0 -1"><span class='ocrx_word' id='word_1_1' title='bbox 154 337 215 404; x_wconf 65' lang='lat'>*58</span> <span class='ocrx_word' id='word_1_2' title='bbox 550 337 827 404; x_wconf 80' lang='lat' dir='ltr'>DISSERTATIO</span> <span class='ocrx_word' id='word_1_3' title='bbox 860 338 914 404; x_wconf 85' lang='lat' dir='ltr'>VI.</span> 
     </span>
    </p>
   </div>
   <div class='ocr_carea' id='block_1_2' title="bbox 116 501 1304 3269">
    <p class='ocr_par' dir='ltr' id='par_1_2' title="bbox 148 501 1304 2551">
     <span class='ocr_line' id='line_1_2' title="bbox 148 501 1302 586; baseline 0.002 -16"><span class='ocrx_word' id='word_1_4' title='bbox 148 543 154 548; x_wconf 86' lang='grc'>-</span> <span class='ocrx_word' id='word_1_5' title='bbox 173 502 319 571; x_wconf 79' lang='lat' dir='ltr'>alimonio</span> <span class='ocrx_word' id='word_1_6' title='bbox 351 501 494 585; x_wconf 86' lang='lat' dir='ltr'>quamvis</span> <span class='ocrx_word' id='word_1_7' title='bbox 526 503 629 585; x_wconf 77' lang='lat' dir='ltr'>gravi,</span> <span class='ocrx_word' id='word_1_8' title='bbox 662 520 724 586; x_wconf 89' lang='lat' dir='ltr'>quo</span> <span class='ocrx_word' id='word_1_9' title='bbox 757 503 858 568; x_wconf 87' lang='lat' dir='ltr'>utitur</span> <span class='ocrx_word' id='word_1_10' title='bbox 880 502 1097 569; x_wconf 80' lang='lat' dir='ltr'>Audatticista</span> <span class='ocrx_word' id='word_1_11' title='bbox 1117 505 1152 569; x_wconf 89' lang='lat' dir='ltr'>in</span> <span class='ocrx_word' id='word_1_12' title='bbox 1175 505 1302 572; x_wconf 80' lang='lat' dir='ltr'>Aneod</span> 
     </span>
     <span class='ocr_line' id='line_1_3' title="bbox 173 601 1301 693; baseline 0.004 -22"><span class='ocrx_word' id='word_1_13' title='bbox 173 607 272 672; x_wconf 69' lang='lat' dir='ltr'>Bella</span> <span class='ocrx_word' id='word_1_14' title='bbox 295 624 324 687; x_wconf 89' lang='lat' dir='ltr'>p.</span> <span class='ocrx_word' id='word_1_15' title='bbox 347 604 389 671; x_wconf 83' lang='lat'>98</span> <span class='ocrx_word' id='word_1_16' title='bbox 412 601 553 671; x_wconf 81' lang='grc' dir='ltr'><strong><em>Πλάτων</em></strong></span> <span class='ocrx_word' id='word_1_17' title='bbox 580 602 753 693; x_wconf 74' lang='grc' dir='ltr'><em>Θεαιτήτῳ</em></span> <span class='ocrx_word' id='word_1_18' title='bbox 786 602 873 689; x_wconf 86' lang='grc'><strong>(169.</strong></span> <span class='ocrx_word' id='word_1_19' title='bbox 895 605 936 689; x_wconf 92' lang='grc' dir='ltr'>Β)</span> <span class='ocrx_word' id='word_1_20' title='bbox 962 605 1091 691; x_wconf 79' lang='grc' dir='ltr'><strong><em>Μορίοι</em></strong></span> <span class='ocrx_word' id='word_1_21' title='bbox 1110 601 1301 693; x_wconf 75' lang='grc' dir='ltr'><strong><em>Ἡρακλέας</em></strong></span> 
     </span>
     <span class='ocr_line' id='line_1_4' title="bbox 174 708 1300 796; baseline 0.003 -22"><span class='ocrx_word' id='word_1_22' title='bbox 174 710 227 775; x_wconf 72' lang='lat' dir='ltr'>aaa*</span> <span class='ocrx_word' id='word_1_23' title='bbox 255 710 394 796; x_wconf 77' lang='grc' dir='ltr'><strong><em>Θησέος,</em></strong></span> <span class='ocrx_word' id='word_1_24' title='bbox 429 709 462 774; x_wconf 93' lang='lat' dir='ltr'>id</span> <span class='ocrx_word' id='word_1_25' title='bbox 495 709 578 776; x_wconf 89' lang='lat' dir='ltr'>enim</span> <span class='ocrx_word' id='word_1_26' title='bbox 610 714 761 792; x_wconf 76' lang='lat' dir='ltr'><strong>tanquam</strong></span> <span class='ocrx_word' id='word_1_27' title='bbox 788 728 916 775; x_wconf 86' lang='lat' dir='ltr'>enorme</span> <span class='ocrx_word' id='word_1_28' title='bbox 939 708 1088 792; x_wconf 79' lang='lat' dir='ltr'>quiddam</span> <span class='ocrx_word' id='word_1_29' title='bbox 1115 711 1300 794; x_wconf 79' lang='lat' dir='ltr'>exsignant</span> 
     </span>
     <span class='ocr_line' id='line_1_5' title="bbox 173 809 1299 895; baseline 0.004 -17"><span class='ocrx_word' id='word_1_30' title='bbox 173 813 271 879; x_wconf 80' lang='lat' dir='ltr'>Attici</span> <span class='ocrx_word' id='word_1_31' title='bbox 302 809 463 894; x_wconf 78' lang='lat' dir='ltr'>gentilicia</span> <span class='ocrx_word' id='word_1_32' title='bbox 495 813 545 878; x_wconf 90' lang='lat' dir='ltr'>vel</span> <span class='ocrx_word' id='word_1_33' title='bbox 573 818 609 877; x_wconf 89' lang='lat' dir='ltr'>nt</span> <span class='ocrx_word' id='word_1_34' title='bbox 641 813 734 895; x_wconf 80' lang='lat' dir='ltr'>vulgo</span> <span class='ocrx_word' id='word_1_35' title='bbox 761 814 794 878; x_wconf 90' lang='lat' dir='ltr'>in</span> <span class='ocrx_word' id='word_1_36' title='bbox 817 815 852 884; x_wconf 65' lang='grc' dir='ltr'>εἶ</span> <span class='ocrx_word' id='word_1_37' title='bbox 874 812 1064 878; x_wconf 86' lang='lat' dir='ltr'>contrahunt</span> <span class='ocrx_word' id='word_1_38' title='bbox 1095 813 1146 879; x_wconf 88' lang='lat' dir='ltr'>vel</span> <span class='ocrx_word' id='word_1_39' title='bbox 1179 814 1216 879; x_wconf 92' lang='lat' dir='ltr'>in</span> <span class='ocrx_word' id='word_1_40' title='bbox 1251 814 1299 883; x_wconf 84' lang='lat' dir='ltr'>di·</span> 
     </span>
     <span class='ocr_line' id='line_1_6' title="bbox 174 915 1304 1005; baseline 0.004 -24"><span class='ocrx_word' id='word_1_41' title='bbox 174 915 371 998; x_wconf 81' lang='lat' dir='ltr'><strong>phthongum</strong></span> <span class='ocrx_word' id='word_1_42' title='bbox 403 916 605 997; x_wconf 85' lang='lat' dir='ltr'>impropriam</span> <span class='ocrx_word' id='word_1_43' title='bbox 629 919 773 1004; x_wconf 76' lang='grc' dir='ltr'><strong><em>Δωριῆς,</em></strong></span> <span class='ocrx_word' id='word_1_44' title='bbox 805 917 856 982; x_wconf 89' lang='lat' dir='ltr'>vel</span> <span class='ocrx_word' id='word_1_45' title='bbox 882 916 916 981; x_wconf 90' lang='lat' dir='ltr'>in</span> <span class='ocrx_word' id='word_1_46' title='bbox 942 917 1083 982; x_wconf 79' lang='lat' dir='ltr'>vocalem</span> <span class='ocrx_word' id='word_1_47' title='bbox 1115 917 1304 1005; x_wconf 70' lang='lat' dir='ltr'>simplicem⁸</span> 
     </span>
     <span class='ocr_line' id='line_1_7' title="bbox 172 1019 1300 1107; baseline 0 -20"><span class='ocrx_word' id='word_1_48' title='bbox 172 1023 318 1105; x_wconf 83' lang='grc' dir='ltr'><em>Δωριῆς,</em></span> <span class='ocrx_word' id='word_1_49' title='bbox 342 1019 401 1084; x_wconf 88' lang='lat' dir='ltr'>boc</span> <span class='ocrx_word' id='word_1_50' title='bbox 423 1024 530 1084; x_wconf 87' lang='lat' dir='ltr'>autem</span> <span class='ocrx_word' id='word_1_51' title='bbox 551 1037 590 1084; x_wconf 82' lang='lat' dir='ltr'>ex</span> <span class='ocrx_word' id='word_1_52' title='bbox 611 1019 881 1107; x_wconf 77' lang='grc' dir='ltr'><strong><em>ΙοοὶοοΔωριῆις</em></strong></span> <span class='ocrx_word' id='word_1_53' title='bbox 903 1023 1099 1100; x_wconf 88' lang='lat' dir='ltr'>compactum</span> <span class='ocrx_word' id='word_1_54' title='bbox 1110 1024 1240 1101; x_wconf 82' lang='lat' dir='ltr'>putant,</span> <span class='ocrx_word' id='word_1_55' title='bbox 1263 1026 1300 1087; x_wconf 91' lang='lat' dir='ltr'>ut</span> 
     </span>
     <span class='ocr_line' id='line_1_8' title="bbox 173 1121 1298 1210; baseline 0.006 -26"><span class='ocrx_word' id='word_1_56' title='bbox 173 1123 335 1210; x_wconf 78' lang='grc' dir='ltr'><em>Μεγαρῆς</em></span> <span class='ocrx_word' id='word_1_57' title='bbox 356 1121 493 1204; x_wconf 81' lang='lat' dir='ltr'>Thucyd.</span> <span class='ocrx_word' id='word_1_58' title='bbox 522 1140 559 1186; x_wconf 83' lang='lat' dir='ltr'>en</span> <span class='ocrx_word' id='word_1_59' title='bbox 589 1126 770 1205; x_wconf 76' lang='grc' dir='ltr'><strong><em>Μεγαρῆες.</em></strong></span> <span class='ocrx_word' id='word_1_60' title='bbox 819 1123 924 1205; x_wconf 81' lang='lat' dir='ltr'>Atque</span> <span class='ocrx_word' id='word_1_61' title='bbox 950 1121 1033 1187; x_wconf 92' lang='lat' dir='ltr'>hanc</span> <span class='ocrx_word' id='word_1_62' title='bbox 1060 1122 1298 1204; x_wconf 85' lang='lat' dir='ltr'>gentiliciorum</span> 
     </span>
     <span class='ocr_line' id='line_1_9' title="bbox 172 1224 1297 1308; baseline 0.004 -17"><span class='ocrx_word' id='word_1_63' title='bbox 172 1227 373 1308; x_wconf 81' lang='lat' dir='ltr'>scriptionem</span> <span class='ocrx_word' id='word_1_64' title='bbox 385 1225 564 1290; x_wconf 77' lang='lat' dir='ltr'>criticorum</span> <span class='ocrx_word' id='word_1_65' title='bbox 585 1224 727 1307; x_wconf 89' lang='lat' dir='ltr'>plerique</span> <span class='ocrx_word' id='word_1_66' title='bbox 749 1225 933 1307; x_wconf 66' lang='lat' dir='ltr'>approbant„</span> <span class='ocrx_word' id='word_1_67' title='bbox 956 1225 1030 1304; x_wconf 91' lang='lat' dir='ltr'>iota,</span> <span class='ocrx_word' id='word_1_68' title='bbox 1052 1226 1136 1306; x_wconf 89' lang='lat' dir='ltr'>quod</span> <span class='ocrx_word' id='word_1_69' title='bbox 1151 1227 1185 1292; x_wconf 94' lang='lat' dir='ltr'>in</span> <span class='ocrx_word' id='word_1_70' title='bbox 1202 1228 1297 1295; x_wconf 79' lang='lat' dir='ltr'>codd</span> 
     </span>
     <span class='ocr_line' id='line_1_10' title="bbox 172 1326 1298 1410; baseline 0.001 -15"><span class='ocrx_word' id='word_1_71' title='bbox 172 1334 213 1395; x_wconf 88' lang='lat' dir='ltr'>et·</span> <span class='ocrx_word' id='word_1_72' title='bbox 227 1328 297 1394; x_wconf 89' lang='lat' dir='ltr'>edd.</span> <span class='ocrx_word' id='word_1_73' title='bbox 321 1328 505 1410; x_wconf 87' lang='lat' dir='ltr'>saepissime</span> <span class='ocrx_word' id='word_1_74' title='bbox 527 1326 698 1409; x_wconf 82' lang='lat' dir='ltr'>suffigitur,</span> <span class='ocrx_word' id='word_1_75' title='bbox 721 1328 807 1394; x_wconf 91' lang='lat' dir='ltr'>baud</span> <span class='ocrx_word' id='word_1_76' title='bbox 829 1327 939 1394; x_wconf 85' lang='lat' dir='ltr'>timide</span> <span class='ocrx_word' id='word_1_77' title='bbox 961 1334 1192 1410; x_wconf 81' lang='lat' dir='ltr'>expungentes:</span> <span class='ocrx_word' id='word_1_78' title='bbox 1219 1334 1298 1397; x_wconf 78' lang='lat' dir='ltr'>Ao·</span> 
     </span>
     <span class='ocr_line' id='line_1_11' title="bbox 171 1430 1297 1521; baseline 0.003 -23"><span class='ocrx_word' id='word_1_79' title='bbox 171 1437 255 1521; x_wconf 77' lang='grc' dir='ltr'><strong><em>ριῆς,</em></strong></span> <span class='ocrx_word' id='word_1_80' title='bbox 284 1434 428 1517; x_wconf 77' lang='grc' dir='ltr'><strong><em>Θεοπιῆς</em></strong></span> <span class='ocrx_word' id='word_1_81' title='bbox 450 1436 508 1496; x_wconf 90' lang='lat' dir='ltr'>etc.</span> <span class='ocrx_word' id='word_1_82' title='bbox 541 1430 672 1513; x_wconf 83' lang='lat' dir='ltr'>perinde</span> <span class='ocrx_word' id='word_1_83' title='bbox 694 1437 732 1495; x_wconf 84' lang='lat' dir='ltr'>ut</span> <span class='ocrx_word' id='word_1_84' title='bbox 752 1433 944 1513; x_wconf 84' lang='lat' dir='ltr'>appellativa</span> <span class='ocrx_word' id='word_1_85' title='bbox 964 1433 1101 1518; x_wconf 77' lang='grc' dir='ltr'><em>χαλκῆς,</em></span> <span class='ocrx_word' id='word_1_86' title='bbox 1124 1437 1246 1520; x_wconf 81' lang='grc' dir='ltr'><strong><em>νομῆς,</em></strong></span> <span class='ocrx_word' id='word_1_87' title='bbox 1268 1452 1297 1501; x_wconf 75' lang='grc' dir='ltr'>τ.</span> 
     </span>
     <span class='ocr_line' id='line_1_12' title="bbox 171 1533 1298 1618; baseline 0.003 -17"><span class='ocrx_word' id='word_1_88' title='bbox 171 1536 212 1601; x_wconf 90' lang='lat' dir='ltr'>ad</span> <span class='ocrx_word' id='word_1_89' title='bbox 234 1535 282 1618; x_wconf 76' lang='lat' dir='ltr'>nj.</span> <span class='ocrx_word' id='word_1_90' title='bbox 305 1556 332 1600; x_wconf 89' lang='lat' dir='ltr'>v.</span> <span class='ocrx_word' id='word_1_91' title='bbox 360 1533 428 1601; x_wconf 84' lang='lat'><strong>188.</strong></span> <span class='ocrx_word' id='word_1_92' title='bbox 472 1534 520 1599; x_wconf 91' lang='lat' dir='ltr'>De</span> <span class='ocrx_word' id='word_1_93' title='bbox 542 1534 603 1599; x_wconf 90' lang='lat' dir='ltr'>hac</span> <span class='ocrx_word' id='word_1_94' title='bbox 623 1534 739 1615; x_wconf 88' lang='lat' dir='ltr'>triplici</span> <span class='ocrx_word' id='word_1_95' title='bbox 761 1537 1024 1601; x_wconf 78' lang='lat' dir='ltr'>nominativorum</span> <span class='ocrx_word' id='word_1_96' title='bbox 1046 1535 1298 1604; x_wconf 81' lang='lat' dir='ltr'>conformatione</span> 
     </span>
     <span class='ocr_line' id='line_1_13' title="bbox 170 1632 1296 1725; baseline 0.001 -20"><span class='ocrx_word' id='word_1_97' title='bbox 170 1639 323 1705; x_wconf 88' lang='lat' dir='ltr'>babemus</span> <span class='ocrx_word' id='word_1_98' title='bbox 346 1636 555 1704; x_wconf 84' lang='lat' dir='ltr'>Choerobosci</span> <span class='ocrx_word' id='word_1_99' title='bbox 577 1643 781 1719; x_wconf 87' lang='lat' dir='ltr'>praeceptum</span> <span class='ocrx_word' id='word_1_100' title='bbox 813 1640 846 1704; x_wconf 91' lang='lat' dir='ltr'>in</span> <span class='ocrx_word' id='word_1_101' title='bbox 867 1637 939 1704; x_wconf 84' lang='lat' dir='ltr'>EM.</span> <span class='ocrx_word' id='word_1_102' title='bbox 961 1636 1034 1704; x_wconf 70' lang='lat'>473.</span> <span class='ocrx_word' id='word_1_103' title='bbox 1057 1637 1099 1704; x_wconf 86' lang='grc'>38</span> <span class='ocrx_word' id='word_1_104' title='bbox 1127 1632 1147 1725; x_wconf 80' lang='grc' dir='ltr'><strong><em>ἡ</em></strong></span> <span class='ocrx_word' id='word_1_105' title='bbox 1171 1633 1296 1708; x_wconf 69' lang='grc' dir='ltr'><strong><em>εὐθεῖα</em></strong></span> 
     </span>
     <span class='ocr_line' id='line_1_14' title="bbox 171 1736 1298 1831; baseline 0.003 -25"><span class='ocrx_word' id='word_1_106' title='bbox 171 1747 236 1808; x_wconf 77' lang='grc' dir='ltr'>τῶν</span> <span class='ocrx_word' id='word_1_107' title='bbox 257 1739 305 1822; x_wconf 80' lang='grc' dir='ltr'>οἷς</span> <span class='ocrx_word' id='word_1_108' title='bbox 326 1746 371 1820; x_wconf 66' lang='grc' dir='ltr'>εἷς</span> <span class='ocrx_word' id='word_1_109' title='bbox 392 1740 513 1827; x_wconf 79' lang='grc' dir='ltr'><strong><em>κυρίων</em></strong></span> <span class='ocrx_word' id='word_1_110' title='bbox 536 1738 576 1805; x_wconf 83' lang='grc' dir='ltr'>τὰ</span> <span class='ocrx_word' id='word_1_111' title='bbox 600 1736 660 1807; x_wconf 73' lang='grc' dir='ltr'>δύο</span> <span class='ocrx_word' id='word_1_112' title='bbox 686 1744 728 1813; x_wconf 67' lang='grc' dir='ltr'>Ξῖ</span> <span class='ocrx_word' id='word_1_113' title='bbox 750 1737 798 1821; x_wconf 79' lang='grc' dir='ltr'>οἷς</span> <span class='ocrx_word' id='word_1_114' title='bbox 819 1741 876 1826; x_wconf 74' lang='grc' dir='ltr'>τὴν</span> <span class='ocrx_word' id='word_1_115' title='bbox 906 1743 937 1814; x_wconf 68' lang='grc' dir='ltr'>ἶ,</span> <span class='ocrx_word' id='word_1_116' title='bbox 959 1745 1054 1831; x_wconf 76' lang='grc' dir='ltr'><strong><em>κιρνᾷ</em></strong></span> <span class='ocrx_word' id='word_1_117' title='bbox 1075 1736 1204 1825; x_wconf 83' lang='grc' dir='ltr'><strong><em>μόνως,</em></strong></span> <span class='ocrx_word' id='word_1_118' title='bbox 1242 1741 1298 1809; x_wconf 63' lang='lat' dir='ltr'>&amp;nl</span> 
     </span>
     <span class='ocr_line' id='line_1_15' title="bbox 172 1838 1300 1933; baseline 0 -21"><span class='ocrx_word' id='word_1_119' title='bbox 172 1846 209 1913; x_wconf 82' lang='grc' dir='ltr'>δὲ</span> <span class='ocrx_word' id='word_1_120' title='bbox 231 1849 297 1912; x_wconf 81' lang='grc' dir='ltr'>τῶν</span> <span class='ocrx_word' id='word_1_121' title='bbox 316 1844 362 1930; x_wconf 77' lang='grc' dir='ltr'>μὴ</span> <span class='ocrx_word' id='word_1_122' title='bbox 396 1841 519 1930; x_wconf 76' lang='grc' dir='ltr'><strong><em>κυρίων</em></strong></span> <span class='ocrx_word' id='word_1_123' title='bbox 540 1840 619 1930; x_wconf 81' lang='grc' dir='ltr'><strong><em>παρ’</em></strong></span> <span class='ocrx_word' id='word_1_124' title='bbox 650 1838 726 1928; x_wconf 76' lang='grc' dir='ltr'><strong><em>ἡμῖν</em></strong></span> <span class='ocrx_word' id='word_1_125' title='bbox 747 1844 809 1928; x_wconf 80' lang='grc' dir='ltr'>μὲν</span> <span class='ocrx_word' id='word_1_126' title='bbox 830 1840 877 1924; x_wconf 75' lang='grc' dir='ltr'>οἷς</span> <span class='ocrx_word' id='word_1_127' title='bbox 898 1846 957 1933; x_wconf 72' lang='grc' dir='ltr'>τὴν</span> <span class='ocrx_word' id='word_1_128' title='bbox 980 1847 1023 1927; x_wconf 69' lang='grc' dir='ltr'>μ’,</span> <span class='ocrx_word' id='word_1_129' title='bbox 1046 1844 1139 1930; x_wconf 80' lang='grc' dir='ltr'><strong><em>παρὰ</em></strong></span> <span class='ocrx_word' id='word_1_130' title='bbox 1164 1844 1200 1912; x_wconf 81' lang='grc' dir='ltr'>δὲ</span> <span class='ocrx_word' id='word_1_131' title='bbox 1225 1851 1300 1926; x_wconf 78' lang='grc' dir='ltr'><strong><em>τοῖς</em></strong></span> 
     </span>
     <span class='ocr_line' id='line_1_16' title="bbox 168 1942 1297 2038; baseline 0 -22"><span class='ocrx_word' id='word_1_132' title='bbox 168 1944 364 2038; x_wconf 69' lang='grc' dir='ltr'><strong><em>Ἀθηναίοις</em></strong></span> <span class='ocrx_word' id='word_1_133' title='bbox 386 1943 432 2026; x_wconf 79' lang='grc' dir='ltr'>εἷς</span> <span class='ocrx_word' id='word_1_134' title='bbox 455 1945 492 2012; x_wconf 78' lang='grc' dir='ltr'>τὸ</span> <span class='ocrx_word' id='word_1_135' title='bbox 515 1950 547 2031; x_wconf 63' lang='grc' dir='ltr'>ἧς</span> <span class='ocrx_word' id='word_1_136' title='bbox 569 1948 720 2028; x_wconf 70' lang='grc' dir='ltr'><strong><em>βασιλέες</em></strong></span> <span class='ocrx_word' id='word_1_137' title='bbox 740 1949 898 2027; x_wconf 74' lang='grc' dir='ltr'><strong><em>βασιλεῖς,</em></strong></span> <span class='ocrx_word' id='word_1_138' title='bbox 921 1951 1065 2032; x_wconf 75' lang='grc' dir='ltr'><strong><em>βασιλῆς</em></strong></span> <span class='ocrx_word' id='word_1_139' title='bbox 1085 1942 1241 2029; x_wconf 63' lang='lat' dir='ltr'>destruis,</span> <span class='ocrx_word' id='word_1_140' title='bbox 1262 1954 1297 2016; x_wconf 75' lang='lat' dir='ltr'>et</span> 
     </span>
     <span class='ocr_line' id='line_1_17' title="bbox 169 2049 1294 2135; baseline 0.001 -18"><span class='ocrx_word' id='word_1_141' title='bbox 169 2052 275 2135; x_wconf 90' lang='lat' dir='ltr'>paullo</span> <span class='ocrx_word' id='word_1_142' title='bbox 298 2051 439 2117; x_wconf 83' lang='lat' dir='ltr'>strictius</span> <span class='ocrx_word' id='word_1_143' title='bbox 460 2051 494 2116; x_wconf 94' lang='lat' dir='ltr'>in</span> <span class='ocrx_word' id='word_1_144' title='bbox 517 2049 591 2118; x_wconf 84' lang='lat' dir='ltr'>Can.</span> <span class='ocrx_word' id='word_1_145' title='bbox 605 2049 724 2116; x_wconf 63' lang='grc'>212-</span> <span class='ocrx_word' id='word_1_146' title='bbox 738 2050 882 2116; x_wconf 85' lang='lat' dir='ltr'>Vocativi</span> <span class='ocrx_word' id='word_1_147' title='bbox 905 2050 1072 2133; x_wconf 85' lang='lat' dir='ltr'>singularis</span> <span class='ocrx_word' id='word_1_148' title='bbox 1095 2069 1194 2116; x_wconf 89' lang='lat' dir='ltr'>unum</span> <span class='ocrx_word' id='word_1_149' title='bbox 1216 2051 1294 2118; x_wconf 89' lang='lat' dir='ltr'>sub·</span> 
     </span>
     <span class='ocr_line' id='line_1_18' title="bbox 170 2153 1294 2237; baseline -0.002 -14"><span class='ocrx_word' id='word_1_150' title='bbox 170 2156 252 2237; x_wconf 85' lang='lat' dir='ltr'>dam,</span> <span class='ocrx_word' id='word_1_151' title='bbox 286 2157 343 2222; x_wconf 89' lang='lat' dir='ltr'>sed</span> <span class='ocrx_word' id='word_1_152' title='bbox 363 2155 499 2220; x_wconf 83' lang='lat' dir='ltr'>maxime</span> <span class='ocrx_word' id='word_1_153' title='bbox 521 2153 724 2219; x_wconf 84' lang='lat' dir='ltr'>memorabile</span> <span class='ocrx_word' id='word_1_154' title='bbox 745 2155 924 2237; x_wconf 81' lang='lat' dir='ltr'>exemplum</span> <span class='ocrx_word' id='word_1_155' title='bbox 945 2154 1079 2231; x_wconf 81' lang='lat' dir='ltr'>nominis</span> <span class='ocrx_word' id='word_1_156' title='bbox 1101 2153 1134 2219; x_wconf 91' lang='lat' dir='ltr'>in</span> <span class='ocrx_word' id='word_1_157' title='bbox 1157 2156 1198 2237; x_wconf 67' lang='grc' dir='ltr'>ἧς·</span> <span class='ocrx_word' id='word_1_158' title='bbox 1220 2172 1294 2237; x_wconf 88' lang='lat' dir='ltr'>pro·</span> 
     </span>
     <span class='ocr_line' id='line_1_19' title="bbox 170 2250 1294 2346; baseline 0.002 -22"><span class='ocrx_word' id='word_1_159' title='bbox 170 2260 231 2342; x_wconf 91' lang='lat' dir='ltr'>prii</span> <span class='ocrx_word' id='word_1_160' title='bbox 254 2250 281 2325; x_wconf 81' lang='grc' dir='ltr'><strong><em>ὦ</em></strong></span> <span class='ocrx_word' id='word_1_161' title='bbox 299 2254 492 2346; x_wconf 76' lang='grc' dir='ltr'><strong><em>Ἡράκλεες,</em></strong></span> <span class='ocrx_word' id='word_1_162' title='bbox 526 2274 588 2338; x_wconf 92' lang='lat' dir='ltr'>quo</span> <span class='ocrx_word' id='word_1_163' title='bbox 610 2257 723 2340; x_wconf 79' lang='lat' dir='ltr'>tragici</span> <span class='ocrx_word' id='word_1_164' title='bbox 744 2263 886 2339; x_wconf 82' lang='lat' dir='ltr'>utuntur,</span> <span class='ocrx_word' id='word_1_165' title='bbox 919 2276 990 2324; x_wconf 90' lang='lat' dir='ltr'>cum</span> <span class='ocrx_word' id='word_1_166' title='bbox 1013 2256 1168 2323; x_wconf 88' lang='lat' dir='ltr'>similibus</span> <span class='ocrx_word' id='word_1_167' title='bbox 1187 2252 1294 2342; x_wconf 60' lang='lat' dir='ltr'>’Raab</span> 
     </span>
     <span class='ocr_line' id='line_1_20' title="bbox 170 2355 1293 2453; baseline 0.002 -27"><span class='ocrx_word' id='word_1_168' title='bbox 170 2364 263 2442; x_wconf 82' lang='grc' dir='ltr'><strong><em>κλιες</em></strong></span> <span class='ocrx_word' id='word_1_169' title='bbox 294 2368 353 2430; x_wconf 86' lang='lat' dir='ltr'>etc</span> <span class='ocrx_word' id='word_1_170' title='bbox 416 2355 591 2445; x_wconf 78' lang='grc' dir='ltr'><strong><em>Ἠράκλεις</em></strong></span> <span class='ocrx_word' id='word_1_171' title='bbox 624 2378 685 2425; x_wconf 90' lang='lat' dir='ltr'>usu</span> <span class='ocrx_word' id='word_1_172' title='bbox 717 2362 875 2427; x_wconf 87' lang='lat' dir='ltr'>communi</span> <span class='ocrx_word' id='word_1_173' title='bbox 907 2362 1064 2426; x_wconf 88' lang='lat' dir='ltr'>sancitum</span> <span class='ocrx_word' id='word_1_174' title='bbox 1095 2361 1293 2453; x_wconf 79' lang='lat' dir='ltr'>tertiumque</span> 
     </span>
     <span class='ocr_line' id='line_1_21' title="bbox 162 2462 1294 2551; baseline 0.002 -21"><span class='ocrx_word' id='word_1_175' title='bbox 162 2462 336 2551; x_wconf 75' lang='grc' dir='ltr'><strong><em>Ἥοιιιλις,</em></strong></span> <span class='ocrx_word' id='word_1_176' title='bbox 360 2463 444 2547; x_wconf 90' lang='lat' dir='ltr'>quod</span> <span class='ocrx_word' id='word_1_177' title='bbox 465 2462 691 2528; x_wconf 85' lang='lat' dir='ltr'>interiectionis</span> <span class='ocrx_word' id='word_1_178' title='bbox 713 2463 776 2528; x_wconf 83' lang='lat' dir='ltr'>uim</span> <span class='ocrx_word' id='word_1_179' title='bbox 798 2463 904 2544; x_wconf 69' lang='lat' dir='ltr'>babet</span> <span class='ocrx_word' id='word_1_180' title='bbox 926 2484 955 2528; x_wconf 90' lang='lat' dir='ltr'>v.</span> <span class='ocrx_word' id='word_1_181' title='bbox 977 2463 1049 2529; x_wconf 89' lang='lat' dir='ltr'>Phr.</span> <span class='ocrx_word' id='word_1_182' title='bbox 1073 2462 1144 2528; x_wconf 78' lang='grc'><strong>640.</strong></span> <span class='ocrx_word' id='word_1_183' title='bbox 1164 2500 1201 2512; x_wconf 87' lang='lat'>-—</span> <span class='ocrx_word' id='word_1_184' title='bbox 1229 2464 1294 2532; x_wconf 85' lang='lat' dir='ltr'>No·</span> 
     </span>
    </p>

    <p class='ocr_par' dir='ltr' id='par_1_3' title="bbox 116 2565 1295 2648">
     <span class='ocr_line' id='line_1_22' title="bbox 116 2565 1295 2648; baseline -0.001 -14"><span class='ocrx_word' id='word_1_185' title='bbox 116 2609 130 2634; x_wconf 54' lang='grc' dir='ltr'><strong><em>ο</em></strong></span> <span class='ocrx_word' id='word_1_186' title='bbox 170 2568 306 2634; x_wconf 91' lang='lat' dir='ltr'>minibus</span> <span class='ocrx_word' id='word_1_187' title='bbox 328 2569 414 2633; x_wconf 90' lang='lat' dir='ltr'>hisce</span> <span class='ocrx_word' id='word_1_188' title='bbox 437 2565 637 2647; x_wconf 85' lang='lat' dir='ltr'>adiungenda</span> <span class='ocrx_word' id='word_1_189' title='bbox 659 2570 733 2631; x_wconf 89' lang='lat' dir='ltr'>sunt</span> <span class='ocrx_word' id='word_1_190' title='bbox 748 2567 854 2647; x_wconf 88' lang='lat' dir='ltr'>verba,</span> <span class='ocrx_word' id='word_1_191' title='bbox 877 2567 916 2632; x_wconf 91' lang='lat' dir='ltr'>de</span> <span class='ocrx_word' id='word_1_192' title='bbox 933 2566 1046 2648; x_wconf 88' lang='lat' dir='ltr'>quibus</span> <span class='ocrx_word' id='word_1_193' title='bbox 1058 2567 1150 2632; x_wconf 87' lang='lat' dir='ltr'>docte</span> <span class='ocrx_word' id='word_1_194' title='bbox 1162 2568 1295 2635; x_wconf 85' lang='lat' dir='ltr'>disserit</span> 
     </span>
    </p>

    <p class='ocr_par' dir='ltr' id='par_1_4' title="bbox 169 2663 1291 2761">
     <span class='ocr_line' id='line_1_23' title="bbox 169 2663 1291 2761; baseline 0.001 -26"><span class='ocrx_word' id='word_1_195' title='bbox 169 2670 354 2736; x_wconf 82' lang='lat' dir='ltr'>Heraclides</span> <span class='ocrx_word' id='word_1_196' title='bbox 367 2670 450 2752; x_wconf 90' lang='lat' dir='ltr'>apud</span> <span class='ocrx_word' id='word_1_197' title='bbox 456 2669 659 2735; x_wconf 87' lang='lat' dir='ltr'>Eustathium</span> <span class='ocrx_word' id='word_1_198' title='bbox 668 2667 757 2735; x_wconf 79' lang='lat'>1892.</span> <span class='ocrx_word' id='word_1_199' title='bbox 764 2667 806 2735; x_wconf 88' lang='grc'>40</span> <span class='ocrx_word' id='word_1_200' title='bbox 818 2670 855 2736; x_wconf 86' lang='grc' dir='ltr'>τὸ</span> <span class='ocrx_word' id='word_1_201' title='bbox 864 2664 942 2753; x_wconf 81' lang='grc' dir='ltr'><strong><em>παρ’</em></strong></span> <span class='ocrx_word' id='word_1_202' title='bbox 952 2663 1028 2757; x_wconf 82' lang='grc' dir='ltr'><strong><em>ἡμῖν</em></strong></span> <span class='ocrx_word' id='word_1_203' title='bbox 1041 2667 1151 2736; x_wconf 75' lang='grc' dir='ltr'><strong><em>ἔπλει</em></strong></span> <span class='ocrx_word' id='word_1_204' title='bbox 1163 2670 1221 2736; x_wconf 80' lang='grc' dir='ltr'>καὶ</span> <span class='ocrx_word' id='word_1_205' title='bbox 1234 2669 1291 2761; x_wconf 60' lang='lat' dir='ltr'>dd·</span> 
     </span>
    </p>

    <p class='ocr_par' dir='ltr' id='par_1_5' title="bbox 170 2765 1292 2861">
     <span class='ocr_line' id='line_1_24' title="bbox 170 2765 1292 2861; baseline 0 -21"><span class='ocrx_word' id='word_1_206' title='bbox 170 2777 231 2859; x_wconf 74' lang='lat' dir='ltr'>(ier</span> <span class='ocrx_word' id='word_1_207' title='bbox 249 2773 339 2860; x_wconf 79' lang='grc' dir='ltr'><strong><em>παρὰ</em></strong></span> <span class='ocrx_word' id='word_1_208' title='bbox 357 2765 541 2851; x_wconf 79' lang='grc' dir='ltr'><strong><em>τοῖςἼωοιν</em></strong></span> <span class='ocrx_word' id='word_1_209' title='bbox 553 2769 697 2838; x_wconf 75' lang='grc' dir='ltr'><strong><em>ἔπλεεν</em></strong></span> <span class='ocrx_word' id='word_1_210' title='bbox 715 2771 852 2860; x_wconf 54' lang='lat' dir='ltr'>addara</span> <span class='ocrx_word' id='word_1_211' title='bbox 865 2773 1061 2860; x_wconf 73' lang='grc' dir='ltr'><strong><em>τεμνομένης</em></strong></span> <span class='ocrx_word' id='word_1_212' title='bbox 1071 2775 1131 2858; x_wconf 73' lang='grc' dir='ltr'>τῆς</span> <span class='ocrx_word' id='word_1_213' title='bbox 1146 2770 1292 2861; x_wconf 77' lang='grc' dir='ltr'><strong><em>διφθδγ-</em></strong></span> 
     </span>
    </p>

    <p class='ocr_par' dir='ltr' id='par_1_6' title="bbox 170 2864 1289 2963">
     <span class='ocr_line' id='line_1_25' title="bbox 170 2864 1289 2963; baseline 0.003 -24"><span class='ocrx_word' id='word_1_214' title='bbox 170 2901 238 2960; x_wconf 83' lang='lat' dir='ltr'>you,</span> <span class='ocrx_word' id='word_1_215' title='bbox 263 2876 355 2962; x_wconf 80' lang='grc' dir='ltr'><strong><em>παρὰ</em></strong></span> <span class='ocrx_word' id='word_1_216' title='bbox 378 2876 414 2943; x_wconf 80' lang='grc' dir='ltr'>δὲ</span> <span class='ocrx_word' id='word_1_217' title='bbox 437 2878 507 2952; x_wconf 85' lang='grc' dir='ltr'><strong><em>τοῖς</em></strong></span> <span class='ocrx_word' id='word_1_218' title='bbox 517 2878 714 2958; x_wconf 78' lang='grc' dir='ltr'><strong><em>Δωριεῦσιν,</em></strong></span> <span class='ocrx_word' id='word_1_219' title='bbox 737 2864 782 2941; x_wconf 84' lang='grc' dir='ltr'>ὧν</span> <span class='ocrx_word' id='word_1_220' title='bbox 804 2882 844 2963; x_wconf 74' lang='grc' dir='ltr'>τῇ</span> <span class='ocrx_word' id='word_1_221' title='bbox 868 2878 1031 2961; x_wconf 79' lang='grc' dir='ltr'><strong><em>διαλέκτῳ</em></strong></span> <span class='ocrx_word' id='word_1_222' title='bbox 1054 2875 1109 2940; x_wconf 84' lang='grc' dir='ltr'>καὶ</span> <span class='ocrx_word' id='word_1_223' title='bbox 1132 2870 1289 2942; x_wconf 77' lang='grc' dir='ltr'><strong><em>οἷ’Λοτι-</em></strong></span> 
     </span>
    </p>

    <p class='ocr_par' dir='ltr' id='par_1_7' title="bbox 170 2974 1294 3068">
     <span class='ocr_line' id='line_1_26' title="bbox 170 2974 1294 3068; baseline 0.002 -24"><span class='ocrx_word' id='word_1_224' title='bbox 170 2981 221 3046; x_wconf 83' lang='grc' dir='ltr'><strong><em>ιιοὶ</em></strong></span> <span class='ocrx_word' id='word_1_225' title='bbox 232 2983 383 3063; x_wconf 80' lang='grc' dir='ltr'><strong><em>χρῶνται,</em></strong></span> <span class='ocrx_word' id='word_1_226' title='bbox 407 2978 447 3044; x_wconf 81' lang='grc' dir='ltr'>τὰ</span> <span class='ocrx_word' id='word_1_227' title='bbox 461 2975 519 3044; x_wconf 78' lang='grc' dir='ltr'>δύο</span> <span class='ocrx_word' id='word_1_228' title='bbox 533 2974 648 3065; x_wconf 65' lang='grc' dir='ltr'><em>εἐεἷςῆ</em></span> <span class='ocrx_word' id='word_1_229' title='bbox 663 2985 880 3063; x_wconf 72' lang='grc' dir='ltr'><strong><em>οοναιοεῖταιε</em></strong></span> <span class='ocrx_word' id='word_1_230' title='bbox 903 2977 1041 3067; x_wconf 69' lang='grc' dir='ltr'><strong><em>ἔναλον,</em></strong></span> <span class='ocrx_word' id='word_1_231' title='bbox 1065 2978 1198 3068; x_wconf 73' lang='grc' dir='ltr'><strong><em>ἔῤῥην.</em></strong></span> <span class='ocrx_word' id='word_1_232' title='bbox 1234 2981 1294 3047; x_wconf 91' lang='lat' dir='ltr'>Illa</span> 
     </span>
    </p>

    <p class='ocr_par' dir='ltr' id='par_1_8' title="bbox 169 3083 1292 3166">
     <span class='ocr_line' id='line_1_27' title="bbox 169 3083 1292 3166; baseline 0.001 -17"><span class='ocrx_word' id='word_1_233' title='bbox 169 3084 275 3151; x_wconf 84' lang='lat' dir='ltr'>Attica</span> <span class='ocrx_word' id='word_1_234' title='bbox 286 3102 368 3166; x_wconf 89' lang='lat' dir='ltr'>qnae</span> <span class='ocrx_word' id='word_1_235' title='bbox 380 3084 494 3148; x_wconf 87' lang='lat' dir='ltr'>dicitur</span> <span class='ocrx_word' id='word_1_236' title='bbox 517 3084 695 3149; x_wconf 89' lang='lat' dir='ltr'>terminatio</span> <span class='ocrx_word' id='word_1_237' title='bbox 712 3102 807 3165; x_wconf 89' lang='lat' dir='ltr'>quam</span> <span class='ocrx_word' id='word_1_238' title='bbox 830 3083 1292 3165; x_wconf 87' lang='lat' dir='ltr'>saepeascriptoribusminus</span> 
     </span>
    </p>

    <p class='ocr_par' dir='ltr' id='par_1_9' title="bbox 170 3176 1289 3269">
     <span class='ocr_line' id='line_1_28' title="bbox 170 3176 1289 3269; baseline 0.001 -17"><span class='ocrx_word' id='word_1_239' title='bbox 170 3176 361 3269; x_wconf 85' lang='lat' dir='ltr'>scrupulosis</span> <span class='ocrx_word' id='word_1_240' title='bbox 383 3186 528 3267; x_wconf 83' lang='lat' dir='ltr'>neglecta</span> <span class='ocrx_word' id='word_1_241' title='bbox 549 3187 604 3266; x_wconf 84' lang='lat' dir='ltr'>sit,</span> <span class='ocrx_word' id='word_1_242' title='bbox 635 3187 676 3251; x_wconf 91' lang='lat' dir='ltr'>ad</span> <span class='ocrx_word' id='word_1_243' title='bbox 697 3185 770 3251; x_wconf 90' lang='lat' dir='ltr'>Phr.</span> <span class='ocrx_word' id='word_1_244' title='bbox 793 3186 857 3251; x_wconf 93' lang='grc'>222</span> <span class='ocrx_word' id='word_1_245' title='bbox 880 3192 913 3251; x_wconf 90' lang='lat' dir='ltr'>et</span> <span class='ocrx_word' id='word_1_246' title='bbox 935 3187 975 3252; x_wconf 92' lang='lat' dir='ltr'>ab</span> <span class='ocrx_word' id='word_1_247' title='bbox 998 3186 1069 3251; x_wconf 89' lang='lat' dir='ltr'>aliis</span> <span class='ocrx_word' id='word_1_248' title='bbox 1092 3186 1289 3253; x_wconf 87' lang='lat' dir='ltr'>demonstra-</span> 
     </span>
    </p>
   </div>
   <div class='ocr_carea' id='block_1_3' title="bbox 56 3287 1291 3370">
    <p class='ocr_par' dir='ltr' id='par_1_10' title="bbox 56 3287 1291 3370">
     <span class='ocr_line' id='line_1_29' title="bbox 56 3287 1291 3370; baseline 0.001 -15"><span class='ocrx_word' id='word_1_249' title='bbox 56 3328 59 3335; x_wconf 86' lang='lat'>.</span> <span class='ocrx_word' id='word_1_250' title='bbox 170 3296 238 3356; x_wconf 91' lang='lat' dir='ltr'>tum</span> <span class='ocrx_word' id='word_1_251' title='bbox 260 3296 318 3370; x_wconf 68' lang='lat' dir='ltr'>est</span> <span class='ocrx_word' id='word_1_252' title='bbox 353 3308 414 3353; x_wconf 93' lang='lat' dir='ltr'>non</span> <span class='ocrx_word' id='word_1_253' title='bbox 437 3289 538 3353; x_wconf 90' lang='lat' dir='ltr'>solum</span> <span class='ocrx_word' id='word_1_254' title='bbox 559 3290 593 3366; x_wconf 83' lang='lat' dir='ltr'>in</span> <span class='ocrx_word' id='word_1_255' title='bbox 614 3287 806 3370; x_wconf 83' lang='lat' dir='ltr'>imperfecto,</span> <span class='ocrx_word' id='word_1_256' title='bbox 841 3289 1017 3354; x_wconf 88' lang='lat' dir='ltr'>sedetiam</span> <span class='ocrx_word' id='word_1_257' title='bbox 1038 3290 1072 3354; x_wconf 92' lang='lat' dir='ltr'>in</span> <span class='ocrx_word' id='word_1_258' title='bbox 1094 3289 1291 3370; x_wconf 84' lang='lat' dir='ltr'>imperativo,</span> 
     </span>
    </p>
   </div>
   <div class='ocr_carea' id='block_1_4' title="bbox 168 3391 1294 4409">
    <p class='ocr_par' dir='ltr' id='par_1_11' title="bbox 168 3391 1294 4409">
     <span class='ocr_line' id='line_1_30' title="bbox 169 3391 1293 3474; baseline -0.001 -15"><span class='ocrx_word' id='word_1_259' title='bbox 169 3394 258 3459; x_wconf 88' lang='lat' dir='ltr'>cuius</span> <span class='ocrx_word' id='word_1_260' title='bbox 281 3392 438 3474; x_wconf 87' lang='lat' dir='ltr'>duplicem</span> <span class='ocrx_word' id='word_1_261' title='bbox 460 3392 596 3472; x_wconf 87' lang='lat' dir='ltr'>speciem</span> <span class='ocrx_word' id='word_1_262' title='bbox 609 3392 766 3457; x_wconf 84' lang='lat' dir='ltr'>Homerus</span> <span class='ocrx_word' id='word_1_263' title='bbox 777 3411 840 3457; x_wconf 92' lang='lat' dir='ltr'>uno</span> <span class='ocrx_word' id='word_1_264' title='bbox 856 3393 1010 3457; x_wconf 83' lang='lat' dir='ltr'>conclusit</span> <span class='ocrx_word' id='word_1_265' title='bbox 1025 3412 1120 3458; x_wconf 86' lang='lat' dir='ltr'>versu</span> <span class='ocrx_word' id='word_1_266' title='bbox 1136 3392 1172 3456; x_wconf 92' lang='lat' dir='ltr'>Il.</span> <span class='ocrx_word' id='word_1_267' title='bbox 1185 3392 1217 3457; x_wconf 88' lang='lat' dir='ltr'>X</span> <span class='ocrx_word' id='word_1_268' title='bbox 1229 3391 1293 3459; x_wconf 74' lang='grc'>249</span> 
     </span>
     <span class='ocr_line' id='line_1_31' title="bbox 168 3491 1294 3583; baseline 0 -22"><span class='ocrx_word' id='word_1_269' title='bbox 168 3492 241 3583; x_wconf 76' lang='grc' dir='ltr'><strong><em>μήτ’</em></strong></span> <span class='ocrx_word' id='word_1_270' title='bbox 266 3493 353 3562; x_wconf 77' lang='grc' dir='ltr'><strong><em>αἴνεε</em></strong></span> <span class='ocrx_word' id='word_1_271' title='bbox 376 3491 459 3582; x_wconf 78' lang='grc' dir='ltr'><strong><em>μήτε</em></strong></span> <span class='ocrx_word' id='word_1_272' title='bbox 482 3520 513 3560; x_wconf 84' lang='grc' dir='ltr'><strong><em>τι</em></strong></span> <span class='ocrx_word' id='word_1_273' title='bbox 536 3492 645 3560; x_wconf 79' lang='grc' dir='ltr'><strong><em>νείκει.</em></strong></span> <span class='ocrx_word' id='word_1_274' title='bbox 690 3495 779 3560; x_wconf 81' lang='lat' dir='ltr'>Idem</span> <span class='ocrx_word' id='word_1_275' title='bbox 801 3513 858 3576; x_wconf 88' lang='lat' dir='ltr'>pro</span> <span class='ocrx_word' id='word_1_276' title='bbox 871 3495 1090 3566; x_wconf 53' lang='lat' dir='ltr'>{substituit</span> <span class='ocrx_word' id='word_1_277' title='bbox 1111 3496 1127 3580; x_wconf 68' lang='grc' dir='ltr'><strong><em>ἦ</em></strong></span> <span class='ocrx_word' id='word_1_278' title='bbox 1149 3494 1183 3559; x_wconf 87' lang='lat' dir='ltr'>in</span> <span class='ocrx_word' id='word_1_279' title='bbox 1194 3496 1294 3561; x_wconf 82' lang='lat' dir='ltr'>tertia</span> 
     </span>
     <span class='ocr_line' id='line_1_32' title="bbox 168 3591 1293 3686; baseline 0.002 -23"><span class='ocrx_word' id='word_1_280' title='bbox 168 3618 304 3682; x_wconf 86' lang='lat' dir='ltr'>persona</span> <span class='ocrx_word' id='word_1_281' title='bbox 325 3596 622 3682; x_wconf 86' lang='lat' dir='ltr'>plusquamperfecti</span> <span class='ocrx_word' id='word_1_282' title='bbox 645 3591 726 3686; x_wconf 78' lang='grc' dir='ltr'>ᾔδη,</span> <span class='ocrx_word' id='word_1_283' title='bbox 762 3599 794 3663; x_wconf 92' lang='lat' dir='ltr'>in</span> <span class='ocrx_word' id='word_1_284' title='bbox 816 3616 877 3680; x_wconf 89' lang='lat' dir='ltr'>quo</span> <span class='ocrx_word' id='word_1_285' title='bbox 899 3597 971 3663; x_wconf 92' lang='lat' dir='ltr'>libri</span> <span class='ocrx_word' id='word_1_286' title='bbox 994 3600 1198 3680; x_wconf 83' lang='lat' dir='ltr'>concordant,</span> <span class='ocrx_word' id='word_1_287' title='bbox 1234 3599 1293 3665; x_wconf 89' lang='lat' dir='ltr'>scd</span> 
     </span>
     <span class='ocr_line' id='line_1_33' title="bbox 168 3701 1291 3784; baseline -0.001 -16"><span class='ocrx_word' id='word_1_288' title='bbox 168 3703 200 3768; x_wconf 93' lang='lat' dir='ltr'>id</span> <span class='ocrx_word' id='word_1_289' title='bbox 224 3701 460 3768; x_wconf 85' lang='lat' dir='ltr'>Choeroboscus</span> <span class='ocrx_word' id='word_1_290' title='bbox 484 3701 547 3767; x_wconf 84' lang='grc'>562</span> <span class='ocrx_word' id='word_1_291' title='bbox 570 3721 615 3784; x_wconf 88' lang='lat' dir='ltr'>sq.</span> <span class='ocrx_word' id='word_1_292' title='bbox 649 3707 744 3784; x_wconf 83' lang='lat' dir='ltr'>negat</span> <span class='ocrx_word' id='word_1_293' title='bbox 777 3702 942 3767; x_wconf 86' lang='lat' dir='ltr'>convenire</span> <span class='ocrx_word' id='word_1_294' title='bbox 972 3720 1043 3766; x_wconf 90' lang='lat' dir='ltr'>cum</span> <span class='ocrx_word' id='word_1_295' title='bbox 1066 3702 1200 3768; x_wconf 88' lang='lat' dir='ltr'>dialecto</span> <span class='ocrx_word' id='word_1_296' title='bbox 1223 3701 1291 3767; x_wconf 90' lang='lat' dir='ltr'>Ho-</span> 
     </span>
     <span class='ocr_line' id='line_1_34' title="bbox 168 3799 1292 3892; baseline -0.001 -21"><span class='ocrx_word' id='word_1_297' title='bbox 168 3807 246 3871; x_wconf 84' lang='lat' dir='ltr'>meri</span> <span class='ocrx_word' id='word_1_298' title='bbox 269 3805 409 3887; x_wconf 86' lang='lat' dir='ltr'>propria:</span> <span class='ocrx_word' id='word_1_299' title='bbox 429 3799 677 3890; x_wconf 77' lang='grc' dir='ltr'><strong><em>Ἀριστόρχοιόν</em></strong></span> <span class='ocrx_word' id='word_1_300' title='bbox 699 3804 769 3883; x_wconf 70' lang='grc' dir='ltr'><strong><em>ἐστι</em></strong></span> <span class='ocrx_word' id='word_1_301' title='bbox 793 3803 829 3869; x_wconf 87' lang='grc' dir='ltr'>τὸ</span> <span class='ocrx_word' id='word_1_302' title='bbox 854 3799 1043 3892; x_wconf 72' lang='grc' dir='ltr'><strong><em>ἁμάρτημα·</em></strong></span> <span class='ocrx_word' id='word_1_303' title='bbox 1073 3799 1091 3869; x_wconf 83' lang='grc' dir='ltr'><strong><em>ὁ</em></strong></span> <span class='ocrx_word' id='word_1_304' title='bbox 1115 3804 1176 3891; x_wconf 73' lang='grc' dir='ltr'>γὰρ</span> <span class='ocrx_word' id='word_1_305' title='bbox 1196 3799 1292 3891; x_wconf 80' lang='grc' dir='ltr'><em>’Δρί-</em></span> 
     </span>
     <span class='ocr_line' id='line_1_35' title="bbox 168 3903 1292 3995; baseline -0.002 -20"><span class='ocrx_word' id='word_1_306' title='bbox 168 3934 306 3995; x_wconf 82' lang='grc' dir='ltr'><strong><em>σιαρχος</em></strong></span> <span class='ocrx_word' id='word_1_307' title='bbox 328 3905 422 3986; x_wconf 80' lang='grc' dir='ltr'><strong><em>εἰδὼς</em></strong></span> <span class='ocrx_word' id='word_1_308' title='bbox 444 3911 543 3973; x_wconf 78' lang='grc' dir='ltr'><strong><em>τοῦτο</em></strong></span> <span class='ocrx_word' id='word_1_309' title='bbox 568 3908 603 3972; x_wconf 85' lang='grc' dir='ltr'>τὸ</span> <span class='ocrx_word' id='word_1_310' title='bbox 627 3904 751 3990; x_wconf 71' lang='grc' dir='ltr'><strong><em>ἰδίωμα</em></strong></span> <span class='ocrx_word' id='word_1_311' title='bbox 774 3912 832 3993; x_wconf 84' lang='grc' dir='ltr'>τῆς</span> <span class='ocrx_word' id='word_1_312' title='bbox 852 3904 1098 3987; x_wconf 75' lang='grc' dir='ltr'><strong><em>νέαςἎτθίδος</em></strong></span> <span class='ocrx_word' id='word_1_313' title='bbox 1116 3903 1292 3990; x_wconf 77' lang='grc' dir='ltr'><strong><em>ὑπάρχειν,</em></strong></span> 
     </span>
     <span class='ocr_line' id='line_1_36' title="bbox 169 4005 1292 4099; baseline 0 -23"><span class='ocrx_word' id='word_1_314' title='bbox 169 4015 249 4099; x_wconf 79' lang='grc' dir='ltr'>λέγω</span> <span class='ocrx_word' id='word_1_315' title='bbox 284 4013 321 4078; x_wconf 73' lang='grc' dir='ltr'>δὲ</span> <span class='ocrx_word' id='word_1_316' title='bbox 353 4009 463 4097; x_wconf 80' lang='grc' dir='ltr'><em>τρίτου</em></span> <span class='ocrx_word' id='word_1_317' title='bbox 498 4006 702 4095; x_wconf 78' lang='grc' dir='ltr'><em>προσώπου,</em></span> <span class='ocrx_word' id='word_1_318' title='bbox 737 4005 796 4076; x_wconf 80' lang='grc' dir='ltr'><strong><em>αι’·ιι</em></strong></span> <span class='ocrx_word' id='word_1_319' title='bbox 831 4005 971 4099; x_wconf 70' lang='grc' dir='ltr'><strong><em>ὤφειλεν</em></strong></span> <span class='ocrx_word' id='word_1_320' title='bbox 1005 4015 1097 4078; x_wconf 74' lang='grc' dir='ltr'><strong><em>ἐᾶσαι</em></strong></span> <span class='ocrx_word' id='word_1_321' title='bbox 1127 4011 1219 4095; x_wconf 78' lang='grc' dir='ltr'>παρὰ</span> <span class='ocrx_word' id='word_1_322' title='bbox 1244 4015 1292 4098; x_wconf 77' lang='grc' dir='ltr'>τῷ</span> 
     </span>
     <span class='ocr_line' id='line_1_37' title="bbox 169 4108 1293 4203; baseline -0.001 -21"><span class='ocrx_word' id='word_1_323' title='bbox 169 4119 293 4203; x_wconf 77' lang='grc' dir='ltr'><strong><em>ποιητῇ</em></strong></span> <span class='ocrx_word' id='word_1_324' title='bbox 317 4108 385 4179; x_wconf 77' lang='grc' dir='ltr'><strong><em>δ’ντι</em></strong></span> <span class='ocrx_word' id='word_1_325' title='bbox 408 4117 467 4200; x_wconf 82' lang='grc' dir='ltr'>τῆς</span> <span class='ocrx_word' id='word_1_326' title='bbox 490 4114 640 4192; x_wconf 81' lang='grc' dir='ltr'><strong><em>παλαιᾶς</em></strong></span> <span class='ocrx_word' id='word_1_327' title='bbox 661 4108 829 4193; x_wconf 73' lang='grc' dir='ltr'><strong><em>Ἀτθίδος,</em></strong></span> <span class='ocrx_word' id='word_1_328' title='bbox 854 4113 891 4180; x_wconf 83' lang='lat' dir='ltr'>cf.</span> <span class='ocrx_word' id='word_1_329' title='bbox 913 4113 985 4178; x_wconf 87' lang='grc' dir='ltr'>ΕΜ.</span> <span class='ocrx_word' id='word_1_330' title='bbox 1003 4110 1075 4179; x_wconf 82' lang='grc'><strong>419.</strong></span> <span class='ocrx_word' id='word_1_331' title='bbox 1095 4113 1142 4192; x_wconf 81' lang='grc'>10,</span> <span class='ocrx_word' id='word_1_332' title='bbox 1166 4133 1204 4179; x_wconf 83' lang='lat' dir='ltr'>ex</span> <span class='ocrx_word' id='word_1_333' title='bbox 1229 4134 1293 4198; x_wconf 87' lang='lat' dir='ltr'>quo</span> 
     </span>
     <span class='ocr_line' id='line_1_38' title="bbox 169 4208 1294 4306; baseline 0.002 -24"><span class='ocrx_word' id='word_1_334' title='bbox 169 4217 316 4298; x_wconf 85' lang='lat' dir='ltr'>colligere</span> <span class='ocrx_word' id='word_1_335' title='bbox 339 4215 478 4296; x_wconf 85' lang='lat' dir='ltr'>videtur,</span> <span class='ocrx_word' id='word_1_336' title='bbox 512 4216 731 4282; x_wconf 81' lang='lat' dir='ltr'>Aristarchum</span> <span class='ocrx_word' id='word_1_337' title='bbox 767 4208 842 4306; x_wconf 80' lang='grc' dir='ltr'><strong><em>ᾔδει</em></strong></span> <span class='ocrx_word' id='word_1_338' title='bbox 876 4216 1013 4282; x_wconf 89' lang='lat' dir='ltr'>scribere</span> <span class='ocrx_word' id='word_1_339' title='bbox 1037 4215 1193 4283; x_wconf 90' lang='lat' dir='ltr'>debuisse.</span> <span class='ocrx_word' id='word_1_340' title='bbox 1241 4219 1294 4285; x_wconf 81' lang='lat' dir='ltr'>nd</span> 
     </span>
     <span class='ocr_line' id='line_1_39' title="bbox 169 4319 1294 4409; baseline 0.002 -21"><span class='ocrx_word' id='word_1_341' title='bbox 169 4320 301 4388; x_wconf 90' lang='lat' dir='ltr'>eandem</span> <span class='ocrx_word' id='word_1_342' title='bbox 322 4326 435 4404; x_wconf 85' lang='lat' dir='ltr'>tropen</span> <span class='ocrx_word' id='word_1_343' title='bbox 456 4322 595 4404; x_wconf 85' lang='lat' dir='ltr'>pertinet</span> <span class='ocrx_word' id='word_1_344' title='bbox 615 4319 833 4404; x_wconf 80' lang='lat' dir='ltr'>imperfectum</span> <span class='ocrx_word' id='word_1_345' title='bbox 844 4324 914 4409; x_wconf 78' lang='grc' dir='ltr'><strong><em>κνῆ,</em></strong></span> <span class='ocrx_word' id='word_1_346' title='bbox 936 4321 964 4385; x_wconf 89' lang='lat' dir='ltr'>si</span> <span class='ocrx_word' id='word_1_347' title='bbox 980 4320 1013 4386; x_wconf 92' lang='lat' dir='ltr'>id</span> <span class='ocrx_word' id='word_1_348' title='bbox 1023 4340 1081 4404; x_wconf 92' lang='lat' dir='ltr'>pro</span> <span class='ocrx_word' id='word_1_349' title='bbox 1093 4321 1160 4388; x_wconf 75' lang='grc' dir='ltr'>κνέι</span> <span class='ocrx_word' id='word_1_350' title='bbox 1173 4319 1294 4407; x_wconf 82' lang='grc' dir='ltr'><strong><em>(ἔκνει)</em></strong></span> 
     </span>
    </p>
   </div>
   <div class='ocr_carea' id='block_1_5' title="bbox 0 0 1372 4778">
    <p class='ocr_par' dir='ltr' id='par_1_12' title="bbox 0 0 1372 4778">
     <span class='ocr_line' id='line_1_40' title="bbox 0 0 1372 4778; baseline 0 0"><span class='ocrx_word' id='word_1_351' title='bbox 0 0 1372 4778; x_wconf 95' lang='lat' dir='ltr'> </span> 
     </span>
    </p>
   </div>
  </div>
 </body>
</html>
