2736 4778
173 336 253 409 446
534 327 855 396 DISSERTATIO
877 326 943 392 111.

171 510 336 598 ὀνόματος
365 517 481 597 τηροῦν
509 507 648 600 γραφήν.
694 512 763 579 Sed
782 512 901 577 rectius
930 511 1010 577 EM.
1034 512 1113 588 741,
1142 510 1195 575 30.
1220 506 1296 578 ἀπὸ

172 618 230 681 τοῦ
253 617 341 690 σῶος
362 613 486 696 γίνεται
509 611 620 694 σωίζω
642 608 690 690 ὡς
710 611 815 688 λέπος
836 608 962 691 λεπίζω
983 611 1150 678 καὶκατὰ
1174 610 1294 678 ‹rt-ml-

172 739 263 801 ρεσω
292 709 399 800 σῴζω.
451 712 508 781 Sic
537 735 557 777 a
584 709 663 790 σόος
695 711 875 779 derivatum
908 724 959 778 est
984 712 1105 792 σοΐζω,
1135 735 1155 776 a
1183 707 1296 789 πλόος

172 813 300 895 ,τλσΐζω
322 823 356 878 et
378 811 515 894 σλωίζω
539 814 705 898 multaque
731 813 794 877 alia
812 834 843 878 v.
867 813 910 879 ad
929 811 1009 878 Phr.
1032 813 1105 878 616.
1129 812 1190 878 sed
1212 834 1295 878 num

170 914 291 983 Graec
332 915 456 998 antiqui
488 913 599 994 σωίζω
639 915 823 1000 receperint
853 914 949 979 valde
984 912 1121 978 dubium
1151 913 1293 990 videtur,

170 1017 327 1103 quodque
348 1037 390 1079 ex
411 1014 475 1080 hoc
496 1027 697 1081 contractum
722 1016 840 1082 dicitur
860 1011 958 1100 σῴζω
979 1036 1079 1101 saepe
1100 1015 1237 1100 quidem
1262 1024 1295 1079 et

169 1119 206 1183 in
226 1115 324 1183 codd
345 1126 379 1180 et
405 1114 440 1178 in
469 1116 658 1202 epigraphis
688 1118 848 1203 reperitur
881 1116 942 1180 scd
977 1116 1104 1181 infinito
1140 1112 1292 1181 erebrius

170 1215 277 1300 σώζω,
299 1215 354 1280 cui
376 1216 433 1301 qui
453 1216 522 1281 iota
545 1216 740 1283 inlerserunt
753 1218 817 1283 hoc
838 1217 973 1282 rationis
996 1216 1151 1283 habuisse
1171 1215 1291 1282 viden·

170 1330 224 1385 tur
244 1317 336 1403 quod
356 1327 486 1402 praeter
505 1317 662 1382 imitativa
683 1314 809 1402 κρώζω,
832 1311 907 1399 ὄζω
928 1331 989 1384 etc.
1012 1318 1152 1402 (Techu.
1173 1340 1207 1403 p.
1217 1318 1289 1400 81.)

170 1415 666 1505 nullum-verbum'bisyllabum
688 1418 735 1483 sic
757 1420 961 1498 terminatur,
992 1418 1105 1484 crebra
1132 1440 1209 1484 vero
1240 1431 1294 1484 est

169 1521 204 1586 in
232 1516 295 1603 ιζω
324 1541 491 1606 paragoge
520 1516 646 1608 κλῄζω,
673 1518 800 1607 χρῄζω,
832 1518 987 1606 λῄζομαι.
1033 1520 1163 1604 Hisque
1190 1520 1292 1584 etiam

168 1617 283 1708 χρῴζω
312 1629 346 1685 et
372 1615 473 1707 φῴζω
504 1620 663 1702 adjiciunt
684 1618 809 1684 Techn.
833 1620 884 1684 82.
912 1643 985 1685 cum
1015 1621 1113 1686 tacita
1132 1620 1290 1686 recorda

169 1721 259 1789 tione
279 1719 427 1784 affinium
449 1716 648 1800 ἒωιχοόϊσις,
670 1721 802 1802 χροΐζω,
826 1721 947 1809 (spiriac.

255 1824 282 1906 ζ.
303 1822 335 1885 4.
379 1821 563 1904 Postquam
595 1821 797 1887 ostendimus
825 1832 857 1886 et
889 1821 1023 1909 planum
1057 1823 1193 1887 fecimus
1228 1823 1291 1887 tria

170 1922 372 1989 substantiva
393 1917 491 2007 θωιή,
515 1915 614 1999 ὤιον,
640 1918 739 2002 ζώων
760 1922 828 1986 iota
849 1945 915 1988 non
937 1945 958 1986 a
977 1936 1093 1987 nature
1117 1922 1290 2009 accepisse

169 2026 228 2091 sed
250 2047 270 2089 s
291 2023 415 2111 poetis,
446 2023 511 2087 duo
535 2034 645 2088 autem
666 2024 827 2107 adjectiva
849 2020 935 2104 ζωός
962 2035 995 2088 et
1015 2027 1103 2100 σῶος
1125 2046 1145 2087 a
1165 2022 1289 2089 Gram-

168 2126 294 2191 maticis
316 2124 511 2191 characteris
538 2124 649 2211 specie
677 2124 783 2189 fallaci
806 2124 969 2211 deceptis,
998 2146 1085 2188 nunc
1107 2125 1289 2210 perlustre-

168 2250 241 2292 mus
262 2248 441 2313 paronyma
468 2225 587 2310 quibus
617 2225 731 2290 cedmn
758 2226 880 2290 voculis
910 2237 1023 2289 contra
1045 2226 1289 2292 Grammatico·

168 2349 240 2391 rum
261 2327 459 2392 voluntatem
488 2339 668 2411 contraque
693 2326 852 2390 rationem
880 2327 1025 2390 detracta
1052 2337 1111 2391 est
1154 2327 1289 2393 Horum

137 2498 140 2503 ,
168 2439 244 2494 sunt
266 2428 331 2493 duo
354 2449 484 2513 genera,
509 2450 608 2491 unum
631 2449 651 2490 a
671 2425 897 2505 substantivis,
920 2448 1003 2511 quae
1027 2449 1145 2514 omega
1168 2428 1220 2493 vel
1252 2429 1289 2495 in

168 2529 331 2615 principio
363 2527 487 2593 habent
513 2528 565 2592 vel
591 2528 626 2592 in
653 2528 919 2614 postprincipiis3
952 2528 1087 2592 alterum
1118 2527 1171 2593 cui
1202 2528 1288 2596 haec

166 2631 287 2695 vocalis
317 2629 352 2692 in
377 2628 575 2693 derivatione
605 2628 820 2693 subnascitur.
863 2628 999 2694 Illorum
1028 2629 1091 2693 alia
1121 2652 1140 2692 a
1165 2652 1285 2697 mono·

167 2729 300 2815 syllabis
322 2729 357 2793 in
379 2719 429 2805 ως
451 2729 673 2795 desinentibus
702 2740 808 2795 ortum
832 2729 955 2796 habeut
977 2728 1056 2807 Κως
1088 2726 1200 2807 licitos
1221 2733 1284 2797 οὐν

169 2834 212 2917 σῷ
231 2819 391 2911 ι-ἑπειδὴ
420 2828 555 2918 εὕρηται
584 2830 668 2897 κατὰ
695 2829 872 2898 διάστασιν
891 2833 972 2898 ΕΜ.
994 2833 1075 2908 551,
1100 2831 1152 2895 29.
1196 2834 1286 2910 Λῶς

138 2926 210 3009 ’ὡς
235 2933 323 3008 Κῶς,
346 2932 453 3016 Λῷος
474 2926 493 2994 ὁ
516 2927 678 3020 νησιώτης
699 2931 815 3018 steph.
839 2933 891 2997 cui
917 2956 1000 3017 quae
1023 2934 1135 2997 deerat
1158 2933 1283 2997 vocalis

164 3030 376 3098 aMeinekic
404 3031 516 3096 addita
544 3046 602 3099 est.
652 3033 724 3099 Nec
753 3033 859 3098 solum
894 3034 991 3099 attice
1027 3033 1198 3099 declinata·
1221 3033 1284 3098 sed

164 3133 261 3199 etiem
294 3128 387 3217 Τρώς
414 3133 558 3218 Tetricos,
592 3133 686 3218 ὅμως
709 3131 912 3218 δμώιοςίῦ).
945 3136 1013 3199 Par
1037 3133 1233 3221 copiafluit
1263 3158 1283 3198 a

161 3232 348 3319 bisyllabis‚
369 3236 412 3296 'ut
438 3228 561 3320 ἡρῴος,
592 3236 794 3321 ultionem)
828 3237 947 3321 quibus
970 3235 1224 3302 Choeroboscus
1247 3235 1282 3300 in

162 3337 241 3402 EM.
264 3335 317 3411 29,
339 3334 392 3399 26.
414 3334 605 3400 nominatim
628 3337 773 3423 assignat
793 3338 860 3402 iota
888 3340 948 3404 sed
974 3361 1073 3425 saepe
1093 3338 1281 3422 neglectum

162 3448 212 3501 est
232 3437 266 3499 in
289 3434 340 3499 his
366 3447 399 3499 et
417 3435 591 3500 similibus:
614 3431 701 3524 ἠῶος
723 3439 814 3501 Aret
835 3438 928 3504 1023.
954 3440 1044 3523 quod
1058 3441 1279 3504 Buttmannus

161 3537 323 3624 corrigere
346 3536 500 3622 neglexit,
524 3537 827 3625 layoiocHippocr.
849 3539 934 3605 Mul.
952 3540 1026 3605 674.
1050 3540 1091 3605 Τ.
1106 3541 1153 3605 Il.
1174 3541 1278 3606 Arist.

160 3636 247 3703 Ach.
271 3636 364 3701 1106.
386 3638 562 3723 mult-isque
584 3638 655 3703 aliis
685 3638 766 3705 locis
788 3640 908 3723 quibus
936 3664 1023 3708 nunc
1053 3640 1278 3720 subscribitur,

157 3774 325 3790 -t-

229 3835 358 3906 18)]ισώς
373 3837 465 3907 gentis
482 3856 586 3894 nomen
603 3848 633 3894 et
654 3834 711 3901 θός
734 3841 886 3912 peragogis
911 3851 1021 3908 ποσσις
1041 3862 1093 3915 pro
1109 3845 1140 3899 lv
1157 3847 1187 3918 ‘ti
1199 3848 1277 3914 Μνῷ

157 3929 242 3999 Diog.
255 3922 415 3980 Meinekius
429 3925 466 3976 ad
479 3925 578 3996 Steph.
593 3927 652 3978 621.
666 3925 807 3996 aptissime
821 3928 943 3982 correxit
955 3930 986 3983 ἐν
1002 3926 1112 3998 Τήμνῳ.

227 4015 272 4081 ta)
287 4009 441 4064 Plurimum
453 4010 542 4063 variat
554 4026 657 4064 nomen
669 4009 794 4082 topicam
801 4010 904 4067 Μινώα
917 4012 961 4067 cui
969 4013 1129 4069 Meinekius
1137 4013 1165 4069 in
1175 4015 1275 4084 Steph.

156 4117 185 4169 p.
202 4100 259 4160 tet,
277 4099 303 4150 2.
323 4094 379 4151 icta
390 4094 492 4149 additit
504 4095 532 4149 in
545 4096 629 4150 codd.
644 4095 790 4162 omissum,
804 4099 872 4153 alibi
885 4099 991 4164 omisit,
1011 4098 1143 4169 idemque
1161 4098 1275 4170 saepius

156 4191 407 4254 proparcxytoncn
419 4190 461 4235 est
473 4181 672 4235 antidiastolse
685 4198 769 4237 causa
781 4192 812 4238 ut
820 4185 906 4238 mults
919 4185 1099 4256 propriorum
1111 4188 1160 4239 sed
1170 4185 1275 4256 impro-

157 4271 206 4321 bat
218 4267 381 4335 Kruegerus
396 4268 433 4320 sd
446 4266 534 4320 Thuc.
548 4265 596 4319 IV.
615 4268 672 4321 167.
