2736 4778
124 366 192 436 w
505 362 785 433 ommino
803 362 877 433 vn

125 527 1088 611 nmaaammunmgmmmumum:
1116 528 1273 612 rsus

123 658 176 701 m
198 635 442 719 προστακτικὸν
463 632 531 720 πρὸ
551 634 671 712 ullove
681 632 748 715 ἔχει
760 635 819 716 ενζι
829 627 942 711 ὀξεῖαν
960 632 1021 697 Σὺ
1042 626 1078 698 δ’
1099 627 1271 723 ἄληθες

126 735 302 815 ἐνίσπες
324 736 380 802 καὶ
403 738 506 821 δῆλον
526 732 681 802 dardano
701 737 762 817 μὲν
782 736 858 820 ndi}
878 734 946 802 ἐστὶ
966 739 1027 821 τῆς
1049 736 1270 822 προθέσεως,

124 838 214 907 ’σ’πσν
235 841 271 906 δέ
293 846 353 904 rm‘r
371 834 564 924 drjpum').
589 844 638 905 Τὸ
654 840 769 922 μέησι
791 835 872 906 heo
890 839 988 907 nuri}
1009 842 1272 923 προστακτικὸν

126 937 418 1028 προπαρσξίνεεαι
434 942 645 1028 requenter
664 966 734 1024 μοι
756 941 898 1007 ἔνισπε
920 935 1006 1006 ποκ’
1029 935 1191 1027 ᾤχετο,
1214 962 1271 1010 to·

124 1051 399 1129 quearoentuest
418 1040 1270 1129 insrrppnrrgmrlesensipptnouetmpe

125 1150 160 1215 in
180 1148 268 1213 exitu
289 1146 847 1214 veraunmllomeriourumoertutim
867 1146 1148 1228 cumimpentivo
1170 1167 1269 1232 prns-

126 1252 227 1317 seutis
247 1250 418 1315 homotono
440 1250 571 1327 ἔνισπε,
606 1250 646 1316 de
669 1270 734 1333 quo
755 1269 853 1332 supru
874 1249 994 1314 dietum
1025 1254 1089 1314 est
1114 1287 1160 1300 -
1186 1251 1269 1319 Fre·

125 1354 276 1436 quentius
296 1358 331 1418 et
351 1354 384 1418 in
416 1355 502 1419 omni
534 1372 651 1436 genere
682 1354 808 1419 dioendi
840 1353 1043 1434 reperiuntur
1074 1353 1270 1437 imperativi

125 1457 214 1522 tertii
235 1455 324 1522 verbi
346 1455 559 1539 κατάσχες.
585 1454 799 1540 μετάσχες,
828 1454 1053 1540 παράσχες,
1076 1452 1270 1541 άπάσχες

127 1566 259 1642 elprae
280 1560 397 1626 ceteris
418 1555 596 1641 ἐπίσχες.
640 1559 705 1626 Sed
725 1561 758 1625 in
779 1560 830 1625 his
851 1559 973 1625 librarii
993 1559 1176 1641 plurimum
1199 1563 1267 1628 dis-

126 1662 268 1741 oordant,
289 1662 427 1744 primum
448 1664 482 1727 in
503 1669 644 1743 accentu,
666 1664 761 1728 modo
783 1660 935 1749 πάρσσχε
955 1662 1149 1745 eminentes
1176 1667 1267 1748 quod

127 1784 237 1833 omnes
258 1772 431 1831 tenuerunt
450 1766 527 1831 Eur.
548 1765 627 1833 Heu
648 1766 729 1846 821,
757 1766 851 1832 modo
874 1764 1040 1850 παράσχε,
1067 1768 1163 1848 quod
1183 1788 1266 1836 non-

128 1867 208 1933 nulli
230 1867 385 1950 praebent
404 1868 517 1934 Troad
538 1868 581 1933 82
604 1870 706 1951 sigma
727 1876 838 1934 eontra
858 1869 1028 1951 metrum*)
1048 1870 1188 1952 omisso,
1210 1874 1267 1938 ulii

126 1978 415 2054 propuroxytunon;
437 1969 590 2057 πάρσσχε
612 1978 646 2037 et
667 1968 811 2053 κάτασχε
821 1971 988 2053 aliquoties
999 1972 1087 2053 apud
1098 1974 1267 2042 Achillem

128 2073 207 2156 Tua,
229 2075 396 2141 ulredus
417 2094 448 2157 p.
472 2075 544 2155 730,
567 2075 624 2140 sed
646 2073 770 2140 inPlat.
782 2074 908 2157 Protug.
931 2073 996 2138 318
1018 2075 1064 2153 ΔἿ
1088 2093 1194 2157 quem
1215 2078 1265 2145 lo·

126 2193 200 2242 ouum
219 2176 401 2258 bicallem,
433 2194 517 2243 nunc
550 2177 750 2244 emdiuibus
772 2178 962 2259 rescriptum
989 2182 1040 2242 est
1075 2178 1265 2267 παράσχες.

131 2278 311 2362 Triplieiter
339 2282 464 2347 variant
486 2280 616 2347 Aristid
643 2278 699 2346 Or.
720 2280 765 2346 LI
785 2277 852 2345 418
884 2278 1052 2365 πόρασχε,
1087 2280 1263 2369 παρόσχι,

129 2380 298 2471 παράσχες
319 2381 481 2450 Dindorfio
503 2384 670 2466 probatum
691 2403 722 2466 p.
745 2380 809 2448 574
830 2381 919 2462 T.II‚
940 2381 1077 2448 ethaeo
1097 2385 1266 2468 scriptun

127 2485 177 2551 itu
195 2487 305 2552 multis
326 2487 478 2569 exemplis
499 2492 688 2566 testataest,
711 2485 938 2552 utBrunckius
960 2484 1260 2555 11111111Ηεα821

129 2593 163 2652 et
178 2588 338 2654 Matthiae
362 2591 403 2655 ad
425 2591 518 2656 Herc.
539 2591 621 2656 1182
644 2590 758 2673 (1211)
782 2587 934 2676 πάρασχε
955 2591 1022 2654 sire
1046 2589 1208 2674 παράσχε
1229 2600 1263 2658 et

129 2691 275 2756 similiter
298 2692 416 2772 scripta
438 2712 495 2773 pro
516 2693 661 2757 barbaris
683 2691 830 2757 habeant
874 2693 1076 2757 Hermannus
1105 2713 1187 2760 vero
1220 2698 1262 2761 ad

129 2794 205 2859 lieo.
228 2795 247 2858 1.
270 2812 296 2859 u.
318 2794 458 2859 Porsono
479 2793 671 2876 suffragatus
694 2792 855 2881 πάρασχι,
887 2797 919 2859 in
948 2813 1010 2876 quo
1032 2812 1144 2860 omnes
1168 2799 1261 2864 oodd

129 2896 324 2978 conspirant,
358 2904 425 2962 tum
448 2898 610 2979 analogiae
644 2899 761 2980 regulis
785 2898 911 2964 defendi
934 2898 1022 2977 dicit,
1056 2905 1126 2963 tum
1162 2902 1261 2967 simili

129 2995 273 3080 κάτασχε
295 3000 327 3064 iu
349 2999 441 3066 Hero.
465 3001 484 3065 1.
507 3019 532 3065 u
582 3001 685 3067 Huius
718 3001 846 3083 quidem
878 3002 938 3065 loni
970 3002 1129 3083 scriptura
1163 3005 1261 3070 nimis

129 3118 224 3182 quam
247 3102 367 3167 incerta
390 3110 448 3168 est
494 3105 648 3186 Analogia
675 3123 831 3186 quaenam
858 3103 909 3169 hio
931 3103 1109 3168 intercedat
1136 3110 1259 3187 neseio,

128 3204 190 3268 nisi
212 3203 294 3270 forte
316 3214 465 3287 putamus
488 3206 627 3274 Graecos
648 3215 788 3273 mentem
811 3208 852 3272 ad
870 3208 1073 3288 imperativus
1083 3208 1260 3275 verborum

128 3303 353 3389 barytonorum
375 3309 529 3376 direxisse
562 3318 595 3376 et
627 3311 698 3376 ideo
722 3306 874 3395 πάρασχε
902 3310 1018 3374 dixisse
1051 3314 1089 3375 ut
1115 3310 1258 3400 πάρεχε,

130 3402 273 3478 duride.
320 3412 383 3478 Sed
405 3412 599 3494 probabilius
632 3414 665 3478 in
688 3414 804 3478 Aneod
827 3412 955 3478 Baohm.
978 3411 1012 3475 T.
1035 3411 1068 3476 11
1101 3430 1177 3478 oum
1199 3415 1261 3494 θές

129 3515 326 3594 componitur
349 3515 423 3599 σχές
444 3521 607 3599 tamquam
629 3517 770 3582 eiusdem
793 3517 939 3600 syzygiae
962 3517 1261 3598 eumquesyntheto

129 3614 252 3696 ἐπίθες
273 3619 349 3684 item
371 3614 540 3701 κατάσχες,
564 3616 743 3705 παράσχες;
777 3621 960 3685 nominatim
983 3624 1090 3683 autem
1111 3616 1261 3686 reiicimr

130 3717 300 3806 παράσχε,
345 3721 432 3804 quod
465 3722 492 3786 si
525 3723 580 3803 qui
615 3719 766 3810 πάρασχε
793 3725 1001 3805 scripserim,
1044 3721 1184 3787 sonasse
1216 3741 1260 3789 ex

197 3941 226 4009 2)
243 3946 295 3998 Hie
314 3945 425 4007 ἐνισπες
441 3949 637 4010 uonaoriatum,
656 3948 702 4000 aed
710 3949 890 4015 imperfectum
899 3954 1006 4015 putasne
1015 3949 1160 4002 videturnt
1171 3950 1261 4005 schol.

130 4032 181 4086 Od
199 4033 262 4085 XIV
280 4031 330 4088 185
350 4037 417 4093 σπές
435 4032 544 4094 ἐνίσπες
561 4029 598 4093 ὣς
615 4036 664 4094 aec
689 4032 793 4099 ἐπίθες,
813 4037 875 4103 σχές
892 4033 1012 4102 ἐπίσχες·
1038 4033 1135 4089 lernae
1151 4035 1186 4089 dl
1200 4034 1261 4092 ἀπὸ

130 4118 178 4171 τοῦ
200 4117 304 4171 ἐνίσπω
333 4114 369 4180 ὥς
386 4116 501 4187 ἐλαύνω,
520 4123 615 4190 quibua
633 4121 730 4173 aimilra
745 4121 869 4189 leguntur
890 4124 917 4174 iu
935 4121 1052 4190 Epim.1
1073 4118 1124 4174 128
1149 4131 1178 4175 et
1195 4124 1263 4184 ΕΜ,

129 4204 190 4259 uto.
209 4203 225 4257 3
243 4222 302 4258 oum
324 4207 505 4274 supplemento
527 4208 644 4276 puerulo
667 4205 697 4259 ro'
715 4204 917 4280 προστακτικὸν
935 4207 1031 4263 ἐνισπι
1050 4204 1204 4262 ἀκολουθεῖ
1220 4210 1261 4278 aqi

130 4284 265 4363 ὅρισεικῷ.

198 4374 424 4445 *nmmum
