2736 4778
166 350 232 423 Du
251 350 523 421 PARATHESI
543 351 605 420 ΕΤ
627 350 902 445 SCRIPTURA.
926 352 965 422 C.
978 353 1043 423 111.
1066 355 1091 440 ξ.
1103 350 1134 421 5.
1159 358 1229 433 601

122 541 156 609 4.
177 538 218 610 τὸ
238 537 332 626 παρὰ
353 539 440 607 πολὺ
463 543 590 622 μᾶλλον
612 534 634 630 ἢ
656 539 758 607 πολύ·
782 541 840 607 ssd
869 539 932 607 hcc
962 563 1094 627 quoque
1118 542 1231 609 dubito

124 666 167 710 au
187 641 402 709 dmonstrari
420 664 489 708 uon
513 643 628 730 possit.
670 644 756 709 Nam
782 643 815 708 iu
842 642 951 710 multis
978 643 1059 708 locis
1088 666 1230 732 praepo·

116 743 202 811 ⁴sitio
230 743 316 810 adeo
340 743 422 809 nihil
449 745 493 811 ud
520 745 789 832 significationem
820 745 945 812 confert
972 755 1008 810 ut
1036 746 1107 811 eine
1134 768 1232 813 sensu

125 846 213 915 dmi
239 845 361 935 possit:
390 850 490 913 τοῦτο
518 846 842 932 τοῖς-χρωμένοις
869 845 1072 929 παραπουλύ
1105 850 1233 931 μᾶλλον

124 944 291 1029 indixerat
311 939 334 1035 ἢ
352 947 650 1035 τοῖς-Ηὶηροοι.
672 949 759 1016 Vrct.
781 949 878 1014 Acut.
902 971 935 1035 p.
957 947 1009 1013 64.
1030 948 1072 1014 Τ.
1094 946 1131 1014 ll.
1155 948 1233 1034 (395

121 1046 239 1133 unes.)
263 1043 425 1136 λγγοτέρω
446 1047 630 1136 παραπολύ
650 1050 793 1137 Longin.
820 1049 928 1119 XVll.
951 1052 982 1116 3.
1005 1073 1038 1137 p.
1062 1050 1114 1116 74.
1137 1049 1232 1132 παρὰ

124 1146 354 1236 πολὺ-(πλεο
377 1147 575 1236 παραπολύ)
601 1147 746 1235 ἀμείνων
771 1152 909 1219 Lucicn.
931 1152 1018 1219 Diul.
1040 1153 1126 1217 Mar.
1150 1151 1230 1219 XV.

122 1252 155 1319 3.
177 1250 256 1320 «Ios.
280 1250 382 1338 hug.
404 1254 431 1338 ξ.
444 1250 497 1318 35.
519 1262 576 1317 sut
597 1275 657 1339 pro
679 1249 765 1321 κατά
785 1254 930 1341 positum
951 1265 1001 1320 est
1018 1255 1105 1320 utin
1124 1254 1231 1320 Thuc.

121 1353 145 1420 l.
168 1374 198 1419 e.
219 1351 403 1440 παραπολὺ
423 1353 476 1418 vel
504 1364 539 1419 ut
563 1376 650 1419 nunc
672 1354 822 1420 scribitur
844 1355 938 1443 παρὰ
965 1355 1052 1422 πολὺ
1080 1352 1235 1445 ἐνίκησαν

123 1454 288 1540 similique
310 1455 412 1520 Psus.
434 1452 488 1520 lll.
513 1455 568 1533 18,
595 1458 626 1521 3.
661 1455 758 1543 παρὰ
785 1455 873 1524 πολὺ
900 1454 1076 1541 γενομένης
1100 1459 1160 1544 τῆς
1185 1459 1233 1522 vl·

122 1574 198 1646 κης·
219 1565 276 1621 sut
296 1554 566 1642 significationem
584 1557 750 1644 proprium
774 1557 881 1643 (ultra,
903 1556 992 1632 citra,
1014 1558 1157 1642 praeter)
1178 1580 1230 1623 rc·

122 1657 206 1724 tinet
229 1667 263 1723 et
282 1657 488 1744 grammatice
513 1658 646 1745 quidem
667 1679 741 1724 cum
762 1660 922 1745 adjectivo
944 1659 1112 1736 cohaeret,
1137 1659 1233 1724 intel-

98 1831 104 1839 ‚
121 1760 212 1826 lectu
231 1769 341 1824 sutem
361 1759 405 1824 ud
425 1780 544 1825 nomen
570 1762 705 1826 refertur
730 1773 767 1826 ut
788 1759 970 1848 παραπολύ
991 1763 1050 1847 τῆς
1071 1752 1235 1848 ἀληθείας

124 1857 256 1947 cippum
281 1860 437 1926 Philostr.
459 1862 539 1927 Her.
569 1885 602 1948 p.
626 1864 697 1928 702.
720 1864 775 1930 fin.
802 1863 837 1928 id
869 1873 918 1928 est
939 1862 1027 1927 πολὺ
1054 1857 1147 1946 παρὰ
1175 1858 1234 1949 τὴν

123 1955 288 2049 ἀλήθειαν
311 1967 384 2029 weit
410 1982 471 2029 cor
495 1965 551 2029 der
584 1964 740 2032 Wchrheit
761 1968 891 2049 corbcy,
924 1972 958 2029 et
984 1963 1101 2048 Synee.
1122 1961 1230 2048 Epist.

122 2061 232 2130 LXll.
252 2063 326 2130 206.
348 2064 392 2129 Α.
414 2058 512 2148 λόγος
540 2061 636 2150 ἔργου
658 2065 840 2151 παραπολύ
866 2066 926 2152 τῆς
952 2059 1028 2151 λὀης
1049 2062 1133 2140 ἐστί,
1161 2064 1230 2127 Ειι-
1329 2059 1332 2066 ’

124 2186 208 2231 οοιιι.
236 2162 327 2230 Cslv.
357 2165 409 2230 94.
434 2164 479 2230 D.
508 2164 764 2248 παρααλεῖστόν
786 2165 858 2232 ἐστι
878 2168 936 2252 τῆς
961 2157 1148 2250 ἀκριβείας,
1176 2164 1232 2250 qui

123 2263 286 2353 genitivus
306 2264 349 2331 sb
370 2265 516 2353 epitheto
539 2288 717 2354 suspensus
740 2277 803 2344 cst,
831 2267 894 2333 hoc
915 2275 1023 2331 sutem
1044 2288 1064 2330 a
1088 2286 1232 2353 praepo·

124 2368 242 2433 sitione
261 2367 395 2454 regitur.
439 2367 595 2435 Similiter
621 2369 720 2434 modo
741 2364 939 2457 παραβραχύ
971 2365 1091 2452 legitur
1111 2367 1232 2432 Zosim.

124 2466 181 2535 Vl.
202 2469 235 2534 4.
257 2468 374 2554 Synes.
395 2468 499 2535 Dion.
524 2493 558 2556 p.
579 2470 633 2536 41.
654 2471 698 2536 A.
724 2464 895 2557 -ὖαόβραχυ
918 2479 1052 2535 accentu
1073 2467 1156 2533 mule
1180 2491 1233 2534 re-

124 2570 290 2654 uectov)
324 2570 455 2637 Aeliuu.
482 2571 528 2636 H.
550 2572 640 2637 Anu.
663 2570 720 2640 lv.
747 2572 800 2638 34.
831 2565 1021 2657 καταβραχύ
1050 2569 1167 2636 Galen.
1192 2570 1233 2635 dc
1291 2614 1303 2621 -

123 2671 217 2738 Puls.
236 2696 271 2759 p.
294 2672 369 2737 479.
392 2671 433 2738 Τ.
446 2671 544 2739 VIII.
567 2673 697 2761 ssepius
722 2672 809 2740 κατὰ
832 2669 935 2759 βραχύ
958 2671 1048 2758 quod
1070 2671 1233 2737 Kiesslin-

124 2773 198 2860 gius
219 2772 350 2838 reduxit
372 2771 493 2842 Jsmbl
515 2774 623 2840 Protr.
646 2776 674 2840 Ι.
697 2799 731 2863 p.
756 2774 805 2840 10.
850 2775 911 2840 Illa
935 2774 1095 2862 scripture
1116 2774 1144 2839 si
1163 2797 1232 2840 cm·

122 2875 201 2940 uiuo
222 2874 401 2953 retinenda,
425 2885 510 2941 certe
531 2875 571 2941 iis
593 2876 673 2942 locis
697 2877 892 2944 reservanda
917 2888 967 2943 est
991 2875 1114 2943 ubivis
1138 2898 1233 2963 prue-

124 2976 299 3065 pcsiticnis
321 2976 478 3055 hebescit,
500 2977 558 3043 sed
580 2977 661 3042 illud
683 2976 742 3044 ἐπὶ
761 2978 848 3044 πολὺ
867 2982 927 3062 τῆς
946 2972 1056 3064 χώρας
1078 2980 1233 3063 προῆλθε

124 3100 221 3144 nemo
238 3078 331 3145 aliter
347 3078 486 3145 scribere
501 3078 590 3143 volet
607 3100 705 3164 quam
726 3072 745 3144 ὁ
768 3075 1039 3162 Καλλικρατίδας
1060 3080 1118 3163 τῆς
1137 3073 1233 3162 τριή-

125 3203 203 3268 ρους
224 3177 282 3246 tat
304 3179 411 3247 πολὺν
427 3177 587 3268 ἀνέρρηξε
608 3175 714 3245 τόπον
733 3175 948 3244 Dicd.XIl1.
975 3175 1026 3242 99.
1048 3177 1235 3264 Dupliciter

123 3303 202 3347 vero
224 3279 369 3347 construi
390 3290 501 3367 potest
530 3280 564 3344 in
590 3279 729 3347 Luciun.
757 3281 895 3346 Iccrom.
925 3282 951 3364 ξ.
975 3279 1025 3343 14.
1049 3278 1230 3365 παραπολύ

125 3381 261 3467 (Jacob.
282 3373 377 3467 nacci
399 3381 505 3466 πολύ)
535 3386 602 3447 τῶν
627 3373 735 3448 {istm
758 3378 853 3462 ζώων
878 3377 976 3457 ἇετὸς
1005 3378 1094 3446 ἐστιν
1125 3376 1232 3458 ὅξοιο-

124 3485 300 3560 αόατατος.
343 3482 399 3548 Ab
421 3483 472 3547 his
496 3481 644 3548 omnibus
665 3481 773 3547 differt
791 3479 921 3549 ἐπίπαν
932 3480 1090 3567 Xenoph.
1101 3480 1234 3567 Fregm.

123 3584 207 3651 XX.
227 3584 353 3650 Herod.
380 3584 442 3652 IV.
469 3583 521 3650 68.
550 3584 611 3652 VI.
638 3583 691 3648 46.
721 3583 806 3648 Plat.
835 3582 934 3670 Epin.
963 3581 1036 3647 986.
1065 3584 1105 3649 Ε.
1133 3583 1234 3649 Pecs.

124 3686 185 3755 VI.
204 3686 257 3752 20.
280 3685 310 3752 8.
341 3685 475 3752 Heliod.
497 3687 539 3753 V.
568 3687 606 3761 4,
642 3685 712 3751 178.
736 3694 797 3750 etc.
820 3684 911 3770 quod
938 3705 1038 3770 quum
1066 3694 1236 3751 accentum

123 3787 159 3852 in
180 3787 434 3874 antepenultima
461 3786 594 3864 habeat,
608 3785 789 3875 parathesi
817 3787 1049 3873 assignandum
1078 3797 1129 3854 est
1157 3810 1235 3873 prc-

124 3888 216 3976 priue
239 3898 275 3952 ut
303 3882 478 3974 ἀνάλογον,
502 3891 703 3974 propediem,
732 3890 864 3957 tnvicem
892 3899 952 3956 etc.
996 3891 1044 3956 At
1067 3910 1144 3956 vero
1164 3908 1234 3975 *pro

195 4143 240 4207 20)
258 4137 398 4210 Κάθομον
415 4139 482 4197 κατὰ
503 4138 532 4196 τὸ
554 4135 619 4197 αὐτό
636 4141 705 4196 Hes.
725 4143 825 4197 ecdem
845 4146 961 4195 accentu
983 4137 1235 4209 scribendumque

125 4225 270 4298 ἀναμέσον
281 4226 393 4282 Philon.
409 4230 445 4282 de
459 4227 538 4300 Sept.
552 4229 574 4281 I.
589 4230 614 4281 t.
633 4227 740 4283 Jercm.
754 4226 844 4300 Epist.
860 4225 932 4281 LIV.
947 4226 1025 4297 quod
1043 4222 1153 4297 saepius
1166 4227 1235 4282 duos

124 4314 212 4368 hebet
225 4320 367 4370 accentus.
