<?xml version="1.0" encoding="UTF-8"?>
<!DOCTYPE html PUBLIC "-//W3C//DTD XHTML 1.0 Transitional//EN"
    "http://www.w3.org/TR/xhtml1/DTD/xhtml1-transitional.dtd">
<html xmlns="http://www.w3.org/1999/xhtml" xml:lang="en" lang="en">
 <head>
  <title>
</title>
<meta http-equiv="Content-Type" content="text/html;charset=utf-8" />
  <meta name='ocr-system' content='tesseract 3.04.00' />
  <meta name='ocr-capabilities' content='ocr_page ocr_carea ocr_par ocr_line ocrx_word'/>
</head>
<body>
  <div class='ocr_page' id='page_1' title='image "./pathologiaegrae00lobegoog_0228.png"; bbox 0 0 2736 4778; ppageno 0'>
   <div class='ocr_carea' id='block_1_1' title="bbox 185 361 1006 447">
    <p class='ocr_par' dir='ltr' id='par_1_1' title="bbox 185 361 1006 447">
     <span class='ocr_line' id='line_1_1' title="bbox 185 361 1006 447; baseline -0.024 -1"><span class='ocrx_word' id='word_1_1' title='bbox 185 373 260 447; x_wconf 81' lang='lat'>218</span> <span class='ocrx_word' id='word_1_2' title='bbox 476 362 795 432; x_wconf 85' lang='lat' dir='ltr'>DISSERTATIO</span> <span class='ocrx_word' id='word_1_3' title='bbox 824 362 871 428; x_wconf 89' lang='lat' dir='ltr'>II.</span> <span class='ocrx_word' id='word_1_4' title='bbox 914 362 954 428; x_wconf 91' lang='lat' dir='ltr'>P.</span> <span class='ocrx_word' id='word_1_5' title='bbox 977 361 1006 427; x_wconf 94' lang='lat' dir='ltr'>I.</span> 
     </span>
    </p>
   </div>
   <div class='ocr_carea' id='block_1_2' title="bbox 175 541 1302 1651">
    <p class='ocr_par' dir='ltr' id='par_1_2' title="bbox 175 541 1302 1651">
     <span class='ocr_line' id='line_1_2' title="bbox 183 541 1302 636; baseline -0.007 -15"><span class='ocrx_word' id='word_1_6' title='bbox 183 553 272 622; x_wconf 77' lang='grc' dir='ltr'><strong><em>ἐστιν</em></strong></span> <span class='ocrx_word' id='word_1_7' title='bbox 302 543 392 627; x_wconf 76' lang='grc' dir='ltr'><strong><em>εἶδος</em></strong></span> <span class='ocrx_word' id='word_1_8' title='bbox 425 551 594 636; x_wconf 75' lang='grc' dir='ltr'>συγκοπῆς</span> <span class='ocrx_word' id='word_1_9' title='bbox 613 548 643 633; x_wconf 90' lang='lat'>¹)</span> <span class='ocrx_word' id='word_1_10' title='bbox 677 541 919 632; x_wconf 81' lang='grc' dir='ltr'><strong><em>Χοιροβοσκός.</em></strong></span> <span class='ocrx_word' id='word_1_11' title='bbox 967 545 1058 612; x_wconf 91' lang='lat' dir='ltr'>Huic</span> <span class='ocrx_word' id='word_1_12' title='bbox 1090 545 1194 610; x_wconf 89' lang='lat' dir='ltr'>simile</span> <span class='ocrx_word' id='word_1_13' title='bbox 1227 546 1302 614; x_wconf 71' lang='grc' dir='ltr'>κὰπ</span> 
     </span>
     <span class='ocr_line' id='line_1_3' title="bbox 183 647 1299 745; baseline -0.007 -25"><span class='ocrx_word' id='word_1_14' title='bbox 183 652 323 745; x_wconf 75' lang='grc' dir='ltr'><em>φάλαρα</em></span> <span class='ocrx_word' id='word_1_15' title='bbox 344 650 481 737; x_wconf 83' lang='lat' dir='ltr'>Trypho</span> <span class='ocrx_word' id='word_1_16' title='bbox 501 653 526 734; x_wconf 69' lang='grc' dir='ltr'>ξ.</span> <span class='ocrx_word' id='word_1_17' title='bbox 546 650 598 715; x_wconf 79' lang='grc'>23.</span> <span class='ocrx_word' id='word_1_18' title='bbox 620 647 753 714; x_wconf 91' lang='lat' dir='ltr'>nomine</span> <span class='ocrx_word' id='word_1_19' title='bbox 773 669 930 733; x_wconf 84' lang='lat' dir='ltr'>expresso</span> <span class='ocrx_word' id='word_1_20' title='bbox 953 669 1122 735; x_wconf 79' lang='lat' dir='ltr'>syncopen</span> <span class='ocrx_word' id='word_1_21' title='bbox 1143 649 1299 735; x_wconf 86' lang='lat' dir='ltr'>appellat,</span> 
     </span>
     <span class='ocr_line' id='line_1_4' title="bbox 183 748 1299 839; baseline -0.005 -18"><span class='ocrx_word' id='word_1_22' title='bbox 183 754 243 821; x_wconf 91' lang='lat' dir='ltr'>sed</span> <span class='ocrx_word' id='word_1_23' title='bbox 268 764 318 818; x_wconf 90' lang='lat' dir='ltr'>est</span> <span class='ocrx_word' id='word_1_24' title='bbox 344 753 454 839; x_wconf 92' lang='lat' dir='ltr'>potius</span> <span class='ocrx_word' id='word_1_25' title='bbox 484 771 636 837; x_wconf 79' lang='lat' dir='ltr'>apocope</span> <span class='ocrx_word' id='word_1_26' title='bbox 664 770 738 814; x_wconf 91' lang='lat' dir='ltr'>cum</span> <span class='ocrx_word' id='word_1_27' title='bbox 765 748 998 813; x_wconf 77' lang='lat' dir='ltr'>assimilatione</span> <span class='ocrx_word' id='word_1_28' title='bbox 1027 770 1191 815; x_wconf 78' lang='lat' dir='ltr'>consonae</span> <span class='ocrx_word' id='word_1_29' title='bbox 1218 773 1299 815; x_wconf 89' lang='lat' dir='ltr'>con·</span> 
     </span>
     <span class='ocr_line' id='line_1_5' title="bbox 175 843 1298 942; baseline -0.003 -22"><span class='ocrx_word' id='word_1_30' title='bbox 175 857 292 942; x_wconf 85' lang='lat' dir='ltr'>juncta</span> <span class='ocrx_word' id='word_1_31' title='bbox 320 864 357 917; x_wconf 92' lang='lat' dir='ltr'>ut</span> <span class='ocrx_word' id='word_1_32' title='bbox 386 851 452 917; x_wconf 82' lang='grc' dir='ltr'>κὰδ</span> <span class='ocrx_word' id='word_1_33' title='bbox 478 847 632 933; x_wconf 78' lang='grc' dir='ltr'>δύναμιν,</span> <span class='ocrx_word' id='word_1_34' title='bbox 662 846 725 933; x_wconf 82' lang='grc' dir='ltr'>κὰρ</span> <span class='ocrx_word' id='word_1_35' title='bbox 754 843 831 934; x_wconf 79' lang='grc' dir='ltr'><strong><em>ῥόον</em></strong></span> <span class='ocrx_word' id='word_1_36' title='bbox 858 862 918 913; x_wconf 89' lang='lat' dir='ltr'>etc.</span> <span class='ocrx_word' id='word_1_37' title='bbox 946 872 1031 935; x_wconf 90' lang='lat' dir='ltr'>quae</span> <span class='ocrx_word' id='word_1_38' title='bbox 1058 851 1136 915; x_wconf 90' lang='lat' dir='ltr'>olim</span> <span class='ocrx_word' id='word_1_39' title='bbox 1164 850 1298 938; x_wconf 88' lang='lat' dir='ltr'>hyphen</span> 
     </span>
     <span class='ocr_line' id='line_1_6' title="bbox 182 949 1299 1038; baseline -0.004 -16"><span class='ocrx_word' id='word_1_40' title='bbox 182 955 407 1023; x_wconf 83' lang='lat' dir='ltr'>scribebantur</span> <span class='ocrx_word' id='word_1_41' title='bbox 436 963 480 1016; x_wconf 83' lang='lat' dir='ltr'>et¹</span> <span class='ocrx_word' id='word_1_42' title='bbox 501 950 562 1025; x_wconf 86' lang='lat' dir='ltr'>sub</span> <span class='ocrx_word' id='word_1_43' title='bbox 593 973 659 1023; x_wconf 85' lang='lat' dir='ltr'>uno</span> <span class='ocrx_word' id='word_1_44' title='bbox 682 960 835 1037; x_wconf 63' lang='lat' dir='ltr'>acceptu</span> <span class='ocrx_word' id='word_1_45' title='bbox 863 949 1067 1037; x_wconf 73' lang='lat' dir='ltr'>..Eothlipsis</span> <span class='ocrx_word' id='word_1_46' title='bbox 1098 952 1171 1029; x_wconf 91' lang='lat' dir='ltr'>illa,</span> <span class='ocrx_word' id='word_1_47' title='bbox 1205 955 1299 1038; x_wconf 87' lang='lat' dir='ltr'>cujus</span> 
     </span>
     <span class='ocr_line' id='line_1_7' title="bbox 183 1046 1298 1144; baseline -0.002 -22"><span class='ocrx_word' id='word_1_48' title='bbox 183 1058 314 1144; x_wconf 85' lang='lat' dir='ltr'>signum</span> <span class='ocrx_word' id='word_1_49' title='bbox 334 1067 385 1120; x_wconf 91' lang='lat' dir='ltr'>est</span> <span class='ocrx_word' id='word_1_50' title='bbox 406 1051 637 1140; x_wconf 81' lang='lat' dir='ltr'>apostrophus,</span> <span class='ocrx_word' id='word_1_51' title='bbox 659 1072 793 1138; x_wconf 86' lang='lat' dir='ltr'>prorsus</span> <span class='ocrx_word' id='word_1_52' title='bbox 815 1046 896 1116; x_wconf 80' lang='lat' dir='ltr'>nihss</span> <span class='ocrx_word' id='word_1_53' title='bbox 917 1052 1033 1117; x_wconf 83' lang='lat' dir='ltr'>attinet</span> <span class='ocrx_word' id='word_1_54' title='bbox 1054 1052 1097 1117; x_wconf 88' lang='lat' dir='ltr'>ad</span> <span class='ocrx_word' id='word_1_55' title='bbox 1118 1076 1298 1142; x_wconf 84' lang='lat' dir='ltr'>syncopen,</span> 
     </span>
     <span class='ocr_line' id='line_1_8' title="bbox 182 1153 1297 1244; baseline -0.004 -19"><span class='ocrx_word' id='word_1_56' title='bbox 182 1161 275 1244; x_wconf 90' lang='lat' dir='ltr'>cujus</span> <span class='ocrx_word' id='word_1_57' title='bbox 297 1155 492 1241; x_wconf 87' lang='lat' dir='ltr'>multiplices</span> <span class='ocrx_word' id='word_1_58' title='bbox 510 1155 615 1219; x_wconf 83' lang='lat' dir='ltr'>flexus</span> <span class='ocrx_word' id='word_1_59' title='bbox 638 1165 672 1217; x_wconf 89' lang='lat' dir='ltr'>et</span> <span class='ocrx_word' id='word_1_60' title='bbox 684 1153 886 1218; x_wconf 85' lang='lat' dir='ltr'>Maeandros</span> <span class='ocrx_word' id='word_1_61' title='bbox 904 1176 992 1219; x_wconf 89' lang='lat' dir='ltr'>nunc</span> <span class='ocrx_word' id='word_1_62' title='bbox 1010 1155 1175 1240; x_wconf 86' lang='lat' dir='ltr'>explicare</span> <span class='ocrx_word' id='word_1_63' title='bbox 1197 1178 1297 1222; x_wconf 89' lang='lat' dir='ltr'>cona-</span> 
     </span>
     <span class='ocr_line' id='line_1_9' title="bbox 181 1254 1298 1344; baseline -0.002 -19"><span class='ocrx_word' id='word_1_64' title='bbox 181 1260 252 1326; x_wconf 89' lang='lat' dir='ltr'>bor.</span> <span class='ocrx_word' id='word_1_65' title='bbox 288 1257 330 1322; x_wconf 94' lang='lat' dir='ltr'>Id</span> <span class='ocrx_word' id='word_1_66' title='bbox 349 1268 457 1321; x_wconf 88' lang='lat' dir='ltr'>autem</span> <span class='ocrx_word' id='word_1_67' title='bbox 474 1256 531 1320; x_wconf 88' lang='lat' dir='ltr'>liet</span> <span class='ocrx_word' id='word_1_68' title='bbox 548 1254 712 1342; x_wconf 87' lang='lat' dir='ltr'>bipartito.</span> <span class='ocrx_word' id='word_1_69' title='bbox 747 1255 894 1320; x_wconf 90' lang='lat' dir='ltr'>Primum</span> <span class='ocrx_word' id='word_1_70' title='bbox 912 1256 998 1319; x_wconf 89' lang='lat' dir='ltr'>enim</span> <span class='ocrx_word' id='word_1_71' title='bbox 1016 1256 1058 1319; x_wconf 91' lang='lat' dir='ltr'>de</span> <span class='ocrx_word' id='word_1_72' title='bbox 1076 1257 1183 1344; x_wconf 90' lang='lat' dir='ltr'>ellipsi</span> <span class='ocrx_word' id='word_1_73' title='bbox 1200 1260 1298 1324; x_wconf 88' lang='lat' dir='ltr'>unius</span> 
     </span>
     <span class='ocr_line' id='line_1_10' title="bbox 181 1355 1299 1447; baseline -0.002 -21"><span class='ocrx_word' id='word_1_74' title='bbox 181 1360 294 1426; x_wconf 89' lang='lat' dir='ltr'>literae</span> <span class='ocrx_word' id='word_1_75' title='bbox 316 1358 431 1434; x_wconf 90' lang='lat' dir='ltr'>dicam,</span> <span class='ocrx_word' id='word_1_76' title='bbox 454 1366 522 1419; x_wconf 92' lang='lat' dir='ltr'>tum</span> <span class='ocrx_word' id='word_1_77' title='bbox 540 1355 582 1420; x_wconf 88' lang='lat' dir='ltr'>de</span> <span class='ocrx_word' id='word_1_78' title='bbox 599 1357 766 1434; x_wconf 86' lang='lat' dir='ltr'>connexis,</span> <span class='ocrx_word' id='word_1_79' title='bbox 783 1368 816 1421; x_wconf 92' lang='lat' dir='ltr'>et</span> <span class='ocrx_word' id='word_1_80' title='bbox 833 1355 965 1442; x_wconf 89' lang='lat' dir='ltr'>quidem</span> <span class='ocrx_word' id='word_1_81' title='bbox 983 1356 1030 1420; x_wconf 89' lang='lat' dir='ltr'>sic</span> <span class='ocrx_word' id='word_1_82' title='bbox 1045 1368 1083 1420; x_wconf 90' lang='lat' dir='ltr'>ut</span> <span class='ocrx_word' id='word_1_83' title='bbox 1100 1357 1299 1447; x_wconf 80' lang='lat' dir='ltr'>distinguam</span> 
     </span>
     <span class='ocr_line' id='line_1_11' title="bbox 181 1456 1298 1548; baseline 0.002 -23"><span class='ocrx_word' id='word_1_84' title='bbox 181 1461 413 1527; x_wconf 80' lang='lat' dir='ltr'>vocabulorum</span> <span class='ocrx_word' id='word_1_85' title='bbox 446 1468 555 1544; x_wconf 86' lang='lat' dir='ltr'>partes</span> <span class='ocrx_word' id='word_1_86' title='bbox 585 1456 754 1543; x_wconf 86' lang='lat' dir='ltr'>primarias</span> <span class='ocrx_word' id='word_1_87' title='bbox 786 1468 884 1543; x_wconf 80' lang='lat' dir='ltr'>atque</span> <span class='ocrx_word' id='word_1_88' title='bbox 912 1458 1121 1524; x_wconf 73' lang='lat' dir='ltr'>secundariae</span> <span class='ocrx_word' id='word_1_89' title='bbox 1154 1460 1298 1548; x_wconf 84' lang='lat' dir='ltr'>itemque</span> 
     </span>
     <span class='ocr_line' id='line_1_12' title="bbox 179 1557 731 1651; baseline -0.014 -22"><span class='ocrx_word' id='word_1_90' title='bbox 179 1563 365 1651; x_wconf 83' lang='lat' dir='ltr'>positiones</span> <span class='ocrx_word' id='word_1_91' title='bbox 387 1570 491 1625; x_wconf 82' lang='lat' dir='ltr'>rectas</span> <span class='ocrx_word' id='word_1_92' title='bbox 517 1568 550 1624; x_wconf 87' lang='lat' dir='ltr'>et</span> <span class='ocrx_word' id='word_1_93' title='bbox 570 1557 731 1643; x_wconf 86' lang='lat' dir='ltr'>obliquas.</span> 
     </span>
    </p>
   </div>
   <div class='ocr_carea' id='block_1_3' title="bbox 332 2096 1167 2378">
    <p class='ocr_par' dir='ltr' id='par_1_3' title="bbox 332 2096 1167 2378">
     <span class='ocr_line' id='line_1_13' title="bbox 531 2096 1004 2197; baseline 0 -16"><span class='ocrx_word' id='word_1_94' title='bbox 531 2096 693 2181; x_wconf 84' lang='lat' dir='ltr'>Pars</span> <span class='ocrx_word' id='word_1_95' title='bbox 726 2097 945 2197; x_wconf 78' lang='lat' dir='ltr'>prima</span> <span class='ocrx_word' id='word_1_96' title='bbox 1001 2141 1004 2145; x_wconf 88' lang='lat'><strong>·</strong></span> 
     </span>
     <span class='ocr_line' id='line_1_14' title="bbox 332 2269 1167 2378; baseline 0.004 -26"><span class='ocrx_word' id='word_1_97' title='bbox 332 2269 407 2353; x_wconf 83' lang='lat' dir='ltr'>De</span> <span class='ocrx_word' id='word_1_98' title='bbox 444 2293 686 2378; x_wconf 81' lang='lat' dir='ltr'>syncope</span> <span class='ocrx_word' id='word_1_99' title='bbox 722 2270 884 2354; x_wconf 85' lang='lat' dir='ltr'>unlus</span> <span class='ocrx_word' id='word_1_100' title='bbox 918 2270 1167 2359; x_wconf 80' lang='lat' dir='ltr'>vocalis.&#39;</span> 
     </span>
    </p>
   </div>
   <div class='ocr_carea' id='block_1_4' title="bbox 577 2650 898 2896">
    <p class='ocr_par' dir='ltr' id='par_1_4' title="bbox 577 2650 898 2896">
     <span class='ocr_line' id='line_1_15' title="bbox 655 2650 824 2717; baseline -0.006 0"><span class='ocrx_word' id='word_1_101' title='bbox 655 2650 768 2717; x_wconf 84' lang='lat' dir='ltr'>OAP.</span> <span class='ocrx_word' id='word_1_102' title='bbox 795 2652 824 2717; x_wconf 95' lang='grc' dir='ltr'>Ι.</span> 
     </span>
     <span class='ocr_line' id='line_1_16' title="bbox 577 2789 898 2896; baseline 0.009 -33"><span class='ocrx_word' id='word_1_103' title='bbox 577 2789 633 2896; x_wconf 61' lang='grc'>111.»4</span> <span class='ocrx_word' id='word_1_104' title='bbox 656 2793 759 2865; x_wconf 69' lang='lat' dir='ltr'>litera</span> <span class='ocrx_word' id='word_1_105' title='bbox 786 2790 898 2890; x_wconf 81' lang='lat' dir='ltr'>alpha.</span> 
     </span>
    </p>
   </div>
   <div class='ocr_carea' id='block_1_5' title="bbox 119 2974 1300 3968">
    <p class='ocr_par' dir='ltr' id='par_1_5' title="bbox 119 2974 1300 3968">
     <span class='ocr_line' id='line_1_17' title="bbox 180 2974 1298 3064; baseline 0.004 -26"><span class='ocrx_word' id='word_1_106' title='bbox 180 2992 185 2997; x_wconf 90' lang='lat'>·</span> <span class='ocrx_word' id='word_1_107' title='bbox 266 2976 292 3059; x_wconf 67' lang='grc' dir='ltr'>ξ.</span> <span class='ocrx_word' id='word_1_108' title='bbox 316 2974 346 3039; x_wconf 98' lang='grc'>1.</span> <span class='ocrx_word' id='word_1_109' title='bbox 390 2975 565 3063; x_wconf 85' lang='lat' dir='ltr'>Syneopae</span> <span class='ocrx_word' id='word_1_110' title='bbox 589 2975 717 3064; x_wconf 87' lang='lat' dir='ltr'>species</span> <span class='ocrx_word' id='word_1_111' title='bbox 741 2975 861 3042; x_wconf 85' lang='lat' dir='ltr'>multae</span> <span class='ocrx_word' id='word_1_112' title='bbox 883 2975 1072 3062; x_wconf 86' lang='lat' dir='ltr'>variaeque,</span> <span class='ocrx_word' id='word_1_113' title='bbox 1103 2988 1241 3064; x_wconf 80' lang='lat' dir='ltr'>genera,</span> <span class='ocrx_word' id='word_1_114' title='bbox 1271 2979 1298 3042; x_wconf 87' lang='lat' dir='ltr'>si</span> 
     </span>
     <span class='ocr_line' id='line_1_18' title="bbox 181 3072 1297 3163; baseline 0.003 -22"><span class='ocrx_word' id='word_1_115' title='bbox 181 3077 364 3142; x_wconf 85' lang='lat' dir='ltr'>summatim</span> <span class='ocrx_word' id='word_1_116' title='bbox 391 3078 589 3163; x_wconf 84' lang='lat' dir='ltr'>quaerimus,</span> <span class='ocrx_word' id='word_1_117' title='bbox 620 3078 687 3144; x_wconf 91' lang='lat' dir='ltr'>duo</span> <span class='ocrx_word' id='word_1_118' title='bbox 712 3072 802 3158; x_wconf 73' lang='lat' dir='ltr'>sunt,</span> <span class='ocrx_word' id='word_1_119' title='bbox 834 3078 982 3143; x_wconf 88' lang='lat' dir='ltr'>naturale</span> <span class='ocrx_word' id='word_1_120' title='bbox 1012 3088 1045 3142; x_wconf 92' lang='lat' dir='ltr'>et</span> <span class='ocrx_word' id='word_1_121' title='bbox 1071 3078 1297 3144; x_wconf 79' lang='lat' dir='ltr'>voluntarium.</span> 
     </span>
     <span class='ocr_line' id='line_1_19' title="bbox 179 3172 1297 3268; baseline 0.002 -26"><span class='ocrx_word' id='word_1_122' title='bbox 179 3177 267 3242; x_wconf 91' lang='lat' dir='ltr'>Illud</span> <span class='ocrx_word' id='word_1_123' title='bbox 286 3179 427 3243; x_wconf 86' lang='lat' dir='ltr'>cernitur</span> <span class='ocrx_word' id='word_1_124' title='bbox 442 3179 476 3243; x_wconf 86' lang='lat' dir='ltr'>in</span> <span class='ocrx_word' id='word_1_125' title='bbox 489 3179 681 3246; x_wconf 77' lang='lat' dir='ltr'>formatione</span> <span class='ocrx_word' id='word_1_126' title='bbox 702 3191 886 3268; x_wconf 87' lang='lat' dir='ltr'>temporum</span> <span class='ocrx_word' id='word_1_127' title='bbox 906 3179 1085 3245; x_wconf 78' lang='lat' dir='ltr'>verbalium</span> <span class='ocrx_word' id='word_1_128' title='bbox 1100 3172 1297 3267; x_wconf 72' lang='grc' dir='ltr'><strong><em>σκλήσομαι,</em></strong></span> 
     </span>
     <span class='ocr_line' id='line_1_20' title="bbox 179 3275 1300 3369; baseline 0 -26"><span class='ocrx_word' id='word_1_129' title='bbox 179 3275 361 3368; x_wconf 79' lang='grc' dir='ltr'><strong><em>τλήσομαι,</em></strong></span> <span class='ocrx_word' id='word_1_130' title='bbox 388 3282 552 3368; x_wconf 79' lang='grc' dir='ltr'><strong><em>κέκμηκα,</em></strong></span> <span class='ocrx_word' id='word_1_131' title='bbox 579 3280 743 3369; x_wconf 73' lang='grc' dir='ltr'>τέθνηκα,</span> <span class='ocrx_word' id='word_1_132' title='bbox 770 3280 970 3365; x_wconf 77' lang='grc' dir='ltr'><em>μέμβλωκα,</em></span> <span class='ocrx_word' id='word_1_133' title='bbox 1002 3280 1090 3345; x_wconf 89' lang='lat' dir='ltr'>unde</span> <span class='ocrx_word' id='word_1_134' title='bbox 1111 3279 1229 3344; x_wconf 87' lang='lat' dir='ltr'>transit</span> <span class='ocrx_word' id='word_1_135' title='bbox 1256 3280 1300 3343; x_wconf 89' lang='lat' dir='ltr'>ad</span> 
     </span>
     <span class='ocr_line' id='line_1_21' title="bbox 181 3377 1300 3471; baseline 0.002 -27"><span class='ocrx_word' id='word_1_136' title='bbox 181 3379 326 3444; x_wconf 85' lang='lat' dir='ltr'>derivata</span> <span class='ocrx_word' id='word_1_137' title='bbox 353 3379 496 3464; x_wconf 89' lang='lat' dir='ltr'>cujusvis</span> <span class='ocrx_word' id='word_1_138' title='bbox 524 3378 671 3444; x_wconf 88' lang='lat' dir='ltr'>merismi</span> <span class='ocrx_word' id='word_1_139' title='bbox 697 3381 832 3469; x_wconf 71' lang='lat' dir='ltr'>dpr&#39;y‘org,</span> <span class='ocrx_word' id='word_1_140' title='bbox 862 3385 990 3468; x_wconf 80' lang='grc' dir='ltr'><strong><em>τμῆμα,</em></strong></span> <span class='ocrx_word' id='word_1_141' title='bbox 1020 3377 1162 3471; x_wconf 73' lang='grc' dir='ltr'>τμήδην,</span> <span class='ocrx_word' id='word_1_142' title='bbox 1191 3404 1300 3467; x_wconf 90' lang='lat' dir='ltr'>neque</span> 
     </span>
     <span class='ocr_line' id='line_1_22' title="bbox 180 3476 1299 3572; baseline 0.004 -29"><span class='ocrx_word' id='word_1_143' title='bbox 180 3500 248 3543; x_wconf 92' lang='lat' dir='ltr'>non</span> <span class='ocrx_word' id='word_1_144' title='bbox 277 3488 417 3567; x_wconf 88' lang='lat' dir='ltr'>apparet</span> <span class='ocrx_word' id='word_1_145' title='bbox 451 3479 484 3544; x_wconf 93' lang='lat' dir='ltr'>in</span> <span class='ocrx_word' id='word_1_146' title='bbox 500 3476 743 3566; x_wconf 82' lang='lat' dir='ltr'>&#39;praesentibus</span> <span class='ocrx_word' id='word_1_147' title='bbox 776 3482 954 3568; x_wconf 78' lang='lat' dir='ltr'>paragogis</span> <span class='ocrx_word' id='word_1_148' title='bbox 989 3479 1118 3572; x_wconf 78' lang='grc' dir='ltr'><strong><em>τ’μήγω,</em></strong></span> <span class='ocrx_word' id='word_1_149' title='bbox 1146 3479 1299 3572; x_wconf 56' lang='lat' dir='ltr'>&#39;Ovio-ara,</span> 
     </span>
     <span class='ocr_line' id='line_1_23' title="bbox 180 3573 1300 3671; baseline 0.004 -28"><span class='ocrx_word' id='word_1_150' title='bbox 180 3573 331 3663; x_wconf 73' lang='grc' dir='ltr'>βλιᾶσκω.</span> <span class='ocrx_word' id='word_1_151' title='bbox 381 3581 521 3667; x_wconf 88' lang='lat' dir='ltr'>Antiqui</span> <span class='ocrx_word' id='word_1_152' title='bbox 549 3603 626 3647; x_wconf 80' lang='lat' dir='ltr'>vero</span> <span class='ocrx_word' id='word_1_153' title='bbox 653 3578 863 3648; x_wconf 74' lang='lat' dir='ltr'>Grammatici</span> <span class='ocrx_word' id='word_1_154' title='bbox 893 3584 1063 3671; x_wconf 84' lang='lat' dir='ltr'>syncopen</span> <span class='ocrx_word' id='word_1_155' title='bbox 1089 3606 1157 3650; x_wconf 92' lang='lat' dir='ltr'>non</span> <span class='ocrx_word' id='word_1_156' title='bbox 1187 3583 1222 3648; x_wconf 90' lang='lat' dir='ltr'>in</span> <span class='ocrx_word' id='word_1_157' title='bbox 1249 3583 1300 3648; x_wconf 90' lang='lat' dir='ltr'>his</span> 
     </span>
     <span class='ocr_line' id='line_1_24' title="bbox 119 3680 1299 3772; baseline 0.007 -29"><span class='ocrx_word' id='word_1_158' title='bbox 119 3724 120 3727; x_wconf 63' lang='lat'>,</span> <span class='ocrx_word' id='word_1_159' title='bbox 176 3689 380 3746; x_wconf 42' lang='lat' dir='ltr'>*natam-esse</span> <span class='ocrx_word' id='word_1_160' title='bbox 394 3683 509 3747; x_wconf 84' lang='lat' dir='ltr'>volunt</span> <span class='ocrx_word' id='word_1_161' title='bbox 525 3682 638 3748; x_wconf 86' lang='lat' dir='ltr'>sedin</span> <span class='ocrx_word' id='word_1_162' title='bbox 654 3680 881 3770; x_wconf 77' lang='lat' dir='ltr'>praesentibus</span> <span class='ocrx_word' id='word_1_163' title='bbox 900 3682 1000 3772; x_wconf 85' lang='lat' dir='ltr'>ipsis:</span> <span class='ocrx_word' id='word_1_164' title='bbox 1023 3681 1092 3753; x_wconf 77' lang='grc' dir='ltr'>ἀπὸ</span> <span class='ocrx_word' id='word_1_165' title='bbox 1103 3691 1171 3752; x_wconf 82' lang='grc' dir='ltr'><strong><em>’τοῦ</em></strong></span> <span class='ocrx_word' id='word_1_166' title='bbox 1186 3683 1299 3770; x_wconf 78' lang='grc' dir='ltr'><strong><em>βάλλω</em></strong></span> 
     </span>
     <span class='ocr_line' id='line_1_25' title="bbox 181 3779 1300 3876; baseline 0.004 -29"><span class='ocrx_word' id='word_1_167' title='bbox 181 3779 268 3848; x_wconf 64' lang='grc' dir='ltr'>Μὰ</span> <span class='ocrx_word' id='word_1_168' title='bbox 291 3779 463 3869; x_wconf 60' lang='lat' dir='ltr'>ornando</span> <span class='ocrx_word' id='word_1_169' title='bbox 490 3783 614 3869; x_wconf 62' lang='grc' dir='ltr'>γίνεται</span> <span class='ocrx_word' id='word_1_170' title='bbox 641 3786 712 3867; x_wconf 67' lang='lat' dir='ltr'>filei</span> <span class='ocrx_word' id='word_1_171' title='bbox 732 3781 847 3870; x_wconf 67' lang='grc' dir='ltr'>βλῆσω</span> <span class='ocrx_word' id='word_1_172' title='bbox 891 3783 1099 3876; x_wconf 68' lang='grc' dir='ltr'><strong><em>ὑποβλήδην,</em></strong></span> <span class='ocrx_word' id='word_1_173' title='bbox 1128 3781 1300 3875; x_wconf 67' lang='grc' dir='ltr'>ἀμφίβλη-</span> 
     </span>
     <span class='ocr_line' id='line_1_26' title="bbox 180 3882 1300 3968; baseline 0.003 -20"><span class='ocrx_word' id='word_1_174' title='bbox 180 3893 280 3968; x_wconf 66' lang='lat' dir='ltr'>orpot</span> <span class='ocrx_word' id='word_1_175' title='bbox 303 3882 392 3949; x_wconf 82' lang='lat' dir='ltr'>(ind.</span> <span class='ocrx_word' id='word_1_176' title='bbox 414 3883 467 3961; x_wconf 82' lang='lat'>48,</span> <span class='ocrx_word' id='word_1_177' title='bbox 493 3884 544 3948; x_wconf 90' lang='grc'>18.</span> <span class='ocrx_word' id='word_1_178' title='bbox 571 3885 665 3968; x_wconf 85' lang='lat' dir='ltr'>qaod</span> <span class='ocrx_word' id='word_1_179' title='bbox 691 3882 877 3951; x_wconf 87' lang='lat' dir='ltr'>Philoxeno</span> <span class='ocrx_word' id='word_1_180' title='bbox 908 3886 1063 3952; x_wconf 83' lang='lat' dir='ltr'>adscribit</span> <span class='ocrx_word' id='word_1_181' title='bbox 1095 3887 1203 3956; x_wconf 88' lang='lat' dir='ltr'>Orion</span> <span class='ocrx_word' id='word_1_182' title='bbox 1227 3886 1300 3952; x_wconf 81' lang='lat'>156.</span> 
     </span>
    </p>
   </div>
   <div class='ocr_carea' id='block_1_6' title="bbox 133 3978 1298 4079">
    <p class='ocr_par' dir='ltr' id='par_1_6' title="bbox 133 3978 1298 4079">
     <span class='ocr_line' id='line_1_27' title="bbox 133 3978 1298 4079; baseline 0.004 -29"><span class='ocrx_word' id='word_1_183' title='bbox 133 4024 135 4028; x_wconf 94' lang='lat'>·</span> <span class='ocrx_word' id='word_1_184' title='bbox 181 3978 250 4050; x_wconf 67' lang='grc' dir='ltr'>ἀπὸ</span> <span class='ocrx_word' id='word_1_185' title='bbox 265 3981 335 4050; x_wconf 68' lang='grc' dir='ltr'>τοῦ</span> <span class='ocrx_word' id='word_1_186' title='bbox 357 3985 426 4050; x_wconf 68' lang='lat' dir='ltr'>alei</span> <span class='ocrx_word' id='word_1_187' title='bbox 447 3986 506 4050; x_wconf 78' lang='grc' dir='ltr'>τοῦ</span> <span class='ocrx_word' id='word_1_188' title='bbox 528 3981 753 4071; x_wconf 57' lang='lat' dir='ltr'>opprimerer</span> <span class='ocrx_word' id='word_1_189' title='bbox 770 3986 807 4050; x_wconf 67' lang='lat' dir='ltr'>st</span> <span class='ocrx_word' id='word_1_190' title='bbox 836 3989 926 4054; x_wconf 81' lang='grc' dir='ltr'><em>καλῶ</em></span> <span class='ocrx_word' id='word_1_191' title='bbox 950 3989 1061 4074; x_wconf 62' lang='grc' dir='ltr'><em>γέγονε</em></span> <span class='ocrx_word' id='word_1_192' title='bbox 1083 3987 1196 4079; x_wconf 72' lang='grc' dir='ltr'><em>κλήσω</em></span> <span class='ocrx_word' id='word_1_193' title='bbox 1219 3991 1298 4079; x_wconf 77' lang='grc' dir='ltr'><strong><em>κλη-</em></strong></span> 
     </span>
    </p>
   </div>
   <div class='ocr_carea' id='block_1_7' title="bbox 119 4191 1302 4379">
    <p class='ocr_par' dir='ltr' id='par_1_7' title="bbox 119 4191 1302 4379">
     <span class='ocr_line' id='line_1_28' title="bbox 182 4191 1302 4296; baseline 0.008 -27"><span class='ocrx_word' id='word_1_194' title='bbox 182 4192 185 4199; x_wconf 44' lang='grc'><strong>’</strong></span> <span class='ocrx_word' id='word_1_195' title='bbox 240 4216 267 4284; x_wconf 88' lang='grc'>1)</span> <span class='ocrx_word' id='word_1_196' title='bbox 280 4216 383 4275; x_wconf 77' lang='lat' dir='ltr'>Dicere</span> <span class='ocrx_word' id='word_1_197' title='bbox 395 4217 485 4276; x_wconf 83' lang='lat' dir='ltr'>voluit</span> <span class='ocrx_word' id='word_1_198' title='bbox 496 4218 649 4289; x_wconf 75' lang='grc' dir='ltr'><strong>ἀποκοπῆς.</strong></span> <span class='ocrx_word' id='word_1_199' title='bbox 671 4218 746 4275; x_wconf 89' lang='lat' dir='ltr'>Hinc</span> <span class='ocrx_word' id='word_1_200' title='bbox 760 4221 863 4294; x_wconf 83' lang='lat' dir='ltr'>corrigi</span> <span class='ocrx_word' id='word_1_201' title='bbox 877 4223 1000 4279; x_wconf 87' lang='lat' dir='ltr'>debebat</span> <span class='ocrx_word' id='word_1_202' title='bbox 1012 4191 1149 4296; x_wconf 68' lang='lat' dir='ltr'>perraras</span> <span class='ocrx_word' id='word_1_203' title='bbox 1160 4194 1302 4295; x_wconf 84' lang='lat' dir='ltr'>scriptura</span> 
     </span>
     <span class='ocr_line' id='line_1_29' title="bbox 119 4296 1015 4379; baseline 0.01 -26"><span class='ocrx_word' id='word_1_204' title='bbox 119 4314 130 4321; x_wconf 79' lang='grc'>’·</span> <span class='ocrx_word' id='word_1_205' title='bbox 181 4296 310 4356; x_wconf 69' lang='lat' dir='ltr'>Zonaras</span> <span class='ocrx_word' id='word_1_206' title='bbox 326 4304 384 4359; x_wconf 77' lang='lat' dir='ltr'>tto.</span> <span class='ocrx_word' id='word_1_207' title='bbox 404 4302 433 4360; x_wconf 76' lang='grc' dir='ltr'><strong>ιό</strong></span> <span class='ocrx_word' id='word_1_208' title='bbox 453 4300 672 4378; x_wconf 10' lang='grc' dir='ltr'><strong><em>ποιοῦιοέσχῆμα</em></strong></span> <span class='ocrx_word' id='word_1_209' title='bbox 692 4307 784 4370; x_wconf 69' lang='grc' dir='ltr'><strong><em>εἴδους</em></strong></span> <span class='ocrx_word' id='word_1_210' title='bbox 802 4309 859 4364; x_wconf 70' lang='grc' dir='ltr'>ἔστι</span> <span class='ocrx_word' id='word_1_211' title='bbox 880 4304 1015 4379; x_wconf 78' lang='grc' dir='ltr'>συγκοπὴ.</span> 
     </span>
    </p>
   </div>
   <div class='ocr_carea' id='block_1_8' title="bbox 0 0 1372 4778">
    <p class='ocr_par' dir='ltr' id='par_1_8' title="bbox 0 0 1372 4778">
     <span class='ocr_line' id='line_1_30' title="bbox 0 0 1372 4778; baseline 0 0"><span class='ocrx_word' id='word_1_212' title='bbox 0 0 1372 4778; x_wconf 95' lang='lat' dir='ltr'> </span> 
     </span>
    </p>
   </div>
  </div>
 </body>
</html>
