2736 4778
125 371 169 442 ει
257 338 259 342 ’
503 369 780 438 σιεεσαειιισ
813 371 867 438 vr.
926 416 931 425 .
1039 448 1054 472 ο

125 540 201 609 {et
225 539 359 606 imore
381 534 494 601 Dorico
516 536 548 599 in
570 538 595 616 ἧ
617 539 795 600 connectas
817 551 902 599 esse:
927 535 1038 602 Τυδέα
1064 535 1170 618 Τυδῆ,
1196 542 1254 601 ant

128 638 343 705 terminationi
364 636 502 718 lonicae,
536 657 617 722 quae
643 639 753 705 eedem
776 637 940 719 enimait,
974 637 1155 702 detractum
1179 654 1252 703 esse

126 741 234 823 alpha:
272 742 386 825 Τινδῆα
413 742 513 826 Τυδῆ,
545 740 696 821 additque
728 741 814 818 τινὲς
847 739 886 807 δέ
917 763 1001 828 φασι
1033 733 1175 806 κάκεῖνα
1203 738 1251 827 μῆ

126 845 210 910 κατὰ
234 839 438 930 συναλοιφὴν
460 833 542 909 εἶναι
567 838 612 922 ὥς
628 837 762 928 ,,’Λχιλῆ
786 837 918 929 ὤτρυνε,
943 843 1041 929 Πηλῆ
1063 838 1252 924 1κέιευσε“,

125 943 1252 1029 quorumexemplommpriusnescioundesumseritelterifflvlb'll)

126 1047 255 1134 [Belle]
272 1046 457 1130 Spitznerns
480 1046 705 1113 etDindoriius
728 1054 836 1115 contre
859 1047 1033 1113 Thierschii
1055 1047 1253 1113 sententiam

126 1147 352 1234 apostrophum
383 1149 601 1215 reddiderunt·
621 1152 653 1216 in
685 1151 775 1217 libris
809 1149 954 1216 omnibus
986 1148 1182 1215 custoditam
1215 1154 1252 1215 nl

126 1252 312 1335 saepissime
329 1247 484 1338 Ὀδυσῆ’,
508 1258 603 1334 etque
625 1254 671 1319 sic
693 1255 790 1320 etiem
811 1254 864 1319 ille
877 1254 1041 1335 scripsisse
1062 1252 1196 1318 videtur
1204 1276 1250 1339 μη

126 1357 208 1423 κατὰ
232 1354 436 1443 συναλοιφὴν
458 1359 517 1422 τσῦ
537 1359 569 1428 ἶ
592 1355 705 1438 καὶαῖ,
740 1352 826 1422 ἀλλὰ
850 1352 916 1422 κατ’
942 1355 1105 1441 ἔκθλιψιν
1115 1358 1193 1421 ‘eoo
1217 1356 1253 1425 ἰ’

128 1457 169 1544 [ε.
194 1457 280 1524 Diss.
302 1458 388 1523 VIII·
402 1476 469 1540 cap.
492 1458 520 1521 V
542 1458 571 1542 ξ.
589 1458 637 1542 2.]

212 1560 251 1627 In
271 1563 317 1638 a}
337 1580 451 1643 purum
462 1578 543 1643 quae
559 1568 675 1626 exeunt
685 1561 885 1628 Herodianus
908 1560 948 1626 ab
960 1560 1073 1625 Atticis
1095 1560 1129 1625 in
1153 1560 1251 1643 alpha

126 1664 269 1731 contrahi
291 1663 383 1730 docet
405 1664 445 1730 de
466 1662 613 1730 Dichron.
636 1662 709 1730 291.
733 1664 773 1729 17
806 1668 880 1747 χοᾶ,
902 1659 1059 1750 Ἐρετριᾶ,
1086 1666 1248 1748 Πειραιᾶ,

127 1772 161 1833 et
180 1766 389 1848 Harpocratio
411 1783 440 1846 p.
456 1763 486 1830 4.
501 1767 540 1834 tt
561 1765 600 1833 τὸ
623 1761 805 1855 ὁλόκληρόν
827 1765 916 1833 ἐστιν
937 1762 1069 1851 ἁγνείας
1091 1765 1149 1832 καὶ
1165 1764 1250 1832 κατὰ

126 1868 185 1957 τῆν
218 1863 350 1954 αἰιαικῆν
383 1865 553 1934 διάλεκτον
582 1865 700 1955 ἀγυιᾶς
721 1864 881 1956 καθάπερ
906 1868 1025 1956 Μηλιᾶ
1058 1868 1112 1934 καὶ
1134 1892 1248 1956 παρα-

127 1966 256 2059 πλῆσεα
279 1970 429 2056 λέγουσιν
451 1969 486 2036 ἐν
510 1975 706 2060 συναλοιφῇ,
728 1971 902 2037 ortonnes
925 1971 964 2036 de
987 1970 1058 2036 Ace.
1081 1990 1111 2053 p.
1128 1970 1184 2037 20.
1206 1970 1249 2036 30

123 2071 304 2163 Ἐρετριέας
339 2068 507 2159 Ἐρετριᾶς
544 2073 628 2138 κατὰ
667 2071 855 2159 συναίρεσιν
893 2078 1124 2162 περισπῶνται
1165 2070 1246 2162 παρ’

124 2171 368 2263 Ἀθηναίυιςῆ,
391 2194 470 2257 quos
492 2176 578 2257 ipsos
600 2177 768 2258 aliquando
789 2178 872 2243 inber
894 2196 927 2241 se
951 2177 1138 2242 dissensisse
1162 2176 1248 2243 oolli-

128 2281 274 2361 gisnei
296 2277 448 2343 librorum
469 2277 673 2345 fluctuatione
695 2285 857 2362 perpetua.

214 2381 382 2447 Nominum
404 2381 437 2444 in
458 2383 716 2461 &accusativum
738 2389 850 2464 poetae
872 2383 1062 2465 possesiones
1076 2382 1249 2449 non-aliter

126 2487 298 2552 terminant
319 2501 414 2564 quam
435 2490 472 2549 ut
493 2485 586 2567 vulgo
609 2484 659 2550 fit:
684 2481 860 2573 αἰγχινεφῆ,
885 2479 1063 2571 ἆριιπαγῆ,
1097 2479 1247 2572 ῆδαῳαῆ,

128 2585 287 2674 ἡμιθανῆ.
312 2592 492 2674 θηρσμιρῆ,
517 2593 684 2674 καιλσαραῆ,
707 2596 888 2675 μουνογενῆ
911 2594 944 2653 et
965 2589 1010 2653 sic
1032 2589 1128 2653 etiam
1152 2588 1247 2670 Apol·

127 2691 229 2755 lenius
252 2696 297 2775 τῷ
321 2681 349 2752 cl’
376 2681 441 2774 ὅρα
465 2692 603 2774 νηκερδῆ
618 2688 650 2752 ΙΙ
662 2689 724 2754 ’182
747 2696 780 2755 et
802 2688 910 2781 ἅρπην
934 2687 1088 2777 εὐκαμπῆ
1104 2688 1249 2756 ΙΠ1388

60 2808 74 2817 ‘
131 2790 252 2874 syllaba
273 2791 385 2854 ultime
407 2790 465 2855 sub
488 2793 553 2855 ictu
574 2793 686 2872 posite,
709 2793 867 2859 Homerus
890 2813 963 2859 vero
986 2793 1145 2874 dactylum
1157 2798 1247 2876 prae·

128 2894 284 2959 tulit-non
308 2893 462 2957 salumin
484 2895 708 2976 quintopede:
739 2899 892 2985 νηκερδέα
915 2892 1047 2983 βουλήν,
1071 2895 1129 2960 sed
1152 2898 1247 2961 etiem

128 2998 160 3061 in
183 3002 311 3079 quarto:
336 2991 504 3078 εὐκαμπέα
515 2996 600 3085 χειρὶ
613 2996 747 3086 παχείῃ,
770 3019 842 3065 raro
864 2999 917 3064 ille
932 2999 1013 3064 crasi
1035 2994 1248 3086 1181133α1κραῆ

129 3105 277 3188 Ζεφυρυυ
300 3099 357 3165 Od.
369 3098 400 3162 ll
412 3096 484 3177 121,
507 3101 591 3180 quod
612 3101 708 3165 iterat
719 3101 816 3183 Orph.
828 3103 902 3184 Arg.
917 3101 1008 3180 1155,
1031 3097 1248 3188 elabentes

128 3202 276 3285 μαλακόν
299 3201 356 3266 Od.
380 3200 488 3266 XVIII
499 3202 557 3266 201
584 3220 706 3268 summo
728 3209 896 3287 utrumque
919 3205 1059 3270 codicum
1083 3222 1247 3272 consensa

74 3303 78 3313 '
128 3305 172 3371 Et
193 3306 233 3369 ad
255 3305 314 3369 hoc
336 3305 511 3385 exemplum
534 3303 713 3371 Dindonius
746 3308 778 3370 in
801 3306 836 3370 Il.
860 3307 965 3372 XXIV
989 3306 1051 3372 267
1073 3326 1131 3390 pro
1156 3334 1247 3396 πρω-

128 3408 275 3493 τοπαγέα
320 3403 481 3493 πείρινθα
525 3409 674 3472 resumsit
715 3416 932 3497 πριαιοπαγῆ,
978 3415 1011 3474 et
1045 3409 1247 3478 Hermannus

131 3509 244 3591 Opuse.
266 3507 312 3574 Vl
333 3509 367 3572 P.
391 3509 406 3572 l
432 3507 490 3573 165
514 3511 655 3591 regulam
678 3513 824 3590 condidit,
848 3511 876 3576 si
897 3512 991 3592 longe
1013 3512 1136 3595 syllaba
1157 3519 1246 3579 ante·

130 3612 231 3691 cedat
254 3612 507 3677 terminationem
529 3614 684 3695 integram
707 3619 749 3686 {J
771 3620 943 3694 servatam,
976 3619 1049 3696 post
1070 3614 1151 3680 dues
1173 3634 1249 3682 vem

128 3714 240 3779 breves
262 3717 294 3779 in
317 3719 341 3800 η’
357 3719 551 3779 contractum
573 3733 643 3781 esse
666 3724 699 3781 et
719 3722 887 3798 propterea
907 3716 1016 3784 Τυδέα
1039 3717 1133 3782 scribi
1156 3737 1248 3801 oper·

128 3824 197 3883 tere
231 3823 264 3882 et
286 3818 517 3904 φιλομμειδέα,
554 3821 736 3905 Μηκιστέα,
770 3819 826 3884 sed
850 3815 1027 3906 αἰφρσγενῆ,
1062 3828 1250 3909 κυπρογενῆ

130 3922 161 3986 in
173 3921 304 3986 Hesiodi
325 3920 410 3985 loeis.
457 3918 519 3984 Sed
541 3920 600 3986 hoe
622 3926 671 3986 est
692 3923 813 3986 incerte
834 3923 962 3988 incertis
983 3920 1137 4004 probare·
1165 3924 1250 3990 Ante

129 4026 268 4090 vocalem
301 4030 413 4105 poetae
446 4023 637 4102 antiquiores
671 4023 766 4104 alpha
788 4026 909 4091 elidunt
930 4025 1049 4107 potine,
1084 4045 1180 4107 quam
1214 4034 1252 4093 nt

132 4180 385 4190 --—----.-.-..-.—-=

199 4264 227 4324 3)
245 4267 316 4317 Pura
333 4272 360 4316 et
376 4281 428 4315 non
447 4281 514 4331 pura
532 4266 668 4317 confundit
685 4265 767 4319 schol.
785 4268 864 4322 Arist.
883 4268 969 4320 Nnbb.
989 4265 1058 4321 1238
1085 4265 1115 4319 rb
1136 4270 1211 4338 χαός
1229 4273 1255 4324 ε1

130 4351 308 4416 neolauritae,
326 4346 383 4402 α’πὸ
402 4351 449 4402 σοῦ
463 4347 544 4419 χοεύς
564 4349 646 4403 ἐστιν·
661 4353 729 4419 lobs
747 4348 801 4421 γὰρ
821 4346 941 4423 ὤηειλιν
958 4347 1029 4407 εἶναι
1048 4349 1086 4413 eie
1103 4355 1200 4423 ἱππῆς.
