2736 4778
312 354 378 421 ΒΕ
398 349 677 420 PARECTASI.
720 350 761 419 C.
781 351 844 420 lv.
870 354 896 437 ξ.
912 350 943 417 5.
1112 356 1185 427 451

73 541 196 610 Suidas
217 563 244 605 s.
265 533 491 623 Ἀστρονομία
513 536 561 601 eit
587 529 606 603 ὁ
628 534 666 603 lx
686 538 753 603 vor
777 525 923 620 rimosus,
951 556 1060 621 neque
1088 545 1188 603 testea

73 641 253 709 admodum
271 638 458 705 luculentos
475 634 579 703 hebet
600 634 775 724 παρθένος
795 627 930 721 &motio
954 635 1072 720 Syrios.
1089 637 1188 704 Prov.

73 745 119 810 Π.
143 744 217 810 124.
238 742 275 807 id
300 751 351 806 est
370 740 528 817 Astraea,
553 731 707 825 ἆστρῷος
728 732 816 802 κύων
834 735 965 802 Aneed.
985 735 1092 804 Bell.
1115 737 1191 817 680,

72 846 126 913 20.
145 838 308 930 &eupoleos
329 839 490 929 κινήσεων
512 837 635 905 zosim.
657 837 685 902 I.
711 836 740 901 1.
763 856 849 923 quae
872 836 928 905 alii
957 837 1053 904 aliter
1080 837 1191 905 termi-

74 957 157 1011 nent
168 938 310 1029 ἀστερία
327 935 789 1022 11μαξαοι11.Ὲτ.ΟΧΙΝΙΙ.
800 942 900 1026 κῆτος
911 932 1070 1025 &orsorio
1079 939 1192 1008 Noun.

74 1046 193 1114 XXV.
218 1042 291 1109 121.
333 1040 492 1127 Ejnstlern
513 1041 581 1107 lere
606 1037 806 1125 digestionis
828 1051 879 1106 est
899 1039 1036 1107 alterum
1062 1042 1194 1124 μαστὸς

76 1141 230 1235 inoppino
252 1144 362 1229 Etym.
391 1140 481 1211 (iud.
508 1141 589 1220 381,
616 1140 670 1207 30.
696 1137 844 1224 ἐμβάδας
867 1138 910 1209 τὰ
938 1135 1074 1230 &oppa
1103 1137 1191 1210 ὓπο-

78 1241 213 1335 δὴματα
239 1244 358 1311 Zonar.
379 1243 453 1310 too.
474 1244 630 1329 idemque
652 1240 742 1309 Xon.
767 1242 850 1310 Oeo.
878 1240 944 1310 lX.
970 1242 1002 1308 6.
1029 1242 1064 1308 in
1095 1245 1192 1312 lunt.

79 1368 140 1434 pro
161 1339 298 1431 ἀνδρεῖα
320 1345 478 1433 seriptum
499 1356 613 1412 eontra
626 1343 813 1409 Attioorum
832 1365 945 1420 nsum3
967 1343 1192 1431 Hippocrates

76 1448 161 1513 Mul.
183 1447 212 1513 1.
230 1445 304 1513 686.
326 1446 368 1513 Τ.
389 1446 437 1514 11.
458 1448 503 1533 (e.
525 1447 584 1525 87,
615 1444 678 1511 211
704 1444 822 1530 Lino.)
855 1445 974 1510 eodem
995 1445 1069 1511 loeo
1091 1442 1191 1536 νοσή-

74 1572 168 1631 ματα
179 1540 320 1631 ἀνδρικά
329 1559 362 1613 et
372 1542 505 1636 ἇνδρῷα
517 1547 610 1626 dixit.
622 1546 683 1611 sed
695 1549 853 1632 πατρῷος
863 1545 1191 1635 diversuruauarpr-

76 1644 137 1726 κός
145 1657 179 1713 et
193 1642 338 1735 πάτριος
351 1648 551 1715 intellectum
561 1648 684 1715 babent
699 1670 730 1713 v.
741 1646 867 1714 Corees
884 1648 927 1713 sd
941 1648 1075 1715 Heliod.
1093 1672 1128 1736 p.
1138 1651 1192 1716 42.

75 1760 108 1814 et
133 1748 290 1836 lnterprr.
323 1749 367 1814 ad
394 1750 534 1817 Lucian.
564 1748 728 1816 Pseudos.
760 1752 787 1836 ξ.
814 1749 912 1836 li.²⁸)
951 1750 986 1817 Α
1006 1749 1193 1818 nominibus

75 1841 152 1932 in}
175 1851 401 1917 desinentibus
422 1851 657 1938 monosyllabis
678 1853 837 1937 θρακῷος
858 1851 966 1918 Nieet.
987 1853 1076 1918 Ann.
1089 1854 1117 1919 1.
1139 1856 1192 1935 21,

75 1954 150 2023 380.
173 1954 285 2023 schol.
296 1953 337 2019 ll.
347 1953 479 2020 11836.
498 1975 559 2040 pro
575 1973 642 2038 quo
658 1951 785 2036 antiqui
803 1948 949 2040 θρᾴκιος
966 1952 1193 2042 dixeruntss),

77 2060 250 2142 προικῷος
269 2055 361 2141 apud
382 2055 559 2144 scriptores
592 2053 740 2138 ejusdem
767 2063 869 2117 notae
893 2054 1196 2142 temenieumquea

76 2155 228 2222 Lueiano
248 2155 360 2221 fletum
381 2160 542 2222 Νοκτιῦον
560 2156 603 2222 V.
629 2156 676 2220 Η.
697 2155 743 2221 11.
766 2153 819 2219 33.
852 2151 906 2217 eui
934 2174 1023 2222 nuno
1049 2156 1117 2223 iota
1138 2182 1194 2227 so·

78 2257 189 2324 cessit
231 2248 413 2323 Aneutris
440 2254 476 2321 in
497 2243 623 2335 o‘9duo
646 2259 789 2344 κητιῦος,
824 2253 915 2338 quod
934 2254 1131 2326 Sohaelerus
1151 2262 1195 2328 ad

78 2353 169 2446 κητώ
189 2356 358 2436 relerebtt,
380 2367 415 2423 et
436 2357 602 2444 κερδῶος,
619 2365 792 2441 utriunque
811 2354 846 2419 in
865 2356 953 2423 Eud.
976 2356 1054 2426 sine·
1070 2349 1096 2426 ἶ
1114 2363 1193 2428 sori-

79 2471 182 2548 ptum,
203 2456 268 2526 lroe
289 2480 349 2547 per
369 2447 396 2525 ο
413 2458 565 2543 κερδοῖος
587 2457 622 2523 in
643 2458 746 2523 lneer.
769 2455 970 2525 Thessalioa
1013 2461 1101 2527 lllud
1120 2474 1195 2530 ante

76 2558 311 2630 Diosooridem
330 2558 413 2625 Mat.
435 2556 561 2625 11192.
586 2559 690 2644 (102.)
712 2559 787 2625 432.
811 2580 880 2624 non
908 2560 1088 2640 invenimr,
1120 2586 1196 2631 nam

77 2661 275 2729 Aristotelen
302 2671 335 2726 et
355 2658 503 2728 Galenus
531 2657 682 2750 κητώδης
703 2658 858 2727 dixerunt
880 2673 918 2725 ut
944 2655 1114 2753 ἀλυώδης,
1145 2668 1196 2731 λι-

78 2759 212 2852 aesopo,
243 2756 390 2851 ὀξώδης,
415 2760 576 2827 Moschus
601 2757 741 2848 κήτσισς.
784 2762 936 2828 Alterum
962 2777 1014 2830 est
1036 2766 1196 2833 Mercurii

78 2862 250 2953 epitheton
269 2862 438 2949 Lyoophr.
460 2863 533 2928 208.
555 2860 695 2928 Lueian.
715 2862 802 2929 Tim.
824 2867 850 2949 ξ.
872 2865 925 2931 41.
946 2865 1087 2953 Meeph.
1109 2868 1195 2934 Pro-

79 2988 192 3054 gymn.
214 2965 256 3031 T.
279 2962 303 3029 1.
325 2964 406 3043 522,
433 2964 486 3030 29.
508 2964 560 3030 ed.
582 2962 691 3031 welz.
716 2964 807 3029 unde
835 2964 899 3033 alio
927 2967 1090 3030 transtulit
1110 2968 1196 3034 Gre-

79 3068 195 3156 gorius
222 3066 306 3132 Noa.
335 3062 444 3132 carm.
473 3064 521 3130 X.
550 3065 659 3165 hm·
682 3066 723 3129 Β.
753 3059 882 3151 κερδώη
909 3061 1090 3154 δουλοσύνη
1120 3069 1196 3156 (p'ro

78 3163 268 3255 δολοσῦνη).
311 3166 346 3232 Α
365 3166 489 3232 neutris
510 3167 546 3231 in
566 3192 615 3246 μα
638 3165 716 3243 duo,
737 3167 922 3246 σωματῶος
942 3185 962 3228 a
983 3165 1197 3253 scriptoribus

79 3268 265 3336 christianis
293 3268 458 3333 inveotum
487 3276 521 3332 et
546 3263 727 3353 ἁρμασῶσς
746 3264 859 3352 Apoll.
888 3266 972 3331 Lex.
1003 3289 1029 3333 s.
1050 3273 1197 3355 Πρωτο-

79 3366 207 3459 nortis,
237 3369 290 3436 eui
319 3378 465 3457 praestat
493 3364 684 3454 ἁρμασεῖος.
727 3368 762 3433 Α
784 3367 1009 3433 terminatione
1034 3357 1199 3449 Eunum

78 3475 235 3556 praescios
252 3469 419 3537 Aristoen.
441 3466 466 3537 1.
491 3470 542 3549 10,
563 3466 616 3535 49.
637 3468 762 3556 Ageth.
783 3470 848 3556 Ep.
869 3468 931 3535 lX.
951 3467 1055 3537 Anth.
1067 3473 1110 3542 V.
1123 3473 1197 3542 296.

78 3572 192 3638 Noun.
211 3570 269 3639 Vl.
295 3572 367 3638 104.
390 3572 556 3660 peculiare
577 3571 658 3637 illud
683 3569 850 3657 Apollinis
880 3591 1064 3656 cognomen
1092 3575 1149 3661 qui
1178 3600 1199 3645 u

79 3671 296 3762 scriptoribus
320 3672 464 3739 classicis
484 3678 641 3758 μαντεῖος
660 3671 770 3738 voeari
789 3671 888 3751 solet,
916 3682 949 3738 et
968 3670 1045 3742 huie
1062 3679 1198 3766 aequale

77 3770 257 3864 μανιώδης
278 3796 299 3840 a
319 3774 452 3841 nomine
475 3775 568 3860 eujus
589 3795 697 3860 neque
720 3772 834 3840 ultima
845 3773 951 3863 primi
972 3798 1067 3845 easus
1089 3802 1197 3866 neque

80 3875 262 3963 penultima
291 3876 427 3943 secundi
450 3864 478 3945 ο
502 3874 629 3943 mloron
656 3876 817 3954 eontinet3
856 3899 932 3944 nam
962 3881 1152 3968 appellativi
1177 3874 1197 3967 ἡ

149 4047 198 4114 tl)
210 4043 354 4117 Μητραός
364 4045 466 4101 Pollux
478 4047 593 4121 quidem
604 4046 655 4099 lll.
676 4046 717 4098 11.
730 4044 837 4116 pariter
852 4047 957 4117 probat
975 4052 1060 4115 utque
1072 4050 1200 4118 μητρῴας

78 4133 133 4187 sed
145 4132 298 4204 scriptores
312 4130 500 4202 elegantiores
512 4131 668 4186 fastidiunt.
695 4130 757 4185 Neo
768 4140 915 4201 receptum
926 4137 970 4184 est
980 4128 1101 4201 μήτρως.

150 4220 195 4283 27)
209 4217 266 4274 Pro
279 4225 421 4290 θρᾳκείων
434 4218 541 4278 Julian.
556 4217 606 4271 Or.
620 4216 658 4271 ll.
673 4218 714 4272 52.
729 4220 754 4272 o.
769 4220 825 4271 hoc
836 4215 930 4287 potius
942 4219 1103 4287 ponendum
1115 4236 1200 4290 quam

81 4300 230 4375 θρακῴων.

923 4386 965 4450 29
972 4390 985 4417 t
