2736 4778
201 361 267 427 DE
287 357 558 425 PROSTHESI
579 356 642 422 ET
664 355 927 422 APHAERESI.
963 355 1001 421 C.
1018 357 1096 422 Vll.
1149 362 1218 434 121

102 541 193 631 ἷίιιβη
222 539 240 633 ᾗ
270 548 330 631 τῆς
352 538 451 627 ίιοος
468 537 576 627 ὀφρῦς
603 551 636 605 et
657 534 773 623 ίίμβων
793 540 903 605 umbo.
947 539 1150 626 Ambiguum
1171 552 1223 608 est

89 646 198 726 ‘'Etuo
215 644 390 723 σανίδιομα
405 649 514 705 σίτων
533 640 619 705 idem
642 640 799 726 citatque
818 642 934 723 σέλμα,
957 642 1047 725 quod
1066 663 1107 706 ex
1130 642 1221 721 σελίς

102 746 285 811 derivatum
307 742 421 806 dicunt
439 741 518 808 EM
530 741 739 828 proprieque
766 741 950 807 tabidatum
971 742 1148 827 significat,
1177 766 1220 808 an

100 848 214 933 potius
236 842 341 909 sedile
361 855 399 907 ut
424 840 519 909 Ἕλλα
545 845 697 929 καθέδρα
724 855 757 907 et
787 842 899 907 labieli
922 852 1052 906 auctum
1081 844 1219 928 σφέλας.

102 947 210 1030 Quod
243 954 346 1009 restat
362 936 510 1029 Ὄμβρος
535 944 699 1030 χοιρίδιον
729 954 762 1007 et
787 941 941 1028 Σύμβρος
971 940 1104 1029 κάπρος
1132 944 1222 1027 (ante

102 1044 282 1130 Σοβώτας)
315 1043 470 1129 originem
511 1041 635 1109 habent
664 1067 684 1107 a
718 1043 880 1109 vocabulo
916 1043 1047 1110 biformi
1081 1044 1221 1130 dequo

103 1145 220 1213 Schol.
239 1145 340 1210 Arist.
359 1143 444 1210 Aah.
468 1143 540 1210 749.
564 1146 669 1231 (741.)
692 1135 731 1213 ὗν
752 1145 812 1212 ἐπὶ
832 1143 990 1232 θηλείας,
1018 1151 1079 1213 σῦν
1104 1146 1141 1213 δὲ
1163 1146 1223 1215 ἐπὶ

102 1240 259 1335 ίίρρενος·
282 1246 452 1333 κέχρηνται
475 1244 513 1312 δι’
535 1240 744 1332 ἀδιαφόρως,
766 1268 874 1330 neque
897 1245 965 1309 ulla
987 1257 1037 1310 est
1056 1246 1220 1313 distinctio

97 1347 319 1412 derivatorum
341 1344 461 1431 συηνία
485 1344 541 1412 καί
562 1342 660 1432 ὑηνία
676 1347 757 1411 ΕΜ.
777 1343 887 1433 ὑώόνγς
908 1343 1048 1434 σκιώδης,
1070 1346 1222 1436 ὑφορβός

97 1443 294 1536 σσοφορβός
315 1455 377 1511 etc.
422 1444 525 1527 Quod
552 1467 629 1510 vero
651 1446 844 1512 Athenaeus
877 1458 989 1522 namot
1005 1449 1070 1513 III.
1092 1450 1143 1513 94.
1174 1450 1220 1514 Ε.

99 1548 137 1614 τὸ
159 1545 287 1632 σιαγαίν
308 1545 342 1613 οἱ
366 1546 422 1614 διὰ
444 1534 547 1611 cotia
571 1542 770 1633 ἐκφέροντες
796 1543 868 1612 κατ’
899 1543 1078 1631 ἀναλογίαν
1107 1549 1222 1630 λέγου-

100 1671 152 1713 σιν
175 1643 246 1715 αἰτιὸ
267 1649 331 1714 τοῦ
352 1643 422 1725 ὑός,
445 1645 638 1712 Eustathius
659 1647 706 1710 ita
723 1649 860 1733 accepit,
883 1646 944 1712 hos
969 1643 1081 1731 ὖαγών
1098 1648 1221 1715 dixisse

99 1758 136 1811 ut
153 1753 215 1825 σῦς
235 1757 270 1812 et
291 1737 337 1825 ὗς,
363 1747 422 1812 sed
443 1747 512 1811 iota
535 1748 624 1811 unde
647 1750 771 1813 venerit
791 1772 858 1816 non
883 1748 1035 1835 explicat,
1059 1772 1166 1835 neque
1185 1751 1221 1815 id

97 1849 260 1936 reperitur
287 1847 352 1912 nisi
380 1847 414 1910 in
441 1847 555 1933 ignoto
588 1842 732 1928 Sino-1²²9
753 1850 919 1928 Λάκωνες
940 1853 1021 1916 Hes.
1056 1851 1220 1937 Siagones

97 1971 175 2015 vero
197 1949 287 2015 unde
309 1948 539 2013 denominatae
563 1949 628 2013 sint
650 1972 717 2014 non
738 1952 846 2016 minus
870 1950 1101 2036 inexplicabile
1124 1974 1222 2034 quam

99 2050 241 2137 θιαγιίν,
264 2051 355 2134 quod
376 2049 487 2132 aliqua
510 2072 551 2113 ex
577 2061 671 2134 parte
692 2051 739 2114 illi
765 2051 920 2116 cohaeret
941 2073 972 2114 v.
994 2048 1163 2136 Aglaoph.
1187 2075 1220 2138 p.

101 2152 197 2214 1071.
243 2152 310 2217 Pro
339 2148 588 2236 Aristophaneo
617 2145 711 2228 ίλλός
739 2153 914 2236 γεγένημαι
936 2151 1130 2237 προςδοκῶν
1152 2151 1220 2216 Le·

101 2250 262 2338 xiphanes
284 2252 477 2318 Lucianeus
499 2255 525 2336 ξ.
544 2252 575 2316 3.
599 2250 765 2316 substituit
787 2251 901 2330 σίλλος
920 2248 1070 2341 (σιλλςίς)
1092 2254 1221 2341 γεγένη-

100 2353 166 2435 μαί
190 2377 229 2420 σε
246 2357 445 2440 περιορῶν,
475 2352 566 2438 quod
595 2353 790 2436 adjectivum
813 2353 890 2438 quia
911 2351 989 2417 alibi
1010 2375 1077 2418 non
1100 2355 1220 2439 legitur

99 2454 369 2520 Hemsterhusius
392 2453 427 2516 in
451 2450 541 2532 ίλλιίς
560 2454 697 2519 mutavit
718 2455 778 2520 sed
800 2455 985 2520 defenditur
1006 2475 1148 2538 persona
1167 2456 1219 2520 lo·

99 2556 240 2639 quentis.
292 2554 539 2623 Substantivum
567 2555 680 2634 σίλλος
706 2561 865 2624 cavillatio
888 2576 987 2639 quam
1009 2556 1219 2639 conjunctum
1272 2631 1286 2648 l

99 2658 143 2720 sit
174 2656 336 2742 adjectivo
370 2652 462 2735 ίλλός
498 2657 591 2722 timus
624 2657 833 2743 cognoscitur
864 2678 907 2719 ex
932 2653 1040 2720 verbis
1066 2657 1219 2744 utrinque

99 2758 254 2823 derivatis
287 2754 458 2835 ίλλαίνειν,
488 2756 682 2840 ἐπιλλίζειν,
713 2755 894 2825 σιλλαίνειν
923 2755 961 2823 τὸ
986 2756 1043 2823 διὰ
1070 2763 1136 2825 τῶν
1155 2756 1222 2848 ὀφ-

99 2862 243 2942 θαλμῶν
262 2853 439 2935 σκώπτειν,
460 2859 593 2924 σιλλοῦν
614 2858 650 2922 τὸ
674 2856 752 2936 τοὺς
773 2853 975 2944 ὀφθαλμοὺς
998 2852 1107 2944 ἠρέμα
1125 2884 1221 2944 περι·

98 2960 218 3046 φέρειν
246 2956 347 3022 Phot.
375 2957 480 3044 sigma
514 2959 721 3046 praeposito,
755 2982 823 3023 non
851 2969 888 3021 ut
915 2958 1036 3022 Pollux
1064 2960 1221 3025 ariolatur

100 3057 199 3142 παρὰ
232 3055 271 3123 τὸ
305 3056 406 3125 σείειν
437 3057 515 3137 τοὺς
551 3057 665 3137 ίλλους
702 3059 854 3124 τουτέστι
889 3057 968 3132 τοὺς
1007 3053 1221 3143 ὀφθαλμούς.

98 3163 311 3226 Postremum
330 3158 427 3244 hujus
448 3160 577 3244 generis
601 3169 652 3224 est
673 3156 837 3243 Συρίσκον
854 3193 897 3204 —-
918 3156 1004 3233 τινὲς
1031 3156 1067 3221 δὲ
1087 3152 1224 3243 ὑρίσκον

100 3264 182 3327 Hes.
209 3259 328 3346 quibus
360 3260 472 3325 affinia
501 3261 594 3325 attuli
618 3260 653 3324 in
672 3259 774 3324 Proll.
792 3259 866 3323 337.
880 3257 935 3343 ⁴¹)
979 3256 1034 3323 Ab
1065 3257 1116 3322 his
1143 3280 1220 3324 vero

100 3363 247 3446 quamvis
283 3361 370 3427 tenui
402 3382 495 3425 muro
528 3362 708 3448 intersepta
745 3371 822 3424 sunt
853 3383 939 3446 quae
972 3371 1030 3424 aut
1066 3359 1220 3426 termina-

101 3465 224 3530 tionem
250 3475 378 3529 mutant
403 3474 440 3528 ut
466 3461 580 3551 σίφαξ
606 3456 696 3540 ὄντος
725 3483 822 3526 sucus
852 3485 882 3526 v.
911 3461 1037 3526 Techn.
1059 3462 1134 3526 341.
1162 3461 1221 3549 ἕλη

170 3734 218 3802 41)
236 3731 395 3789 Herodiani
412 3731 501 3784 verbo
513 3730 608 3784 Schol.
621 3729 674 3785 ΙΧ.
688 3729 797 3812 ὅλα-τὸ
811 3716 900 3802 ε-πρὸ
919 3733 968 3786 τοῦ
980 3718 1054 3786 {oti
1073 3730 1224 3787 δασύνεται

100 3820 126 3872 ελ
145 3815 184 3885 wi
205 3821 247 3887 εἴη
267 3815 463 3888 ἀντωνσμικὸν
483 3816 513 3877 ἓξ
530 3813 668 3884 ἀποβολῆς
689 3818 736 3870 τοῦ
758 3832 776 3869 σ
798 3818 881 3871 σέθεν
902 3815 983 3886 ἓθεν,
1009 3816 1078 3871 nihil
1100 3816 1219 3887 amplius

100 3902 248 3957 continent
261 3903 317 3957 'nisi
332 3918 491 3976 pronomen
508 3903 648 3955 secundae
663 3919 802 3973 personae
816 3901 905 3972 sigma
915 3902 1031 3966 habere,
1049 3901 1148 3956 tertiae
1166 3897 1223 3979 spi:

100 3988 186 4041 ritum
203 3988 299 4042 modo¹
342 3987 389 4042 Sic
409 3986 492 4042 etiam
511 3986 577 4040 ΕΜ.
592 3988 655 4052 oto,
672 3988 712 4041 10.
733 3985 788 4041 ἀπὸ
810 3989 858 4042 τοῦ
876 3984 967 4041 πόθεν
986 3986 1110 4057 ἀποβολῇ
1130 3984 1180 4038 τοῦ
1202 4003 1225 4038 π

99 4071 177 4140 ὅθεν,
192 4075 236 4126 καὶ
253 4067 414 4141 δασύνεται,
430 4073 482 4127 sed
499 4089 581 4126 nemo
600 4072 719 4127 alterum
736 4090 771 4127 ex
787 4071 877 4126 altero
892 4078 984 4126 ortum
1001 4068 1112 4123 dixerit.
1139 4068 1222 4125 Haec

101 4166 169 4211 sunt
182 4158 280 4212 brevia
295 4158 408 4213 scholae
425 4156 592 4229 compendia
611 4159 647 4210 ed
666 4158 763 4213 oculos
780 4158 868 4227 magis
886 4174 969 4228 quam
987 4156 1023 4207 ed
1040 4152 1161 4209 animum
1180 4152 1223 4209 di·

98 4250 180 4298 recta
198 4250 230 4296 ut
247 4243 385 4315 pleraque
404 4244 573 4297 anodromae
594 4241 732 4313 exempla.
