2736 4778
155 359 219 433 DE
240 358 510 430 Paosrflnsl
529 361 591 427 ET
613 361 875 431 APHAERESI.
902 363 941 431 C.
959 365 1000 434 V.
1023 368 1049 451 t.
1061 364 1091 431 2.
1141 370 1191 444 85

78 550 162 615 latur
176 547 371 621 Philoxeno,
393 541 471 628 ὄχεή
490 554 598 609 autem
620 545 755 611 similem
772 547 904 630 quidem
922 550 1192 634 significationem

79 651 139 717 sed
167 651 327 716 diversam
356 644 515 732 originem
539 643 677 725 habere,
705 668 866 732 quaenam
886 670 925 714 ea
941 652 984 730 sit
1004 652 1110 737 dicere
1133 655 1191 720 ds·

82 754 250 839 dignatum
269 749 330 815 sed
344 745 472 815 videtur
486 745 618 813 verbnm
635 743 720 831 ἔχειν
733 748 928 835 significare.
949 750 1040 816 Inter
1050 747 1192 836 ὀρόασω,

79 847 184 940 ϊῖρυγξ
205 862 238 918 et
265 848 383 936 ῥύγχος
407 847 564 933 numquid
585 850 769 916 commercii
791 851 973 918 intercedat
996 851 1140 920 dubitavi
1159 854 1194 923 'ur

81 953 208 1019 Techn.
240 951 313 1017 303.
347 942 525 1040 Ὀρῥωδιῖν
552 961 586 1015 et
613 945 775 1040 ἇρῥωδεϊν
804 953 952 1019 nonnulli
984 954 1127 1021 referunt
1151 955 1195 1022 ad

82 1055 220 1140 stirpem
250 1051 405 1118 exoticam
431 1052 492 1117 rod
518 1049 640 1118 timere.
685 1047 808 1138 Ῥάμνα
836 1055 905 1122 sivo
930 1051 1055 1144 ῥάμνος
1079 1054 1117 1122 id
1145 1067 1195 1122 est

84 1156 179 1231 talea,
203 1167 326 1231 termes,
348 1151 437 1238 apud
461 1152 636 1240 scriptores
657 1153 784 1222 mediae
802 1156 916 1222 aetatis
939 1156 1091 1223 convenit
1109 1157 1193 1223 anti·

82 1255 156 1341 quis
189 1254 371 1343 ῥάδαμνος,
399 1249 583 1340 ρόδαμνος,
611 1248 758 1340 ioannes
780 1267 812 1322 et
840 1253 1044 1343 ὀρόδαμνος,
1073 1257 1193 1345 quibus

80 1364 220 1442 cognata
242 1362 320 1418 sunt
341 1373 467 1431 tumus,
497 1351 611 1439 ῥάδιξ,
630 1353 770 1444 ῥάβδος,
796 1356 914 1446 panis,
942 1360 1049 1435 medio,
1078 1363 1192 1436 ridicu.

79 1458 138 1524 sed
169 1456 267 1542 stirps
301 1474 387 1540 quae
415 1452 512 1518 inerit
541 1453 633 1523 haud
664 1455 758 1524 facile
789 1456 930 1525 inventu.
979 1453 1136 1543 Ὀλιβρός
1161 1471 1193 1529 et

78 1555 222 1636 ι’)’λιαθος
240 1554 481 1625 inmutato.
501 1554 577 1622 adn.
594 1557 689 1624 retuli
704 1559 747 1624 ad
765 1555 851 1644 γλία,
871 1558 1023 1644 γλίσχρος
1044 1561 1193 1629 amica.

77 1661 250 1726 Postrema
272 1656 369 1742 hujus
392 1656 621 1745 disputationis
643 1680 719 1747 pars
743 1670 951 1727 consumetur
969 1660 1005 1727 in
1026 1659 1192 1729 vocabulis

78 1784 217 1848 quorum
246 1759 442 1848 principium
472 1770 523 1826 est
547 1758 678 1827 vocalis.
730 1758 815 1828 Cum
838 1755 986 1842 Ἐξάόιας
1006 1772 1040 1830 et
1057 1757 1194 1851 Ὀβριά-

78 1888 172 1950 ρεως,
188 1884 327 1949 quorum
341 1860 423 1928 ittud
438 1861 611 1948 integrum,
631 1858 695 1930 hoo
710 1874 840 1929 auctum
855 1862 1028 1950 perhibent
1043 1881 1192 1933 auotores

79 1987 179 2053 supra
211 1964 314 2042 citati,
341 1963 453 2033 Schol.
483 1963 524 2031 IL
545 1963 574 2030 Ι.
595 1963 670 2030 264.
697 1975 731 2029 et
750 1964 831 2029 EM.
853 1964 926 2041 346,
946 1965 999 2030 40.
1022 1965 1194 2031 conferunt

74 2063 204 2144 Ὀϊλεύς
227 2079 260 2132 et
279 2060 394 2143 Ἰλαύς,
418 2064 510 2150 qnod
530 2086 649 2130 nomeu
669 2063 840 2129 Hesiodus
862 2065 991 2151 poetice
1013 2064 1130 2131 ludens
1151 2065 1193 2132 ab

78 2168 238 2252 adjectivo
273 2167 416 2252 aspirato
448 2163 546 2242 ἵλεως
576 2164 741 2231 arcessivit
768 2164 1011 2250 (Murukscheff.
1040 2167 1096 2234 Fr.
1117 2166 1191 2235 329.

77 2271 220 2336 Duentz.
244 2266 285 2332 de
301 2267 427 2332 Zenod.
444 2265 513 2348 45.)
536 2265 591 2333 alii
610 2266 747 2334 fortasse
763 2266 805 2335 ab
824 2263 878 2355 ἴλη
901 2279 938 2335 ut
949 2261 1047 2349 ''II-oc,
1066 2280 1100 2336 ct
1115 2269 1192 2337 hinc

80 2371 219 2457 primum
239 2363 353 2446 Ἰλεύς,
381 2379 449 2432 tum
475 2367 666 2454 pleonasmo
692 2363 823 2448 Ὀϊλεύς
854 2369 999 2436 extitisse
1027 2381 1190 2457 putarunt.

80 2473 140 2540 Sin
163 2471 226 2536 hoc
248 2469 444 2556 primitivum
465 2468 540 2548 tuit,
569 2469 609 2534 ab
638 2463 689 2550 οἷς
714 2470 782 2534 sive
805 2463 858 2549 ὄϊς
882 2470 1060 2537 derivatum
1082 2482 1132 2536 est
1156 2482 1193 2537 nt
1322 2505 1325 2509 ¹

73 2569 212 2658 Ὀϊκλῆς
242 2569 302 2635 sed
335 2568 480 2635 adhibita
512 2570 728 2658 productione
761 2581 798 2637 ut
827 2567 943 2656 οἴομαι
969 2566 1094 2654 ὀΐομαι.
1137 2572 1193 2641 De

78 2671 206 2739 duabus
228 2670 395 2736 sententiis
416 2671 496 2738 EM.
519 2672 592 2753 620,
614 2671 645 2740 8.
676 2667 789 2752 ὀϊστός
814 2670 909 2758 παρὰ
937 2672 974 2740 τὸ
1004 2670 1078 2759 ἵημι
1106 2672 1192 2741 κατὰ

78 2773 290 2858 πλεονασμὸν
319 2780 380 2843 τοῦ
404 2758 432 2840 ’ὅ
463 2766 485 2861 ἢ
517 2772 611 2861 παρὰ
642 2772 681 2841 τὸ
710 2769 792 2843 οἴσω
822 2783 965 2861 praestat
990 2773 1059 2839 sIne
1090 2772 1191 2841 dubio

77 2875 250 2962 posterior.
286 2875 341 2942 Ab
361 2887 500 2961 utroque
520 2873 627 2941 differt
648 2865 722 2954 οἶος
741 2869 876 2956 ὁμόνος
891 2874 985 2959 παρὰ
1005 2873 1042 2941 τὸ
1068 2871 1129 2953 ἰός,
1151 2864 1191 2941 οὗ

77 2979 115 3042 τὸ
148 2978 297 3063 θηλυκὸν
324 2974 371 3055 ἴα,
398 2976 483 3045 κατὰ
504 2971 716 3059 πλεονασμόν
736 2974 894 3060 Apollon.
915 2974 1003 3041 Adv.
1026 2975 1076 3040 70.
1102 2975 1193 3060 quod

80 3080 188 3145 Orion
212 3080 283 3155 123,
305 3079 335 3145 3.
359 3100 400 3143 ex
420 3076 604 3142 Herodiani
626 3074 839 3162 epimerismis
862 3074 1001 3161 profert3
1031 3097 1193 3160 nusquam

79 3181 164 3246 enim
197 3174 271 3278 ὄϊας
300 3179 461 3266 reperitur
492 3188 529 3242 nt
558 3172 681 3254 ὀϊστός.
734 3176 819 3242 Sunt
848 3199 924 3242 vero
955 3177 1035 3243 aliae
1061 3177 1191 3244 vocales

79 3281 198 3367 quibus
223 3308 241 3350 o
263 3281 388 3346 micron
408 3277 570 3368 praemitti
592 3287 738 3365 putatur,
764 3278 852 3345 volut
879 3278 969 3345 fluvii
998 3276 1108 3344 cretici
1136 3298 1191 3344 ιιι·-

77 3382 194 3468 bisque
212 3405 332 3449 nomen
344 3377 471 3463 ’Όαξης
490 3404 586 3468 quem
600 3381 791 3448 Herodotus
801 3376 902 3463 ’Ἀξον
916 3391 1013 3447 vocat
1027 3402 1068 3447 ex
1084 3391 1191 3468 etymo

78 3496 115 3549 ut
136 3484 323 3573 Stephanus
342 3483 517 3569 significat:
532 3477 664 3563 ’Όαξως
685 3481 771 3562 τινὲς
792 3481 849 3550 διὰ
872 3482 909 3549 cti
932 3487 1115 3571 καταγῆναι
1135 3483 1193 3553 scir

76 3583 183 3653 τόπον
204 3587 260 3651 καὶ
281 3584 512 3672 κατακρημνον
534 3578 711 3670 ὑπάρχειν·
735 3584 873 3651 καλοῦσι
895 3584 957 3671 γὰρ
985 3583 1063 3662 τοὺς
1083 3582 1192 3654 τοιού·

76 3712 156 3765 τους
177 3679 279 3767 ὄξους
300 3682 458 3773 καθάπερ
479 3682 536 3751 καὶ
557 3679 653 3771 ἡμεῖς
676 3678 815 3768 (intotis,
835 3685 937 3772 idque
960 3686 1113 3753 convenit
1132 3710 1190 3753 na·

78 3799 170 3854 turae
191 3787 256 3853 loci
273 3786 469 3873 confragosi,
490 3795 529 3852 ut
542 3787 643 3871 ajunt,
669 3794 768 3872 atquo
788 3787 896 3874 asperi
912 3787 1016 3872 quatis
1031 3789 1191 3857 Boeotiae

78 3888 156 3955 urbs
182 3889 393 3974 πολύκνημας
415 3883 572 3966 ’Basante
599 3911 630 3953 v.
661 3887 789 3956 Hoeck.
822 3890 913 3959 Creta
942 3890 970 3955 I.
996 3889 1070 3956 397.
1121 3887 1191 3955 sod

77 3992 236 4057 incertum
267 3999 374 4054 tamen
405 4011 448 4082 an
477 3987 558 4055 haec
583 4012 660 4055 vera
686 3990 730 4055 sit
753 3990 892 4056 nominis
921 3990 1009 4057 illius
1031 3990 1191 4075 interpre-

77 4093 168 4170 tatio,
194 4091 285 4179 quod
308 4091 444 4157 fortasse
465 4114 507 4157 ne
529 4113 682 4178 graecum
703 4093 834 4178 quidem
856 4101 905 4157 est
926 4092 985 4156 sed
1005 4089 1046 4155 ab
1072 4089 1190 4157 exteris

77 4195 210 4258 illatum.
255 4188 446 4278 Προμαὶχων
471 4188 627 4280 captoria
655 4191 695 4257 11.
724 4191 825 4259 XIII.
855 4192 928 4257 291.
954 4193 1101 4259 nonnulli
1127 4215 1188 4280 pro

78 4291 217 4380 ἄριστόν
250 4294 393 4384 posimm
426 4315 498 4362 csse
525 4303 708 4363 statuerunt
742 4315 809 4363 non
841 4292 911 4360 fleri
937 4315 1037 4385 posse
1063 4295 1125 4365 tati
1153 4306 1190 4365 ut
