2736 4778
141 364 202 433 aaa
487 446 496 462 .
520 364 799 434 nrssnanuno
822 367 892 434 vn

138 527 194 594 καὶ
218 528 282 615 πρὸ
305 525 415 618 τρίτης
438 526 645 613 ἀκμάσαντες
668 531 705 598 τὸ
728 527 933 617 ἀμετάβολον
944 527 1059 620 ’πάσης
1071 535 1212 620 γραφῆς
1222 527 1277 613 ἐξ·

138 624 304 718 ὥρισαν.“)
349 630 412 698 Sed
433 632 475 712 hi,
498 652 576 715 quos
599 653 713 700 novum
724 653 843 701 morem
854 635 1054 701 introducere
1077 634 1203 718 ctdpat,
1215 654 1274 718 po-

137 734 201 799 tius
222 739 362 801 veterem
384 736 529 818 maleque
553 737 714 802 desertum
736 729 936 805 renovaiunt.
981 738 1096 805 Atticis
1134 739 1273 821 quidem

137 837 230 904 litera
252 839 430 920 surreptiva
452 837 623 905 nauclere
645 839 790 909 abstersa
812 848 879 923 est;
912 844 945 908 in
967 847 1153 908 exterorum
1176 841 1272 909 libris

136 941 169 1006 iu
192 942 259 1007 dies
281 942 382 1023 magis
405 942 568 1025 magisque
597 943 738 1009 rarescit
784 944 877 1027 Apud
889 945 1022 1012 Dionem
1045 944 1159 1028 Chrys,
1183 964 1271 1028 quae

134 1044 322 1127 legebantur
342 1043 555 1132 μακαρίσειεν
576 1047 694 1112 τοῦτον
715 1045 732 1110 I
753 1065 783 1128 p.
806 1046 835 1112 8.
858 1045 908 1128 35,
932 1043 1061 1131 ἀγαθὸν
1095 1045 1282 1132 νενόμικεν,

136 1149 194 1238 τὴν
219 1147 335 1238 φιλίαν
359 1146 408 1214 ΠΙ
433 1146 502 1213 136.
529 1147 569 1212 12
592 1148 634 1231 (p.
658 1146 699 1213 63
722 1148 842 1232 Emp.)‚
877 1145 912 1215 εἴ
940 1176 1014 1216 τινα
1048 1151 1176 1219 ἔσωσεν
1199 1157 1269 1219 τῶν

136 1255 285 1320 πολιτῶν
305 1251 367 1318 Vll
390 1248 461 1317 242.
485 1249 572 1335 9·(p.
598 1251 666 1317 127.
695 1249 752 1335 26)
784 1253 920 1318 correxit
941 1253 1110 1335 Emperius
1143 1257 1268 1338 partim

135 1356 240 1437 tacite,
263 1356 379 1438 partim
402 1355 443 1421 ad
465 1355 590 1449 codices
609 1373 792 1437 provocans.
826 1352 966 1444 El'ppm
989 1351 1138 1423 παλαιόν
1157 1355 1267 1425 Strab.

134 1457 151 1523 1
173 1460 202 1544 ᾗ.
224 1458 266 1525 26
288 1480 318 1542 ρ.
341 1459 383 1525 33
405 1478 480 1525 num
492 1458 668 1525 Meiuekius
691 1459 793 1524 sciens
816 1459 936 1524 sciente
957 1459 1061 1525 animo
1081 1461 1267 1541 pertulerit,

134 1560 297 1643 paulrrlum
320 1562 442 1640 dubito;
463 1561 632 1627 novissime
643 1561 770 1642 quidem
792 1560 974 1643 inhlciphr.
996 1561 1046 1626 111
1067 1580 1116 1645 ep.
1143 1563 1186 1629 16
1207 1590 1265 1652 yo-

134 1670 222 1731 ρεῦσι
246 1662 373 1752 πυρούς
395 1663 499 1729 et111
522 1661 563 1728 58
586 1661 676 1750 ἔλεγε
699 1661 761 1751 γάρ
784 1664 910 1745 scripsit
931 1664 1027 1730 tacite
1051 1665 1160 1731 deleta
1188 1685 1265 1735 oon·

134 1785 220 1832 sona.
263 1765 323 1832 His
345 1784 404 1849 ego
427 1772 557 1848 propter
579 1768 747 1832 maximam
762 1767 977 1849 exemplorum
998 1767 1060 1833 buc
1082 1786 1264 1852 congruen-

133 1870 213 1935 tium
234 1867 444 1951 frequentiam
461 1868 553 1950 plene
575 1869 731 1951 planeque
752 1871 908 1936 assentior
930 1889 1032 1952 neque
1055 1870 1134 1937 mihi
1145 1891 1263 1955 persu-

133 1972 232 2038 adere
253 1991 392 2055 possum,
417 1976 541 2038 veteres
564 1972 649 2053 ipsos
671 1990 895 2056 nonnunquam
918 1973 1140 2041 inscribendo
1174 1977 1264 2044 vioes

133 2080 274 2142 mutasse
296 2075 346 2141 vel
368 2075 522 2141 suavioris
545 2075 613 2140 soni
635 2093 731 2140 causa
757 2078 808 2142 vel
829 2077 1072 2159 orthographiae
1094 2080 1264 2162 popularis

133 2186 226 2247 aestu
247 2180 435 2262 quandoque
458 2178 615 2259 abreptos.
659 2176 720 2243 illa
741 2179 868 2260 quidem
890 2181 1012 2246 ratione
1045 2181 1076 2244 in
1099 2183 1262 2250 consimili

133 2302 248 2366 genere
270 2284 370 2349 utitur
394 2281 539 2363 egregius
561 2279 652 2345 lenici
665 2278 1007 2363 Sophocleiconfector‚
1031 2300 1128 2364 quum
1151 2285 1260 2352 italu-

133 2387 225 2468 dicat.
237 2385 482 2468 Aristophanem
503 2384 536 2449 in
559 2382 694 2448 decursu
704 2402 814 2450 versus
826 2384 951 2450 iambici
964 2381 1099 2472 πρόσθε
1112 2393 1171 2453 νῦν
1201 2384 1259 2456 ἴθι

131 2490 280 2556 maluisse
303 2508 398 2572 quam
423 2485 585 2576 πρόσθεν,
608 2505 669 2550 uon
692 2505 753 2567 quo
776 2487 950 2568 spondeum
972 2488 1176 2569 improbaret
1200 2493 1261 2558 sed

131 2612 171 2659 ne
195 2594 256 2658 duo
278 2595 315 2659 νῦ
337 2592 513 2671 collideret,
548 2590 692 2670 idemque
720 2608 749 2671 p.
773 2587 845 2669 416,
880 2590 907 2655 si
941 2590 1124 2657 adverbium
1149 2591 1260 2674 οὕτως

131 2701 341 2777 anteponatur
362 2694 464 2760 literis
486 2698 557 2757 zeta
580 2696 613 2756 et
634 2692 743 2773 sigma,
771 2692 926 2774 insignem
948 2694 1083 2760 existere
1107 2699 1178 2762 soni
1201 2700 1257 2765 de-

130 2797 330 2863 formitatem.
375 2797 457 2862 Huic
479 2793 653 2861 velificatur
674 2795 802 2877 quidem
836 2797 933 2862 codex
955 2796 1088 2879 August.
1121 2800 1257 2883 primus,

131 2917 225 2982 quem
248 2903 285 2967 νῦ
308 2899 539 2983 ephelcysticon
562 2915 658 2979 saepe
681 2903 754 2962 ante
776 2898 882 2980 kappa
904 2905 937 2965 et
964 2901 997 2980 pi
1019 2899 1137 2966 babere
1162 2903 1255 2970 Reis-

130 3003 203 3070 kius
227 2986 358 3069 adnotat
380 3002 420 3067 ad
443 3001 532 3067 Dem.
556 3021 580 3065 c.
605 3001 725 3082 Aphob.
754 3000 826 3067 840.
860 3003 890 3081 2,
925 3007 957 3066 et
979 3005 1123 3068 convenit
1146 3008 1255 3088 etiam,

130 3107 216 3189 quod
236 3107 417 3172 Voemelius
440 3106 517 3171 dicit
538 3106 570 3169 in
598 3123 701 3186 progr.
724 3123 864 3186 gymnas
887 3104 1030 3170 Francof.
1053 3125 1124 3172 ann.
1152 3108 1254 3176 1853:

128 3209 351 3276 Demosthenis
375 3210 498 3275 codices
520 3209 618 3274 bonos
644 3212 667 3277 ἶ
692 3205 786 3272 finale
809 3209 901 3291 longe
935 3209 1062 3289 saepius
1095 3211 1254 3291 praebere

129 3331 225 3396 quam
247 3314 344 3378 libros
362 3315 445 3396 typis
458 3330 624 3394 expressos
635 3330 697 3375 non
721 3311 905 3376 solumante
918 3311 1051 3390 vocales
1074 3312 1131 3377 sed
1154 3315 1255 3381 ctiam

129 3423 203 3483 ante
225 3435 378 3482 consonas
401 3416 513 3480 mediis
535 3415 568 3479 in
590 3413 766 3493 commatis7
800 3433 934 3496 eamque
955 3415 1081 3479 literam
1116 3415 1148 3479 in
1183 3417 1252 3484 cod.

129 3519 371 3602 §frequentari
398 3524 471 3583 ante
493 3521 535 3598 ἶ,
559 3519 653 3603 §.312
675 3521 714 3604 ji,
738 3517 793 3583 sed
816 3518 1076 3583 acorrectoribus
1100 3536 1172 3583 esse
1195 3518 1252 3585 de·

127 3624 232 3688 letam.
279 3621 342 3688 Sed
363 3622 440 3687 mihi
461 3618 630 3703 reputanti,
664 3640 745 3703 quae
767 3621 799 3685 in
821 3620 946 3685 dissert.
985 3619 1022 3683 de
1044 3642 1175 3706 praece.
1199 3644 1252 3686 eu—

121 3723 219 3810 phon.
244 3726 341 3790 allata
364 3730 445 3805 sunt
469 3724 582 3790 Graeci
604 3726 636 3789 in
649 3724 870 3806 componendis
893 3728 925 3789 et
945 3723 1134 3790 collocandis
1157 3743 1252 3792 roca·

126 3828 210 3894 bulis
232 3834 298 3893 mm
321 3827 461 3892 diversas
484 3845 504 3892 a
525 3833 632 3894 nostro
656 3845 751 3894 sensu
773 3828 912 3894 rationes
935 3828 1062 3910 sequuti
1091 3826 1252 3910 videntur,

195 4017 222 4082 2)
240 4020 291 4070 His
310 4035 378 4086 quac
396 4019 535 4070 subiuncta
553 4026 614 4072 suut
630 4020 725 4072 verba:
744 4021 832 4070 καίτοι
850 4018 896 4070 καὶ
915 4013 993 4084 ἡμεῖς
1011 4015 1081 4072 κατὰ
1092 4015 1140 4085 τὴν
1152 4038 1251 4075 κοινο-

126 4107 208 4175 τέραν
226 4101 307 4173 ἡμῶν
326 4099 468 4158 διάλεκτον
486 4111 542 4163 τοῖς
558 4101 626 4170 μετὰ
645 4091 737 4158 cori}
765 4101 856 4157 πάντα
883 4107 1015 4173 λέγουσιν
1033 4104 1252 4177 ἐπισυρίηομεν

125 4193 263 4244 Beklrerna
281 4195 308 4243 in
327 4193 485 4242 contrarium
502 4195 580 4245 vertit
589 4193 755 4259 negationem
774 4194 892 4245 inserens
911 4197 967 4251 τοῖς
983 4188 1022 4255 pl
1040 4188 1168 4253 μεῐά-.
1200 4194 1252 4249 Ille

125 4279 181 4343 ipse
199 4285 287 4329 tamen
304 4295 335 4329 eo
353 4268 513 4334 nonutitnr.
541 4279 587 4331 sed
611 4295 682 4331 mora
701 4279 777 4331 colito
795 4280 887 4331 scribit
913 4272 1015 4350 ῥήμασι
1044 4279 1090 4331 καὶ
1118 4273 1253 4350 ὀνόμασι,

127 4360 220 4431 ἔχουσι
234 4363 357 4432 χρῆσθαι
376 4373 427 4417 etc.
446 4367 472 4414 in
491 4366 583 4431 quavis
600 4367 706 4433 pagina.
