2736 4778
21 411 30 427 ,
127 347 191 415 390
506 342 783 413 DISSERTAI'IO
804 342 892 412 VIII

126 511 211 579 anim
231 529 328 593 quum
350 510 491 576 dativum
509 504 666 597 Ὀδυσῆ’
693 504 868 577 donamur
889 506 948 576 ἔδυ
969 504 1059 597 φόος
1080 508 1160 575 sine
1183 524 1261 590 apo·

127 614 257 703 stropho
279 613 431 694 scriptum
451 612 632 694 invenisset,
653 613 714 679 hoc
734 612 785 694 ital
795 613 1036 695 intorpretatur:
1060 610 1099 677 cd
1128 610 1261 697 πλῆρες

123 712 259 802 Ὀδυσῆι
293 715 363 797 (καὶ
395 710 511 800 κράσει
529 710 668 804 Ὀδσοῇ)
701 711 748 793 ὡς
780 712 863 802 ἥρωι
895 711 994 801 (ἥρῳ)
1021 713 1261 794 Λαομέδοντι.

126 820 212 903 Ergo
249 818 461 884 controversIa
494 818 639 883 consistit
669 818 753 884 inter
785 817 875 883 clisin
898 817 1035 883 Atticam
1069 823 1104 883 et
1140 816 1259 883 uranu

79 952 83 961 ·
127 922 282 989 Iudicium
304 921 462 985 detrectat
483 919 688 1001 Aristonicum,
710 922 764 1002 qni
786 921 827 987 de
848 920 884 985 ll
902 918 1038 985 v11453
1060 919 1146 985 nihil
1170 918 1260 985 alind

127 1026 293 1107 expromit,
315 1023 377 1088 nisi
398 1023 692 1104 diplenappositam
715 1040 794 1104 esse,
817 1020 868 1089 iu
890 1018 1095 1106 δισυλλάβως
1117 1021 1161 1088 τὸ
1186 1019 1259 1111 ἥρῳ

129 1128 183 1193 καὶ
206 1126 241 1193 ἐν
259 1120 459 1214 Ὀδυσσείᾳ,
493 1124 589 1206 idque
621 1126 654 1191 in
675 1130 809 1209 utroque
831 1124 962 1192 Homeri
992 1126 1063 1192 loco
1095 1130 1134 1191 et
1156 1124 1257 1190 Arist

128 1231 205 1297 Avv.
230 1226 313 1294 1499
334 1227 458 1293 codices
479 1227 621 1293 nonnulli
642 1232 676 1293 et
698 1228 852 1294 editiones
885 1233 1011 1294 veteres
1041 1227 1140 1309 plene
1178 1226 1257 1293 scri·

127 1338 218 1415 ptum
240 1330 396 1408 exhibent
418 1329 451 1394 iu
472 1329 614 1395 Platonis
635 1334 743 1396 autem
764 1348 873 1409 versu,
905 1346 1001 1412 quem
1021 1328 1192 1411 designavi
1214 1327 1257 1393 ud

129 1434 243 1516 Pbryn.
270 1432 339 1511 159,
361 1432 428 1498 iota
448 1437 579 1512 mutum,
602 1437 640 1497 nt
660 1432 778 1499 Moeris
799 1432 896 1514 iubet,
918 1431 1077 1498 omittunt
1121 1430 1187 1496 His
1208 1431 1257 1496 lo-

129 1537 174 1602 cis
195 1533 394 1618 trisyllabum
415 1539 516 1600 metro
538 1534 724 1614 excluditur,
746 1552 783 1601 ac
804 1535 912 1617 Poppo
932 1552 974 1600 ne
982 1532 1164 1616 Thucydidi
1185 1532 1257 1617 qni-

129 1637 203 1703 dem
224 1636 380 1716 concedit,
414 1635 525 1701 sedin
548 1636 565 1701 l
589 1635 637 1702 11.
663 1636 676 1700 1
702 1634 846 1726 ἧρωῖκκ
875 1634 1013 1715 dubitat,
1027 1676 1031 1687 ι
1047 1654 1089 1701 an
1121 1632 1199 1724 ἥρῳ
1221 1660 1259 1702 κα

130 1739 331 1806 scribendum
363 1738 414 1804 sit
437 1736 480 1823 [v.
502 1737 586 1804 Diss.
608 1737 655 1805 VI
675 1758 706 1821 p.
728 1738 795 1825 48].
819 1774 856 1787 -
891 1736 1131 1804 Dubitationem
1166 1736 1258 1803 illam

130 1842 319 1909 Eustatlrius
333 1838 425 1908 1607.
445 1840 485 1909 19
506 1841 662 1908 ncnslert
682 1843 848 1908 adnomen
868 1858 931 1906 non
952 1858 1031 1923 pure
1043 1840 1258 1907 declinatum:

130 1941 283 2011 τοιούτου
298 1940 400 2031 λόγου
411 1942 481 2011 ἐστὶ
497 1943 553 2010 καὶ
564 1943 602 2009 ob
625 1941 758 2029 „ylico
780 1940 958 2037 ffxdoror‘ss
982 1943 1038 2010 scd
1059 1962 1090 2026 p.
1104 1942 1258 2011 169111

131 2049 232 2131 magle
254 2047 296 2115 ad
317 2064 478 2129 apocopen
498 2045 639 2128 inclinat,
660 2064 724 2129 qua
744 2064 843 2129 quum
864 2046 930 2112 iota
951 2046 1074 2111 excludi
1097 2046 1193 2127 dicit,
1215 2046 1257 2113 ab

131 2151 288 2234 aliquibus
310 2150 505 2231 adscriptum
526 2166 598 2215 esse
620 2134 790 2230 elgniflmt3
811 2148 908 2230 idque
918 2149 1035 2231 legitur
1055 2148 1088 2214 in
1110 2149 1259 2232 margine

131 2255 180 2322 ed
192 2253 288 2319 Basil.
301 2252 360 2318 Od.
373 2250 482 2319 XVIII
503 2249 544 2317 99
560 2250 662 2334 (too),
684 2268 788 2333 neque
803 2250 897 2316 aliter
917 2247 987 2317 fieri
996 2256 1111 2333 potest,
1135 2251 1206 2317 sive
1216 2252 1259 2318 ab

131 2358 239 2424 Attico
260 2355 378 2443 γέλως,
402 2357 459 2421 τοῦ
480 2352 566 2440 γέλω
588 2352 765 2420 derivatum
787 2358 851 2432 est,
874 2353 956 2433 siue,
978 2352 1063 2436 qnod
1084 2353 1258 2421 Buttman-

131 2478 192 2525 nns
214 2462 388 2542 praeoptat,
411 2457 452 2525 ab
475 2457 601 2524 Aeolica
622 2456 729 2542 γέλος;
756 2455 813 2521 sed
833 2453 965 2521 Wolfius
987 2459 1021 2520 et
1040 2454 1213 2522 Baklrerus
1236 2474 1257 2521 a

133 2562 290 2628 tralaticia
311 2563 468 2644 scriptura
489 2580 549 2627 non
572 2564 780 2626 recesserunt
806 2596 841 2604 -
868 2557 1067 2623 Simillimum
1090 2575 1168 2624 vero
1201 2576 1258 2624 no·

133 2684 206 2731 men
227 2665 259 2728 in
282 2665 423 2729 eiusdem
445 2664 517 2729 libri
541 2663 639 2727 ulli
659 2661 750 2744 (212)
772 2661 826 2725 ille
849 2659 925 2746 ἔρω
948 2660 1082 2742 scripsit,
1104 2660 1158 2726 hic
1181 2659 1258 2749 ἔρῳ,

134 2768 173 2832 de
195 2785 257 2848 quo
279 2764 350 2830 ΕΜ.
367 2764 439 2831 379.
462 2765 503 2829 52
527 2763 592 2850 Ipso
615 2760 713 2846 εἰμὲν
723 2762 821 2851 χωρὶς
845 2767 901 2828 τοῦ
930 2764 965 2838 Γ,
990 2758 1151 2846 ἀποκοπή
1167 2761 1259 2830 ἔστιν

134 2865 203 2935 ἀπὸ
228 2872 285 2955 τῆς
307 2866 431 2955 ἔρωτος
452 2870 580 2953 γενικῆς
601 2866 655 2932 καὶ
678 2862 774 2950 ἔρωτι
799 2868 941 2950 δοτικῆς·
969 2860 998 2928 εἶ
1020 2862 1057 2931 δὲ
1077 2863 1164 2945 μετὰ
1201 2857 1259 2933 τοῦ

134 2978 158 3053 ἶ,
185 2966 202 3035 ὃ
227 2970 310 3056 ἔρος,
333 2973 392 3035 τοῦ
415 2967 502 3055 ἔρον,
524 2972 571 3056 τῷ
594 2968 669 3056 ἔρῳ,
698 2973 731 3034 et
751 2970 811 3034 hoc
832 2967 1022 3032 Eustuthius
1044 2967 1258 3049 amplectitur,

134 3075 170 3140 τὸ
204 3074 263 3158 γὰρ
292 3072 376 3159 ἔρως
408 3067 531 3158 ἔρωτος
564 3065 604 3136 οὗ
637 3074 729 3141 δοκεῖ
760 3068 902 3156 γνωστὸν
922 3064 1065 3155 Ὁμήρῳ.
1091 3106 1126 3116 -
1153 3070 1260 3137 Ambo

135 3183 241 3243 autem
264 3175 401 3240 editores
423 3174 622 3240 consentiunt
647 3174 680 3238 iu
702 3170 800 3260 ἱδρῷ
823 3172 858 3236 11.
882 3170 974 3236 XVII
996 3168 1076 3249 385,
1110 3172 1169 3237 sed
1192 3173 1257 3238 dis-

134 3280 232 3345 sentit
253 3276 489 3353 Choeroboscus
509 3276 583 3355 255,
608 3274 646 3340 15
669 3269 855 3360 εὑρίσκεται
880 3271 898 3360 ἡ
923 3272 1035 3359 δοτικὴ
1064 3276 1124 3338 τοῦ
1157 3270 1260 3360 ἱδρώς

135 3383 217 3447 κατὰ
242 3377 419 3464 ἀποκοπὴν
441 3381 501 3443 τοῦ
523 3381 556 3447 ῖ
585 3376 639 3444 καὶ
661 3371 681 3463 ἢ
706 3372 868 3461 αἰτιατική
890 3373 979 3462 ἱδρῶ,
1002 3373 1259 3443 admittit

135 3482 256 3569 ἱδρῶτα
280 3482 334 3547 καὶ
357 3478 507 3566 συγκσπῂ
530 3476 618 3564 ἱδρῶ·
642 3474 730 3546 εἰδὲ
753 3477 876 3565 δοτικὴ,
898 3478 982 3561 μετὰ
1004 3478 1104 3548 corii.

223 3584 391 3649 Nominum
413 3582 667 3664 gonerisneutri
690 3600 772 3663 quae
786 3582 958 3664 genitivum
980 3582 1013 3645 in
1034 3581 1091 3658 ἰοῖς
1114 3579 1259 3659 mittunt,

139 3705 235 3752 nnnm
257 3686 289 3749 ln
313 3686 407 3750 schol.
430 3685 511 3750 Vict
535 3685 575 3749 ad
598 3683 761 3749 vl11563
792 3685 832 3749 ad
855 3682 1050 3748 affectionem
1072 3688 1257 3749 revocatur:

137 3792 231 3856 σέλαι
256 3789 329 3871 (scr.
352 3787 471 3867 σέλα)
495 3788 670 3871 γραπτέον,
694 3782 733 3852 οὐ
756 3786 854 3862 σέλας
873 3788 946 3869 (scr.
960 3784 1072 3873 οέλᾳ)·
1096 3779 1260 3873 duonum)

137 3888 199 3979 γάρ
232 3891 298 3957 ἐστι
329 3874 388 3954 roi}
422 3891 525 3957 σέλαϊ.
570 3888 639 3956 Ηοο
666 3890 733 3954 loeo
766 3893 799 3952 et
826 3883 1068 3952 0111111246
1103 3886 1263 3953 editiones

138 4002 262 4062 veteres
285 3992 434 4057 exhibent
456 3993 535 4059 σέλα
560 3991 665 4079 πυρὸς
689 3987 885 4072 αἰθομένοιο
910 3988 1005 4071 alpha
1026 3987 1174 4071 simplici,
1210 3990 1264 4055 cui

139 4097 305 4164 Emestins
327 4095 393 4159 iota
415 4095 610 4178 subscripsit,
633 4094 787 4176 quomodo
809 4093 903 4175 vulgo
925 4091 1041 4175 legitur
1051 4089 1127 4157 lles.
1140 4088 1262 4175 Theog.

139 4200 201 4267 867
224 4197 380 4264 adiunctis
402 4198 506 4263 verbis
529 4199 649 4276 iisdem,
674 4197 730 4261 sed
752 4196 803 4261 hic
825 4196 886 4260 dno
903 4196 1026 4260 codices
1048 4195 1154 4274 σέλαι,
1176 4214 1263 4261 unus

140 4304 216 4369 οίλο
245 4303 407 4384 praebent.
466 4300 591 4367 Pariter
613 4300 649 4364 ll.
671 4298 718 4363 XI
740 4297 803 4364 385
837 4301 931 4385 κέρα
966 4295 1077 4383 ἀγλαέ
1101 4297 1134 4361 in
1157 4295 1264 4381 vind,
