2736 4778
172 333 240 406 nn
259 331 531 404 rsnsrnnsr
552 331 614 403 nr
637 330 912 404 scaurum.
936 330 1047 404 arv.
1065 333 1130 422 cr.
1156 329 1232 413 σοι

121 519 266 611 ὑπάρχει
293 522 352 591 ani
376 524 435 590 τοῦ
463 520 521 591 ὅτε
547 521 670 611 γίνεται
699 519 820 592 ἐνίοτε·
848 518 974 607 ὁμοίως
999 525 1054 593 καὶ
1082 520 1153 595 aab
1174 534 1234 597 soii

124 623 174 694 ἔνι
195 624 232 692 οἵ
249 622 289 692 εδ
310 622 394 693 ἔνιαι
416 616 569 692 ianitori
588 626 684 703 τινές.
728 625 821 689 Haec
842 623 940 710 vulgo
965 635 1053 690 tenet
1074 630 1236 695 sententia

123 727 185 794 sed
202 736 367 816 repugnat
386 748 454 791 non
473 725 579 792 solum
596 725 777 792 terminatio
795 726 950 791 feminina
966 727 1046 806 ἐνιά,
1070 731 1160 813 quod
1177 754 1235 797 cx·

124 828 235 896 cnsari
255 832 364 917 potest
386 825 549 894 oblivione
569 829 715 915 originis,
736 828 797 894 sed
815 829 911 894 etiam
928 828 1140 915 significati03
1159 856 1236 900 narn

126 927 177 999 ἔνι
198 952 267 998 non
287 930 376 996 idam
396 930 484 996 valet
504 931 594 1016 quod
617 929 705 1011 ἐστι,
734 952 841 1017 neque
864 928 968 998 ἔνεστι
989 931 1040 996 vel
1062 928 1181 1000 ἔνεισιν
1202 939 1240 1005 oi'

126 1032 247 1100 dieitur
260 1056 323 1121 pro
336 1030 428 1102 ἔνιοι.
465 1034 542 1100 Hoc
559 1033 659 1119 igitur
674 1032 812 1120 simplex
829 1054 901 1098 esse
915 1032 1043 1099 videtur
1058 1045 1096 1098 ut
1113 1035 1236 1103 Schne-

125 1136 216 1202 δεεστ
231 1156 364 1222 qnoque
382 1145 494 1201 censet
512 1135 555 1200 ad
572 1135 673 1221 Greg.
686 1135 759 1201 864.
779 1157 800 1199 a
815 1135 971 1200 numerali
991 1134 1025 1201 ἓν
1043 1135 1237 1217 derivatum

125 1258 192 1305 nec
209 1249 353 1305 moretur
377 1236 524 1324 spiritus,
554 1258 650 1321 quem
673 1234 796 1302 Corace
817 1237 935 1302 Prodr.
958 1236 1045 1302 Bibl.
1067 1263 1101 1327 p.
1123 1241 1236 1327 eosq.

124 1350 160 1406 et
180 1338 368 1407 Boeclrbius
388 1339 480 1405 Nott.
504 1337 585 1404 crit.
607 1337 649 1402 ad
669 1337 768 1402 Pind.
793 1362 826 1426 p.
847 1338 921 1404 406.
945 1353 1137 1427 opponunt3
1164 1365 1237 1408 narn

124 1450 272 1506 mutatur
291 1439 454 1505 interdurn
475 1438 673 1503 derivatione
700 1437 775 1518 ἕδος
796 1438 939 1529 ἔδαφος,
971 1441 1098 1524 1’ττομαι
1121 1437 1238 1510 ὀπάων

126 1553 163 1609 at
190 1536 337 1632 ὀπηδός,
370 1540 445 1631 ἕψω
474 1533 578 1625 δ’ψον,
613 1537 689 1626 ἕνης
718 1534 868 1624 ἑταῖρος,
902 1536 1025 1607 εἰδέναι
1056 1542 1237 1628 δ’στωρθδ).

122 1637 248 1709 ’Bricca
272 1652 378 1707 autem
404 1662 504 1725 quum
530 1663 598 1705 non
626 1639 721 1705 facile
748 1638 789 1704 eb
816 1639 964 1721 ἐνιαχοῦ,
991 1641 1103 1730 ἐνιαχῆ
1131 1642 1238 1710 disso-

123 1743 210 1810 ciari
230 1744 352 1831 possit,
378 1743 559 1830 Apollonio
584 1741 777 1807 assentimur
800 1740 887 1806 Adv.
910 1740 984 1819 607,
1003 1743 1056 1807 21.
1083 1747 1178 1829 παρὰ
1200 1747 1237 1812 τδ

128 1840 219 1922 ἔντος
236 1839 257 1932 ἢ
274 1841 359 1912 ἔνιοι
376 1844 455 1922 ἐστι’,
474 1853 512 1907 ut
529 1838 657 1925 ἄλλοτε,
674 1842 828 1910 πάντοτε.
854 1841 1101 1928 Τραπέμιιαλιν
1114 1844 1240 1913 Phere-

128 1956 237 2012 crates
264 1967 284 2012 e
309 1945 513 2012 sermonibus
541 1944 631 2030 vulgi
659 1944 813 2010 ascivisse
841 1941 977 2008 videtur.
1029 1944 1113 2011 Cum
1140 1947 1240 2016 inter-

122 2047 271 2134 jectione
292 2041 333 2136 ἤν
353 2068 392 2114 ea
414 2046 621 2134 componitur
643 2045 850 2133 imperativus
872 2044 961 2111 verbi
988 2050 1159 2134 synonymi
1185 2072 1240 2116 ac·

129 2160 230 2216 centn
248 2150 338 2216 fluxo
360 2143 467 2239 ἧνίδε,
489 2141 597 2237 ἤνιδε,
619 2142 660 2235 ἢν
680 2144 754 2214 ἰδού
761 2195 769 2227 ,
790 2147 881 2233 quod
902 2146 995 2212 aliter
1012 2147 1242 2235 interpretatur

128 2249 292 2318 Matthiae
312 2250 458 2318 Gramm.
484 2275 518 2339 p.
540 2249 613 2315 665.
642 2247 698 2315 ε’ὰι
721 2248 841 2335 θέλῃς,
871 2245 959 2328 idcir,
987 2249 1046 2314 sed
1071 2274 1139 2317 non
1165 2274 1241 2338 per·

130 2351 259 2418 suadet.
302 2352 378 2420 Vox
399 2357 457 2419 boc
478 2363 522 2418 att
544 2361 608 2415 tam
632 2348 745 2415 crebro
771 2348 951 2415 inculcatur
974 2361 1012 2415 ut
1036 2374 1103 2418 non
1123 2353 1242 2421 mirum

130 2454 176 2519 sit
197 2475 220 2519 a
238 2453 403 2518 nonnullis
428 2453 471 2518 ad
498 2450 740 2518 convinctiones
766 2452 951 2517 translatam
974 2472 1064 2518 esse:
1091 2457 1242 2524 saeviora

131 2550 315 2637 σύνδεσμος
343 2549 585 2642 διασαφητινδς
614 2553 686 2630 773,
711 2553 762 2617 14.
790 2563 823 2618 et
848 2553 896 2620 sic
923 2554 1073 2620 scribitur
1095 2556 1187 2624 Sext.
1214 2578 1241 2623 c.

132 2656 277 2723 Gremm.
299 2654 372 2734 258,
393 2655 464 2719 196.
490 2654 586 2740 (644,
610 2654 650 2719 14
670 2651 790 2737 Bekk.)

590 2911 701 2981 CAP.
726 2912 787 2984 IV.

415 3051 468 3126 De
493 3056 638 3151 εμοίσωι·
661 3053 961 3128 ιὀδεαδδισδιῖιάω.

123 3210 126 3215 ’
219 3225 245 3307 ξ.
269 3219 298 3286 1.
341 3218 618 3306 Frequentissime
650 3222 891 3308 conjunguntur
921 3220 1181 3310 praepositiones
1212 3234 1244 3289 et

134 3322 291 3390 adverbia
314 3323 366 3390 vel
393 3322 428 3388 in
453 3320 659 3411 appositione
687 3323 739 3390 vel
766 3324 801 3388 in
825 3323 1080 3411 compositione,
1110 3323 1151 3390 de
1178 3347 1243 3411 quo

205 3528 252 3597 33)
266 3526 314 3583 Sic
326 3525 507 3583 Herodianus
521 3524 607 3583 scribi
617 3523 700 3597 jubet
713 3525 746 3582 II.
756 3523 865 3582 XVIII.
877 3527 934 3581 501.
948 3527 1008 3582 ἐπεὶ
1020 3513 1137 3599 τὸῖσρδ
1150 3531 1198 3584 τοῦ
1210 3513 1245 3585 ἶτ

134 3612 293 3683 δασύνεται,
312 3617 390 3688 quod
407 3621 568 3670 constanter
584 3613 616 3666 fit
633 3611 662 3666 in
678 3612 838 3684 pnronymis
853 3612 938 3684 vulgo
957 3612 1077 3686 receptis
1095 3615 1201 3687 ἱστορία
1215 3625 1245 3672 at

134 3704 272 3775 ἱστορεῖν,
298 3700 350 3755 aad
372 3702 456 3773 ἵστωρ
479 3697 570 3771 ipsum
593 3716 638 3771 ep.
662 3697 745 3754 Hom.
771 3705 801 3753 ct
824 3698 979 3754 Hesiodum
1002 3706 1113 3754 notatur
1135 3699 1192 3754 leni
1217 3718 1242 3755 τ.

135 3788 278 3862 Spitnner.
305 3787 343 3840 ed
367 3784 603 3842 11.xv11L501.
638 3784 717 3840 Idem
736 3782 842 3842 XXIV.
862 3788 903 3840 tt.
929 3788 1017 3856 ψιλῶς
1039 3782 1070 3840 rb
1093 3786 1177 3848 ἔσθος
1198 3790 1245 3841 καὶ

134 3868 220 3942 ἐσθής
236 3871 304 3941 (διεδ
323 3873 516 3940 δασυνομένσυ
534 3873 582 3929 τοῦ
600 3871 665 3941 iub
683 3871 715 3928 τδ
732 3868 786 3947 γὰρ
804 3869 948 3944 φωνήεντα
965 3876 1094 3943 ψιλοῦται
1110 3873 1244 3944 ἐπιφερο-

134 3965 224 4033 μένου
241 3961 289 4014 τοῦ
306 3944 408 4030 δμῶ’
423 3956 484 4019 ἑνὸς
498 3961 553 4014 τῶν
567 3959 691 4013 δασέων·
704 3966 733 4015 et
745 3960 783 4014 ad
795 3959 819 4014 1.
833 3961 890 4013 486.
904 3957 933 4014 τὸ
946 3959 1018 4032 ἕρμα
1032 3957 1100 4039 [ijs
1115 3959 1161 4010 τοῦ
1175 3958 1245 4029 ἔρει-

136 4065 204 4118 σμα,
219 4043 252 4099 οδ
268 4046 395 4114 φιλοῦσαι
411 4045 471 4097 ἐπεὶ
488 4041 520 4099 τὰ
537 4038 731 4114 βραχυνόμενα
747 4039 889 4117 φωνήεντα
903 4041 957 4116 πρὸ
972 4045 1019 4098 τοῦ
1034 4062 1073 4114 ρντ
1088 4034 1244 4098 δασύνεται.

134 4117 535 4202 Εαεωιο.843,11.τὸῑορὸ
554 4133 602 4184 τοῦ
614 4118 648 4185 δι’
659 4134 785 4201 ψιλοῦται
804 4126 868 4197 ὁτιή,
887 4125 991 4200 ὀπώρα,
1009 4123 1105 4183 buniam
1122 4125 1197 4200 παρὰ
1217 4126 1245 4183 ιδ

135 4219 204 4274 ἔστιν.
240 4217 278 4271 Et
296 4213 346 4270 ubi
363 4214 440 4271 nulla
457 4214 617 4287 hujusmodi
638 4235 722 4272 cansa
740 4218 837 4272 subest
855 4213 887 4268 τδ
906 4212 962 4268 riui
981 4214 1090 4268 δασέων
1108 4230 1246 4288 μετασχη-

135 4300 304 4376 ματιζόμενα
323 4305 474 4373 pastoricios
494 4307 573 4374 φιλεῖ
588 4299 676 4377 ἡμέρα
694 4295 782 4378 ἦμαρ,
802 4295 884 4370 ἡδονή
903 4289 968 4369 ἦδος
985 4300 1050 4356 sch.
1063 4297 1154 4358 [KG.
