2736 4778
130 320 142 336 ν
172 281 245 353 168
536 268 857 345 DISSERTATIO
890 278 918 342 1.

168 454 390 528 additamento
413 459 477 525 hoo
496 460 671 547 significari
693 472 774 547 puto
801 457 821 551 ἢ
845 458 941 547 παρὰ
961 457 1000 526 τὸ
1021 461 1082 545 μία
1102 462 1209 547 γίειος
1230 463 1289 530 καί

167 564 357 649 συναιρέσει
398 568 486 647 γεῖος
522 562 580 628 καὶ
610 557 917 649 ἇναδιπλαοιασμῷ
945 560 1081 646 γέγειος.
1136 560 1286 631 Choero·

166 664 288 729 bosous
320 661 416 729 Orth.
442 661 514 739 189,
542 663 595 727 31.
624 662 812 747 synaeresin
831 672 956 738 tuetur3
979 662 1288 749 anadiplnsiasmum

167 765 260 829 addit
286 764 366 830 ΕΜ.
390 764 464 840 223,
490 764 543 828 33.
575 762 729 849 idemque
759 786 878 829 nornen
905 762 987 828 illud
1017 758 1155 849 ἀρχαῖος
1184 764 1285 831 inter·

158 867 311 954 ‘pretatur
332 863 494 951 appositis
517 862 707 932 Callimachi
727 863 835 929 verbis
857 860 955 951 λόγος
976 863 1102 949 γίγειος
1123 873 1156 928 et
1176 856 1285 932 ἔνθεα

165 968 286 1052 ydrae,
309 964 429 1051 quibus
451 964 674 1050 interpretatio
697 965 904 1031 confirmatur
930 964 990 1029 sed
1012 965 1212 1051 etymologia
1231 965 1284 1030 in·

164 1065 316 1142 tercedit3
339 1066 413 1151 quis
436 1065 522 1130 enirn
544 1065 597 1132 hic
619 1063 731 1152 γήινος
752 1065 804 1130 vel
819 1065 959 1148 χθόνιος
979 1063 1082 1129 ferat?
1104 1066 1282 1147 Πέμπελοι

165 1179 198 1232 et
223 1165 451 1252 τριπέμπελοι
483 1188 578 1232 senes
608 1168 779 1254 copulares
808 1176 965 1233 vocantur
990 1165 1126 1251 tortasse
1153 1189 1173 1232 a
1200 1166 1283 1233 tocie

164 1267 288 1343 lurida;
311 1289 386 1331 nam
407 1266 461 1332 hic
486 1267 576 1333 color
599 1267 723 1348 πολλός
744 1268 812 1334 sive
834 1262 951 1344 πολιός
968 1265 1085 1331 dicitur
1102 1266 1281 1333 cl.Techn.

163 1371 238 1434 311.
281 1367 365 1433 Inde
378 1364 683 1448 Πελείοος-νοὺς
704 1366 861 1456 γέροντας
882 1368 938 1433 καὶ
960 1364 1186 1454 πρεσβύτιδας
1195 1370 1279 1435 Hes.

163 1470 291 1548 πολλοῖς
318 1465 337 1536 ὁ
365 1466 471 1557 μίριον
499 1467 557 1537 ἐπὶ
578 1468 781 1554 σκώμματος
802 1468 988 1550 Arcad.⁸⁰)
1011 1478 1043 1531 et
1064 1469 1282 1555 compositum

163 1565 394 1653 ἑαατδμπελος
426 1568 493 1634 sive
524 1565 788 1649 ἕκατοντάπελος
813 1569 966 1636 Eumath.
994 1568 1115 1633 Ismen.
1145 1593 1180 1658 p.
1207 1572 1280 1638 146.

163 1670 214 1735 ed.
242 1667 367 1734 Teuch.
400 1668 519 1754 quibus
542 1669 719 1738 Jacobsius
748 1669 782 1734 in
807 1670 897 1735 Add.
920 1670 963 1734 ad
985 1669 1123 1735 Anthol.
1144 1696 1177 1759 p.
1199 1673 1280 1739 XL.

164 1769 305 1855 praefert
326 1769 423 1834 codd.
446 1771 639 1857 scripturam
663 1767 1006 1850 ἑκατονταπίμπελος.
1052 1769 1229 1840 Consonae
1245 1774 1280 1839 in

162 1869 420 1956 reduplicatione
445 1870 627 1937 insinuatae
650 1869 834 1957 exemplum
862 1870 958 1937 nobis
984 1871 1027 1937 ob
1049 1872 1162 1939 oculos
1184 1877 1281 1963 ponit

164 1969 274 2039 Schol.
302 1971 342 2035 Π.
370 1970 398 2036 Ι.
435 1971 506 2036 189.
538 1969 646 2060 μείριο
679 1970 805 2059 μερίζει
835 1973 1024 2061 μερμερίζω
1064 1974 1119 2041 καί
1145 1972 1278 2045 ἐκτάσει

160 2071 354 2160 μερμηρίζω
381 2068 427 2151 ὡς
450 2071 569 2140 δάπτω
593 2071 794 2159 δαρδάπτιο,
817 2071 900 2141 ὅθεν
928 2074 985 2141 καὶ
1013 2071 1191 2164 μερμήρας
1217 2077 1278 2156 τὰς

161 2173 345 2258 φροντίδας
367 2173 423 2240 καὶ
438 2170 602 2261 μερίμνας
619 2171 702 2242 ἔνιοι
717 2174 860 2260 λέγουσι,
883 2174 1001 2259 quibus
1018 2176 1169 2241 convenit
1187 2178 1278 2263 quod

160 2273 299 2339 Nonnus
328 2273 393 2338 XI.
424 2272 475 2337 97.
505 2274 546 2339 de
576 2275 715 2341 sollicito
746 2274 891 2360 quodam
924 2276 1003 2341 dicit
1035 2275 1155 2365 κραδίη
1183 2279 1278 2369 μερί-

163 2374 312 2460 ζεεοΗ).
355 2373 530 2458 Adjectivo
554 2373 818 2463 Πεπαρείσιμος
842 2369 1031 2464 είίφρασιος
1059 2375 1172 2466 σαφής
1193 2381 1275 2446 Hes.

160 2474 259 2539 fidem
286 2475 365 2540 facit
388 2473 523 2540 verbum
555 2481 724 2560 πεπαρεῖν
748 2474 788 2538 ab
816 2474 929 2561 ignoto
958 2479 1058 2566 stirpe
1085 2479 1218 2545 ductum
1244 2494 1277 2548 et

159 2598 227 2640 non
248 2577 323 2663 plus
350 2599 448 2662 quam
470 2575 570 2641 semel
592 2576 758 2640 inventum
780 2576 940 2664 scriptura
956 2580 1110 2644 variante.
1142 2581 1277 2662 Σίσελις

160 2677 229 2742 sive
252 2678 363 2745 σέσελι
384 2700 504 2742 nomen
526 2677 656 2764 plantae
678 2688 728 2741 est
747 2699 830 2762 quae
854 2677 970 2742 eadem
995 2679 1044 2758 sil,
1067 2679 1119 2744 sili
1141 2691 1174 2745 et
1199 2683 1277 2749 ουλ-

114 2810 119 2815 ·
159 2773 338 2860 λικδπριον
358 2789 505 2844 vocatun·
550 2778 702 2854 Τὲνανος,
724 2775 932 2863 τειανδδριξ,
946 2777 1132 2865 -ιανὺθριξ,
1153 2779 1276 2859 ταναός

152 2876 278 2964 junctis
306 2877 391 2943 inter
421 2902 456 2944 se
486 2878 605 2944 finibus
624 2876 766 2944 haerent
811 2878 984 2945 Vocalium
1007 2879 1133 2945 tertiam
1157 2881 1191 2947 in
1213 2880 1275 2948 hac

159 2988 253 3069 porte
288 2979 521 3046 vocabulorum
552 3003 620 3046 non
654 2977 929 3066 deprehendimus
936 3006 945 3058 ;
978 3002 1053 3046 nam
1085 2980 1174 3070 νήθη
1208 2983 1276 3050 sive

156 3077 247 3169 ‘rodo'
270 3104 334 3148 vox
356 3083 513 3148 naturalis
536 3083 665 3149 videtur
688 3081 834 3147 similiter
859 3095 896 3145 ut
913 3079 1044 3168 μάμμη,
1066 3079 1160 3163 πάσα,
1181 3079 1275 3164 devo,

156 3184 264 3262 πίττα,
287 3177 399 3261 δίππα,
422 3183 565 3251 ποίππα.
592 3184 647 3249 De
670 3194 784 3269 quarta
805 3181 887 3248 haec
909 3181 1049 3248 dicenda
1069 3194 1160 3249 sunt:
1182 3183 1276 3270 γίγας

157 3283 251 3370 παρὰ
277 3280 313 3351 ’τὸ
342 3290 391 3368 μῦ
420 3283 504 3350 κατὰ
531 3281 849 3367 οἷναδιπλασιασμδν
874 3285 954 3348 ΕΜ.
980 3286 1034 3349 alii
1058 3285 1276 3371 compositum

158 3394 276 3469 putant
297 3382 391 3466 παρὰ
414 3383 450 3447 sd
474 3380 630 3468 γίνεσ9αι
653 3382 710 3448 καί
731 3386 772 3470 γῆ
792 3384 887 3448 Euat.
915 3383 1007 3461 1490,
1030 3386 1081 3450 20.
1123 3386 1160 3453 si
1185 3385 1276 3472 quod

158 3484 347 3568 Hesychius
369 3482 467 3547 tradit
489 3482 548 3562 Γίς
569 3486 610 3571 γῆ
632 3479 739 3563 ίσχίις,
765 3481 864 3546 fidem
885 3481 1005 3550 faceret
1027 3488 1201 3572 aliquando
1223 3485 1276 3574 μίς

228 3700 275 3767 30)
292 3699 401 3755 Ibidem
419 3722 448 3773 p,
461 3706 503 3768 22,
517 3704 560 3756 20.
578 3720 630 3773 pro
650 3701 803 3773 ριλοσιλιῖς
817 3707 847 3753 ct
861 3706 1023 3778 ριιιιβορροἷς
1039 3707 1219 3762 scribendum
1232 3713 1276 3761 eat

158 3787 328 3858 φιλαπελιῑᾶς
344 3783 363 3838 i.
378 3804 405 3856 q.
425 3790 593 3859 φιλαπελλῆς
607 3805 636 3858 p.
650 3787 693 3850 28,
708 3788 734 3838 l.
754 3791 783 3837 et
798 3792 1018 3863 φοινικοβορρᾶς.
1046 3792 1073 3846 Δ
1090 3798 1153 3846 cute
1169 3809 1275 3862 rugoso

159 3888 248 3925 senex
272 3878 389 3925 vocatur
414 3875 524 3943 σῦραρ,
554 3875 632 3943 qnod
656 3870 749 3926 Gloss.
777 3872 813 3924 ad
838 3870 906 3943 Lyc.
928 3876 986 3928 793.
1018 3880 1159 3950 πέμπελος
1182 3881 1275 3952 γέρων

160 3957 369 4029 interpretatur.

228 4045 273 4111 31)
293 4044 356 4098 Hoc
375 4061 431 4098 non
449 4039 566 4096 multum
585 4041 680 4097 differt
696 4060 713 4097 a
727 4047 897 4114 μερμηρίζω,
920 4062 972 4099 neo
991 4045 1106 4100 dividia
1125 4064 1142 4100 o
1160 4064 1228 4102 cura
1247 4053 1276 4098 et

158 4127 334 4195 aegritudine
353 4148 378 4183 ν.
398 4129 531 4199 Prolcgg.
548 4129 605 4182 199.
636 4127 705 4183 Cum
726 4128 768 4182 his
787 4130 988 4185 eonferendum
1008 4130 1119 4186 videtur
1135 4137 1277 4204 μέρμερος

158 4230 350 4269 aerumnosus.
