<?xml version="1.0" encoding="UTF-8"?>
<!DOCTYPE html PUBLIC "-//W3C//DTD XHTML 1.0 Transitional//EN"
    "http://www.w3.org/TR/xhtml1/DTD/xhtml1-transitional.dtd">
<html xmlns="http://www.w3.org/1999/xhtml" xml:lang="en" lang="en">
 <head>
  <title>
</title>
<meta http-equiv="Content-Type" content="text/html;charset=utf-8" />
  <meta name='ocr-system' content='tesseract 3.04.00' />
  <meta name='ocr-capabilities' content='ocr_page ocr_carea ocr_par ocr_line ocrx_word'/>
</head>
<body>
  <div class='ocr_page' id='page_1' title='image "./pathologiaegrae00lobegoog_0146.png"; bbox 0 0 2736 4778; ppageno 0'>
   <div class='ocr_carea' id='block_1_1' title="bbox 221 320 1243 400">
    <p class='ocr_par' dir='ltr' id='par_1_1' title="bbox 221 320 1243 400">
     <span class='ocr_line' id='line_1_1' title="bbox 221 320 1243 400; baseline 0.01 -9"><span class='ocrx_word' id='word_1_1' title='bbox 221 326 287 392; x_wconf 86' lang='lat' dir='ltr'>DE</span> <span class='ocrx_word' id='word_1_2' title='bbox 307 322 580 392; x_wconf 81' lang='lat' dir='ltr'><strong>PROSTHESI</strong></span> <span class='ocrx_word' id='word_1_3' title='bbox 599 320 663 386; x_wconf 83' lang='grc' dir='ltr'>ΕΤ</span> <span class='ocrx_word' id='word_1_4' title='bbox 687 322 950 392; x_wconf 78' lang='lat' dir='ltr'><strong>APHAERESI.</strong></span> <span class='ocrx_word' id='word_1_5' title='bbox 984 323 1115 393; x_wconf 87' lang='lat' dir='ltr'>c.v11.</span> <span class='ocrx_word' id='word_1_6' title='bbox 1169 328 1243 400; x_wconf 85' lang='grc'>135</span> 
     </span>
    </p>
   </div>
   <div class='ocr_carea' id='block_1_2' title="bbox 52 504 1246 4228">
    <p class='ocr_par' dir='ltr' id='par_1_2' title="bbox 52 504 1246 3623">
     <span class='ocr_line' id='line_1_2' title="bbox 125 504 1241 595; baseline -0.001 -19"><span class='ocrx_word' id='word_1_7' title='bbox 125 522 234 578; x_wconf 80' lang='lat' dir='ltr'>autem</span> <span class='ocrx_word' id='word_1_8' title='bbox 264 509 333 576; x_wconf 78' lang='lat' dir='ltr'>cive</span> <span class='ocrx_word' id='word_1_9' title='bbox 365 511 475 593; x_wconf 81' lang='grc' dir='ltr'><em>Τῑφαν</em></span> <span class='ocrx_word' id='word_1_10' title='bbox 509 504 617 568; x_wconf 73' lang='lat' dir='ltr'>dictae</span> <span class='ocrx_word' id='word_1_11' title='bbox 648 513 725 567; x_wconf 77' lang='lat' dir='ltr'>eum</span> <span class='ocrx_word' id='word_1_12' title='bbox 755 526 777 568; x_wconf 84' lang='grc' dir='ltr'><em>ο</em></span> <span class='ocrx_word' id='word_1_13' title='bbox 803 505 868 569; x_wconf 74' lang='lat' dir='ltr'>situ</span> <span class='ocrx_word' id='word_1_14' title='bbox 897 507 1033 591; x_wconf 71' lang='lat' dir='ltr'>palustri</span> <span class='ocrx_word' id='word_1_15' title='bbox 1061 507 1175 595; x_wconf 78' lang='grc' dir='ltr'><em>(παρὰ</em></span> <span class='ocrx_word' id='word_1_16' title='bbox 1199 507 1241 575; x_wconf 84' lang='grc' dir='ltr'>τὸ</span> 
     </span>
     <span class='ocr_line' id='line_1_3' title="bbox 123 603 1241 701; baseline -0.002 -26"><span class='ocrx_word' id='word_1_17' title='bbox 123 612 243 701; x_wconf 75' lang='grc' dir='ltr'>τῖφος)</span> <span class='ocrx_word' id='word_1_18' title='bbox 264 633 296 674; x_wconf 83' lang='lat' dir='ltr'>v.</span> <span class='ocrx_word' id='word_1_19' title='bbox 317 607 422 673; x_wconf 80' lang='lat' dir='ltr'>Pron.</span> <span class='ocrx_word' id='word_1_20' title='bbox 445 605 498 669; x_wconf 87' lang='grc'>59.</span> <span class='ocrx_word' id='word_1_21' title='bbox 523 603 594 689; x_wconf 91' lang='lat' dir='ltr'>(ubi</span> <span class='ocrx_word' id='word_1_22' title='bbox 615 604 701 669; x_wconf 76' lang='lat' dir='ltr'>male</span> <span class='ocrx_word' id='word_1_23' title='bbox 721 614 950 690; x_wconf 77' lang='lat' dir='ltr'>paroxytonon</span> <span class='ocrx_word' id='word_1_24' title='bbox 970 618 1044 687; x_wconf 79' lang='lat' dir='ltr'>eet).</span> <span class='ocrx_word' id='word_1_25' title='bbox 1074 608 1139 673; x_wconf 80' lang='lat' dir='ltr'>His</span> <span class='ocrx_word' id='word_1_26' title='bbox 1161 607 1241 673; x_wconf 81' lang='lat' dir='ltr'>nub-</span> 
     </span>
     <span class='ocr_line' id='line_1_4' title="bbox 118 704 1241 800; baseline -0.004 -21"><span class='ocrx_word' id='word_1_27' title='bbox 118 717 297 800; x_wconf 82' lang='lat' dir='ltr'>jungerem</span> <span class='ocrx_word' id='word_1_28' title='bbox 324 705 428 794; x_wconf 78' lang='grc' dir='ltr'><em>λ’φνον</em></span> <span class='ocrx_word' id='word_1_29' title='bbox 456 713 490 770; x_wconf 84' lang='lat' dir='ltr'>et</span> <span class='ocrx_word' id='word_1_30' title='bbox 517 704 650 792; x_wconf 80' lang='grc' dir='ltr'>τίφυον,</span> <span class='ocrx_word' id='word_1_31' title='bbox 679 705 708 768; x_wconf 82' lang='grc' dir='ltr'>οἰ</span> <span class='ocrx_word' id='word_1_32' title='bbox 737 705 816 770; x_wconf 76' lang='lat' dir='ltr'>satis</span> <span class='ocrx_word' id='word_1_33' title='bbox 838 717 1001 772; x_wconf 65' lang='lat' dir='ltr'>concuret</span> <span class='ocrx_word' id='word_1_34' title='bbox 1020 720 1158 793; x_wconf 86' lang='lat' dir='ltr'>utroque</span> <span class='ocrx_word' id='word_1_35' title='bbox 1179 733 1241 775; x_wconf 88' lang='lat' dir='ltr'>no·</span> 
     </span>
     <span class='ocr_line' id='line_1_5' title="bbox 123 804 1242 892; baseline 0 -16"><span class='ocrx_word' id='word_1_36' title='bbox 123 815 214 880; x_wconf 87' lang='lat' dir='ltr'>mine</span> <span class='ocrx_word' id='word_1_37' title='bbox 247 809 387 876; x_wconf 72' lang='lat' dir='ltr'>eandem</span> <span class='ocrx_word' id='word_1_38' title='bbox 416 804 572 871; x_wconf 76' lang='lat' dir='ltr'>declarari</span> <span class='ocrx_word' id='word_1_39' title='bbox 599 804 755 892; x_wconf 74' lang='lat' dir='ltr'>plantam.</span> <span class='ocrx_word' id='word_1_40' title='bbox 799 807 969 872; x_wconf 75' lang='lat' dir='ltr'>Nicander</span> <span class='ocrx_word' id='word_1_41' title='bbox 987 818 1091 872; x_wconf 85' lang='lat' dir='ltr'>metro</span> <span class='ocrx_word' id='word_1_42' title='bbox 1113 825 1242 876; x_wconf 72' lang='lat' dir='ltr'>coaetus</span> 
     </span>
     <span class='ocr_line' id='line_1_6' title="bbox 127 904 1244 996; baseline -0.004 -14"><span class='ocrx_word' id='word_1_43' title='bbox 127 926 179 982; x_wconf 79' lang='lat' dir='ltr'>eet</span> <span class='ocrx_word' id='word_1_44' title='bbox 199 923 238 979; x_wconf 81' lang='lat' dir='ltr'>ut</span> <span class='ocrx_word' id='word_1_45' title='bbox 261 909 367 975; x_wconf 81' lang='lat' dir='ltr'>tribus</span> <span class='ocrx_word' id='word_1_46' title='bbox 389 906 470 972; x_wconf 76' lang='lat' dir='ltr'>iocis</span> <span class='ocrx_word' id='word_1_47' title='bbox 491 904 596 993; x_wconf 77' lang='grc' dir='ltr'><em>ἔρφος</em></span> <span class='ocrx_word' id='word_1_48' title='bbox 611 919 785 994; x_wconf 76' lang='lat' dir='ltr'>usurparet</span> <span class='ocrx_word' id='word_1_49' title='bbox 800 931 863 996; x_wconf 84' lang='lat' dir='ltr'>pro</span> <span class='ocrx_word' id='word_1_50' title='bbox 882 911 1008 995; x_wconf 75' lang='grc' dir='ltr'>τέρφος</span> <span class='ocrx_word' id='word_1_51' title='bbox 1024 909 1078 974; x_wconf 87' lang='lat' dir='ltr'>vel</span> <span class='ocrx_word' id='word_1_52' title='bbox 1092 913 1244 995; x_wconf 73' lang='grc' dir='ltr'>στέρῳος,</span> 
     </span>
     <span class='ocr_line' id='line_1_7' title="bbox 129 1006 1245 1101; baseline -0.002 -21"><span class='ocrx_word' id='word_1_53' title='bbox 129 1017 172 1082; x_wconf 86' lang='lat' dir='ltr'>de</span> <span class='ocrx_word' id='word_1_54' title='bbox 196 1012 318 1101; x_wconf 75' lang='lat' dir='ltr'>quibus</span> <span class='ocrx_word' id='word_1_55' title='bbox 338 1029 397 1075; x_wconf 76' lang='lat' dir='ltr'>cuo</span> <span class='ocrx_word' id='word_1_56' title='bbox 414 1007 487 1073; x_wconf 81' lang='lat' dir='ltr'>loeo</span> <span class='ocrx_word' id='word_1_57' title='bbox 507 1006 586 1074; x_wconf 82' lang='lat' dir='ltr'>dixi.</span> <span class='ocrx_word' id='word_1_58' title='bbox 630 1008 804 1091; x_wconf 73' lang='lat' dir='ltr'>Quaedam</span> <span class='ocrx_word' id='word_1_59' title='bbox 830 1009 995 1096; x_wconf 74' lang='lat' dir='ltr'>ignotiora</span> <span class='ocrx_word' id='word_1_60' title='bbox 1015 1010 1154 1097; x_wconf 78' lang='lat' dir='ltr'>praebet</span> <span class='ocrx_word' id='word_1_61' title='bbox 1173 1014 1245 1077; x_wconf 85' lang='lat' dir='ltr'>He-</span> 
     </span>
     <span class='ocr_line' id='line_1_8' title="bbox 131 1106 1246 1202; baseline -0.004 -21"><span class='ocrx_word' id='word_1_62' title='bbox 131 1115 282 1202; x_wconf 79' lang='lat' dir='ltr'>sychius:</span> <span class='ocrx_word' id='word_1_63' title='bbox 307 1106 516 1197; x_wconf 75' lang='grc' dir='ltr'><em>Τανληρόντα</em></span> <span class='ocrx_word' id='word_1_64' title='bbox 542 1109 621 1194; x_wconf 83' lang='lat' dir='ltr'>(sic)</span> <span class='ocrx_word' id='word_1_65' title='bbox 653 1107 789 1193; x_wconf 79' lang='grc' dir='ltr'>ἱμάντα,</span> <span class='ocrx_word' id='word_1_66' title='bbox 819 1113 910 1196; x_wconf 88' lang='lat' dir='ltr'>quod</span> <span class='ocrx_word' id='word_1_67' title='bbox 930 1112 1101 1177; x_wconf 73' lang='lat' dir='ltr'>Albertiue</span> <span class='ocrx_word' id='word_1_68' title='bbox 1122 1115 1246 1200; x_wconf 77' lang='grc' dir='ltr'><em>ταυλη-</em></span> 
     </span>
     <span class='ocr_line' id='line_1_9' title="bbox 131 1207 1245 1303; baseline 0.001 -24"><span class='ocrx_word' id='word_1_69' title='bbox 131 1213 193 1303; x_wconf 77' lang='grc' dir='ltr'>ρόν</span> <span class='ocrx_word' id='word_1_70' title='bbox 211 1215 269 1282; x_wconf 76' lang='grc' dir='ltr'>τὸν</span> <span class='ocrx_word' id='word_1_71' title='bbox 284 1250 325 1261; x_wconf 92' lang='grc'>-</span> <span class='ocrx_word' id='word_1_72' title='bbox 345 1209 554 1277; x_wconf 83' lang='lat' dir='ltr'>scribendum</span> <span class='ocrx_word' id='word_1_73' title='bbox 575 1233 649 1276; x_wconf 78' lang='lat' dir='ltr'>eene</span> <span class='ocrx_word' id='word_1_74' title='bbox 672 1223 785 1278; x_wconf 89' lang='lat' dir='ltr'>monet</span> <span class='ocrx_word' id='word_1_75' title='bbox 806 1224 841 1276; x_wconf 81' lang='lat' dir='ltr'>et</span> <span class='ocrx_word' id='word_1_76' title='bbox 863 1211 906 1276; x_wconf 80' lang='lat' dir='ltr'>ed</span> <span class='ocrx_word' id='word_1_77' title='bbox 926 1207 1090 1300; x_wconf 71' lang='grc' dir='ltr'><em>Λύλορόν</em></span> <span class='ocrx_word' id='word_1_78' title='bbox 1109 1210 1245 1295; x_wconf 76' lang='grc' dir='ltr'><em>χαλινόν</em></span> 
     </span>
     <span class='ocr_line' id='line_1_10' title="bbox 126 1308 1242 1400; baseline -0.002 -17"><span class='ocrx_word' id='word_1_79' title='bbox 126 1324 270 1391; x_wconf 79' lang='lat' dir='ltr'>revocet3</span> <span class='ocrx_word' id='word_1_80' title='bbox 296 1315 382 1382; x_wconf 84' lang='grc' dir='ltr'><em>Τέλα</em></span> <span class='ocrx_word' id='word_1_81' title='bbox 397 1313 536 1389; x_wconf 75' lang='grc' dir='ltr'>σπεῦδε,</span> <span class='ocrx_word' id='word_1_82' title='bbox 560 1309 677 1379; x_wconf 83' lang='grc' dir='ltr'><em>Τεπτά</em></span> <span class='ocrx_word' id='word_1_83' title='bbox 695 1308 791 1390; x_wconf 75' lang='grc' dir='ltr'>ἑπτά,</span> <span class='ocrx_word' id='word_1_84' title='bbox 819 1314 1008 1398; x_wconf 77' lang='grc' dir='ltr'><em>Τρηγαλέον</em></span> <span class='ocrx_word' id='word_1_85' title='bbox 1027 1311 1242 1400; x_wconf 75' lang='grc' dir='ltr'>διτῤῥτογότα,</span> 
     </span>
     <span class='ocr_line' id='line_1_11' title="bbox 128 1408 1245 1501; baseline -0.002 -19"><span class='ocrx_word' id='word_1_86' title='bbox 128 1415 199 1501; x_wconf 82' lang='grc' dir='ltr'>Τάρ</span> <span class='ocrx_word' id='word_1_87' title='bbox 224 1417 261 1483; x_wconf 81' lang='grc' dir='ltr'>δέ</span> <span class='ocrx_word' id='word_1_88' title='bbox 285 1408 368 1499; x_wconf 67' lang='grc' dir='ltr'>ἄρα,</span> <span class='ocrx_word' id='word_1_89' title='bbox 398 1412 493 1496; x_wconf 76' lang='lat' dir='ltr'>cujus</span> <span class='ocrx_word' id='word_1_90' title='bbox 520 1411 701 1498; x_wconf 72' lang='lat' dir='ltr'>particulae</span> <span class='ocrx_word' id='word_1_91' title='bbox 725 1412 923 1497; x_wconf 76' lang='lat' dir='ltr'>(encliticam</span> <span class='ocrx_word' id='word_1_92' title='bbox 944 1413 1034 1498; x_wconf 87' lang='lat' dir='ltr'>dico)</span> <span class='ocrx_word' id='word_1_93' title='bbox 1058 1414 1171 1479; x_wconf 80' lang='lat' dir='ltr'>crebre</span> <span class='ocrx_word' id='word_1_94' title='bbox 1193 1426 1245 1481; x_wconf 83' lang='lat' dir='ltr'>eet</span> 
     </span>
     <span class='ocr_line' id='line_1_12' title="bbox 125 1512 1243 1605; baseline -0.001 -21"><span class='ocrx_word' id='word_1_95' title='bbox 125 1517 217 1605; x_wconf 77' lang='lat' dir='ltr'>apud</span> <span class='ocrx_word' id='word_1_96' title='bbox 233 1512 476 1583; x_wconf 74' lang='lat' dir='ltr'><strong>Grammaticos</strong></span> <span class='ocrx_word' id='word_1_97' title='bbox 497 1514 620 1579; x_wconf 86' lang='lat' dir='ltr'>mentio</span> <span class='ocrx_word' id='word_1_98' title='bbox 641 1537 672 1578; x_wconf 84' lang='lat' dir='ltr'>v.</span> <span class='ocrx_word' id='word_1_99' title='bbox 694 1513 812 1580; x_wconf 79' lang='lat' dir='ltr'>Lehm.</span> <span class='ocrx_word' id='word_1_100' title='bbox 836 1515 973 1597; x_wconf 78' lang='lat' dir='ltr'>Quaest.</span> <span class='ocrx_word' id='word_1_101' title='bbox 997 1517 1068 1582; x_wconf 87' lang='lat'>131.</span> <span class='ocrx_word' id='word_1_102' title='bbox 1096 1516 1243 1583; x_wconf 81' lang='lat' dir='ltr'>sednon</span> 
     </span>
     <span class='ocr_line' id='line_1_13' title="bbox 124 1609 1244 1701; baseline -0.002 -15"><span class='ocrx_word' id='word_1_103' title='bbox 124 1618 257 1686; x_wconf 81' lang='lat' dir='ltr'>memini</span> <span class='ocrx_word' id='word_1_104' title='bbox 283 1615 386 1682; x_wconf 79' lang='lat' dir='ltr'>iuime</span> <span class='ocrx_word' id='word_1_105' title='bbox 416 1614 474 1700; x_wconf 91' lang='lat' dir='ltr'>qui</span> <span class='ocrx_word' id='word_1_106' title='bbox 502 1636 577 1679; x_wconf 76' lang='lat' dir='ltr'>eam</span> <span class='ocrx_word' id='word_1_107' title='bbox 599 1637 641 1681; x_wconf 83' lang='lat' dir='ltr'>ex</span> <span class='ocrx_word' id='word_1_108' title='bbox 671 1609 715 1701; x_wconf 73' lang='grc' dir='ltr'>ὄρ</span> <span class='ocrx_word' id='word_1_109' title='bbox 747 1627 856 1681; x_wconf 79' lang='lat' dir='ltr'>natam</span> <span class='ocrx_word' id='word_1_110' title='bbox 884 1617 1039 1683; x_wconf 81' lang='lat' dir='ltr'>dicerent.</span> <span class='ocrx_word' id='word_1_111' title='bbox 1080 1617 1244 1685; x_wconf 77' lang='lat' dir='ltr'>Mirabilis</span> 
     </span>
     <span class='ocr_line' id='line_1_14' title="bbox 125 1710 1246 1800; baseline 0.002 -13"><span class='ocrx_word' id='word_1_112' title='bbox 125 1731 175 1788; x_wconf 74' lang='lat' dir='ltr'>est</span> <span class='ocrx_word' id='word_1_113' title='bbox 195 1718 370 1785; x_wconf 84' lang='lat' dir='ltr'>verborum</span> <span class='ocrx_word' id='word_1_114' title='bbox 380 1713 550 1783; x_wconf 62' lang='grc' dir='ltr'>«εῖλίσσετν</span> <span class='ocrx_word' id='word_1_115' title='bbox 572 1725 606 1782; x_wconf 89' lang='lat' dir='ltr'>et</span> <span class='ocrx_word' id='word_1_116' title='bbox 629 1710 794 1784; x_wconf 82' lang='grc' dir='ltr'>τολτόοοιν</span> <span class='ocrx_word' id='word_1_117' title='bbox 815 1719 1056 1784; x_wconf 75' lang='lat' dir='ltr'>convenientia:</span> <span class='ocrx_word' id='word_1_118' title='bbox 1076 1718 1172 1800; x_wconf 69' lang='grc' dir='ltr'><em>’Ἔλιξ</em></span> <span class='ocrx_word' id='word_1_119' title='bbox 1189 1717 1246 1789; x_wconf 79' lang='grc' dir='ltr'>τύ-</span> 
     </span>
     <span class='ocr_line' id='line_1_15' title="bbox 124 1815 1244 1909; baseline -0.004 -21"><span class='ocrx_word' id='word_1_120' title='bbox 124 1826 242 1909; x_wconf 80' lang='grc' dir='ltr'><em>λιγμα,</em></span> <span class='ocrx_word' id='word_1_121' title='bbox 267 1815 468 1897; x_wconf 61' lang='lat' dir='ltr'>’Eutime</span> <span class='ocrx_word' id='word_1_122' title='bbox 497 1815 643 1905; x_wconf 76' lang='grc' dir='ltr'><em>λνείληοο</em></span> <span class='ocrx_word' id='word_1_123' title='bbox 665 1819 747 1883; x_wconf 83' lang='lat' dir='ltr'>Hes.</span> <span class='ocrx_word' id='word_1_124' title='bbox 777 1817 963 1887; x_wconf 78' lang='grc' dir='ltr'><em>ἔνοιύλιοστ</em></span> <span class='ocrx_word' id='word_1_125' title='bbox 989 1821 1027 1888; x_wconf 88' lang='grc' dir='ltr'>τό</span> <span class='ocrx_word' id='word_1_126' title='bbox 1050 1825 1149 1904; x_wconf 83' lang='grc' dir='ltr'><em>σῶμα</em></span> <span class='ocrx_word' id='word_1_127' title='bbox 1169 1844 1244 1887; x_wconf 81' lang='grc' dir='ltr'><em>σεν-</em></span> 
     </span>
     <span class='ocr_line' id='line_1_16' title="bbox 125 1917 1241 2008; baseline -0.007 -16"><span class='ocrx_word' id='word_1_128' title='bbox 125 1923 197 1992; x_wconf 65' lang='lat' dir='ltr'>dtu</span> <span class='ocrx_word' id='word_1_129' title='bbox 217 1924 360 2008; x_wconf 78' lang='grc' dir='ltr'><strong><em>καθαρᾷ</em></strong></span> <span class='ocrx_word' id='word_1_130' title='bbox 380 1917 500 1984; x_wconf 79' lang='lat' dir='ltr'>Matth.</span> <span class='ocrx_word' id='word_1_131' title='bbox 522 1917 675 1985; x_wconf 87' lang='lat' dir='ltr'>XXVII.</span> <span class='ocrx_word' id='word_1_132' title='bbox 698 1918 751 1983; x_wconf 88' lang='grc'>59.</span> <span class='ocrx_word' id='word_1_133' title='bbox 772 1941 860 1984; x_wconf 78' lang='lat' dir='ltr'>unus</span> <span class='ocrx_word' id='word_1_134' title='bbox 882 1920 956 1985; x_wconf 85' lang='lat' dir='ltr'>cod.</span> <span class='ocrx_word' id='word_1_135' title='bbox 981 1920 1143 2005; x_wconf 78' lang='grc' dir='ltr'>ἕνείληοε,</span> <span class='ocrx_word' id='word_1_136' title='bbox 1173 1942 1241 2004; x_wconf 89' lang='lat' dir='ltr'>quo</span> 
     </span>
     <span class='ocr_line' id='line_1_17' title="bbox 124 2019 1244 2112; baseline -0.004 -22"><span class='ocrx_word' id='word_1_137' title='bbox 124 2026 199 2112; x_wconf 84' lang='lat' dir='ltr'>ipso</span> <span class='ocrx_word' id='word_1_138' title='bbox 221 2022 324 2088; x_wconf 84' lang='lat' dir='ltr'>utitur</span> <span class='ocrx_word' id='word_1_139' title='bbox 343 2021 478 2086; x_wconf 77' lang='lat' dir='ltr'>Marcus</span> <span class='ocrx_word' id='word_1_140' title='bbox 501 2019 535 2082; x_wconf 90' lang='lat' dir='ltr'>in</span> <span class='ocrx_word' id='word_1_141' title='bbox 558 2019 675 2085; x_wconf 80' lang='lat' dir='ltr'>eadem</span> <span class='ocrx_word' id='word_1_142' title='bbox 694 2041 731 2084; x_wconf 87' lang='lat' dir='ltr'>re</span> <span class='ocrx_word' id='word_1_143' title='bbox 752 2020 833 2086; x_wconf 89' lang='lat' dir='ltr'>XV.</span> <span class='ocrx_word' id='word_1_144' title='bbox 854 2021 908 2084; x_wconf 90' lang='grc'>46.</span> <span class='ocrx_word' id='word_1_145' title='bbox 950 2022 1006 2085; x_wconf 93' lang='lat' dir='ltr'>De</span> <span class='ocrx_word' id='word_1_146' title='bbox 1025 2019 1147 2095; x_wconf 78' lang='lat' dir='ltr'>fasciis,</span> <span class='ocrx_word' id='word_1_147' title='bbox 1170 2021 1244 2103; x_wconf 91' lang='lat' dir='ltr'>qui·</span> 
     </span>
     <span class='ocr_line' id='line_1_18' title="bbox 124 2119 1243 2197; baseline -0.005 -5"><span class='ocrx_word' id='word_1_148' title='bbox 124 2127 189 2192; x_wconf 80' lang='lat' dir='ltr'>bus</span> <span class='ocrx_word' id='word_1_149' title='bbox 212 2125 351 2190; x_wconf 77' lang='lat' dir='ltr'>infantes</span> <span class='ocrx_word' id='word_1_150' title='bbox 366 2121 585 2197; x_wconf 88' lang='lat' dir='ltr'>involvuntur,</span> <span class='ocrx_word' id='word_1_151' title='bbox 606 2119 753 2187; x_wconf 79' lang='lat' dir='ltr'>Soranus</span> <span class='ocrx_word' id='word_1_152' title='bbox 768 2120 852 2184; x_wconf 89' lang='lat' dir='ltr'>Mul.</span> <span class='ocrx_word' id='word_1_153' title='bbox 871 2142 899 2183; x_wconf 86' lang='lat' dir='ltr'>e.</span> <span class='ocrx_word' id='word_1_154' title='bbox 915 2119 1031 2185; x_wconf 89' lang='lat' dir='ltr'>LXX.</span> <span class='ocrx_word' id='word_1_155' title='bbox 1052 2119 1123 2183; x_wconf 88' lang='grc'><strong>166.</strong></span> <span class='ocrx_word' id='word_1_156' title='bbox 1144 2121 1243 2186; x_wconf 90' lang='lat' dir='ltr'>modo</span> 
     </span>
     <span class='ocr_line' id='line_1_19' title="bbox 128 2218 1245 2311; baseline -0.005 -17"><span class='ocrx_word' id='word_1_157' title='bbox 128 2227 319 2311; x_wconf 75' lang='grc' dir='ltr'>περιειλεῖν,</span> <span class='ocrx_word' id='word_1_158' title='bbox 340 2222 442 2288; x_wconf 87' lang='lat' dir='ltr'>modo</span> <span class='ocrx_word' id='word_1_159' title='bbox 462 2220 707 2306; x_wconf 80' lang='grc' dir='ltr'>περιτνλίττειν</span> <span class='ocrx_word' id='word_1_160' title='bbox 729 2232 763 2287; x_wconf 86' lang='lat' dir='ltr'>et</span> <span class='ocrx_word' id='word_1_161' title='bbox 783 2220 860 2289; x_wconf 80' lang='lat' dir='ltr'>seh.</span> <span class='ocrx_word' id='word_1_162' title='bbox 888 2222 955 2289; x_wconf 82' lang='lat' dir='ltr'>od.</span> <span class='ocrx_word' id='word_1_163' title='bbox 979 2222 1057 2289; x_wconf 88' lang='lat' dir='ltr'>VH.</span> <span class='ocrx_word' id='word_1_164' title='bbox 1079 2222 1131 2287; x_wconf 84' lang='lat'>53.</span> <span class='ocrx_word' id='word_1_165' title='bbox 1162 2218 1245 2311; x_wconf 78' lang='grc' dir='ltr'><em>ἦλα·</em></span> 
     </span>
     <span class='ocr_line' id='line_1_20' title="bbox 125 2310 1243 2411; baseline -0.002 -20"><span class='ocrx_word' id='word_1_166' title='bbox 125 2325 211 2411; x_wconf 78' lang='grc' dir='ltr'>κάτη</span> <span class='ocrx_word' id='word_1_167' title='bbox 231 2324 269 2391; x_wconf 76' lang='grc' dir='ltr'>τὰ</span> <span class='ocrx_word' id='word_1_168' title='bbox 290 2322 390 2405; x_wconf 78' lang='grc' dir='ltr'><em>ξύλον</em></span> <span class='ocrx_word' id='word_1_169' title='bbox 412 2322 447 2390; x_wconf 78' lang='grc' dir='ltr'>ἕν</span> <span class='ocrx_word' id='word_1_170' title='bbox 469 2312 496 2410; x_wconf 80' lang='grc' dir='ltr'><em>ᾧ</em></span> <span class='ocrx_word' id='word_1_171' title='bbox 518 2320 727 2389; x_wconf 75' lang='grc' dir='ltr'>τυλλσοονται</span> <span class='ocrx_word' id='word_1_172' title='bbox 748 2310 790 2388; x_wconf 74' lang='grc' dir='ltr'>ολ</span> <span class='ocrx_word' id='word_1_173' title='bbox 817 2321 892 2409; x_wconf 74' lang='grc' dir='ltr'>ἔρια</span> <span class='ocrx_word' id='word_1_174' title='bbox 919 2323 978 2388; x_wconf 86' lang='lat' dir='ltr'>sed</span> <span class='ocrx_word' id='word_1_175' title='bbox 1004 2346 1034 2389; x_wconf 87' lang='lat' dir='ltr'>v.</span> <span class='ocrx_word' id='word_1_176' title='bbox 1065 2323 1137 2388; x_wconf 83' lang='lat'>105.</span> <span class='ocrx_word' id='word_1_177' title='bbox 1167 2321 1243 2408; x_wconf 77' lang='grc' dir='ltr'><em>ἔρια</em></span> 
     </span>
     <span class='ocr_line' id='line_1_21' title="bbox 125 2417 1242 2513; baseline -0.004 -20"><span class='ocrx_word' id='word_1_178' title='bbox 125 2421 382 2512; x_wconf 79' lang='grc' dir='ltr'>περιτιλοόμτνα</span> <span class='ocrx_word' id='word_1_179' title='bbox 405 2426 446 2513; x_wconf 81' lang='grc' dir='ltr'>τῇ</span> <span class='ocrx_word' id='word_1_180' title='bbox 469 2417 626 2511; x_wconf 76' lang='grc' dir='ltr'>ἠλακάτῃ,</span> <span class='ocrx_word' id='word_1_181' title='bbox 647 2423 737 2506; x_wconf 87' lang='lat' dir='ltr'>quod</span> <span class='ocrx_word' id='word_1_182' title='bbox 758 2422 815 2490; x_wconf 83' lang='lat' dir='ltr'>illo</span> <span class='ocrx_word' id='word_1_183' title='bbox 836 2425 942 2491; x_wconf 77' lang='lat' dir='ltr'>tritius</span> <span class='ocrx_word' id='word_1_184' title='bbox 964 2437 1014 2491; x_wconf 81' lang='lat' dir='ltr'>cst</span> <span class='ocrx_word' id='word_1_185' title='bbox 1036 2437 1069 2490; x_wconf 89' lang='lat' dir='ltr'>et</span> <span class='ocrx_word' id='word_1_186' title='bbox 1091 2425 1134 2489; x_wconf 80' lang='lat' dir='ltr'>ad</span> <span class='ocrx_word' id='word_1_187' title='bbox 1152 2425 1242 2510; x_wconf 65' lang='lat' dir='ltr'>tulgi</span> 
     </span>
     <span class='ocr_line' id='line_1_22' title="bbox 124 2523 1241 2612; baseline -0.002 -20"><span class='ocrx_word' id='word_1_188' title='bbox 124 2550 222 2592; x_wconf 77' lang='lat' dir='ltr'>usum</span> <span class='ocrx_word' id='word_1_189' title='bbox 246 2524 448 2612; x_wconf 80' lang='lat' dir='ltr'>appositius3</span> <span class='ocrx_word' id='word_1_190' title='bbox 479 2545 580 2608; x_wconf 78' lang='lat' dir='ltr'>quare</span> <span class='ocrx_word' id='word_1_191' title='bbox 609 2523 785 2590; x_wconf 79' lang='lat' dir='ltr'>adnotetur</span> <span class='ocrx_word' id='word_1_192' title='bbox 809 2549 829 2591; x_wconf 82' lang='grc' dir='ltr'><em>ο</em></span> <span class='ocrx_word' id='word_1_193' title='bbox 850 2527 962 2595; x_wconf 87' lang='lat' dir='ltr'>Schol.</span> <span class='ocrx_word' id='word_1_194' title='bbox 985 2527 1125 2590; x_wconf 86' lang='lat' dir='ltr'>Lucian.</span> <span class='ocrx_word' id='word_1_195' title='bbox 1146 2526 1241 2611; x_wconf 86' lang='lat' dir='ltr'>Nigr.</span> 
     </span>
     <span class='ocr_line' id='line_1_23' title="bbox 124 2619 1240 2714; baseline -0.002 -21"><span class='ocrx_word' id='word_1_196' title='bbox 124 2633 150 2714; x_wconf 67' lang='grc' dir='ltr'><strong>ξ.</strong></span> <span class='ocrx_word' id='word_1_197' title='bbox 174 2628 204 2693; x_wconf 93' lang='grc'>7.</span> <span class='ocrx_word' id='word_1_198' title='bbox 229 2630 373 2712; x_wconf 83' lang='grc' dir='ltr'><em>σημενοῦ</em></span> <span class='ocrx_word' id='word_1_199' title='bbox 395 2625 435 2691; x_wconf 70' lang='grc' dir='ltr'>το</span> <span class='ocrx_word' id='word_1_200' title='bbox 463 2619 684 2692; x_wconf 71' lang='grc' dir='ltr'>ἀνατυλίττων</span> <span class='ocrx_word' id='word_1_201' title='bbox 704 2620 778 2692; x_wconf 77' lang='grc' dir='ltr'>ἀντὶ</span> <span class='ocrx_word' id='word_1_202' title='bbox 804 2634 864 2694; x_wconf 86' lang='grc' dir='ltr'>τοῦ</span> <span class='ocrx_word' id='word_1_203' title='bbox 887 2624 1062 2695; x_wconf 77' lang='grc' dir='ltr'><em>ἀνελίττων</em></span> <span class='ocrx_word' id='word_1_204' title='bbox 1083 2627 1240 2709; x_wconf 76' lang='grc' dir='ltr'><em>κείμενον.</em></span> 
     </span>
     <span class='ocr_line' id='line_1_24' title="bbox 123 2725 1242 2812; baseline -0.004 -16"><span class='ocrx_word' id='word_1_205' title='bbox 123 2734 170 2797; x_wconf 86' lang='lat' dir='ltr'>Et</span> <span class='ocrx_word' id='word_1_206' title='bbox 196 2752 249 2795; x_wconf 79' lang='lat' dir='ltr'>ree</span> <span class='ocrx_word' id='word_1_207' title='bbox 279 2726 399 2792; x_wconf 81' lang='lat' dir='ltr'>similes</span> <span class='ocrx_word' id='word_1_208' title='bbox 429 2725 576 2791; x_wconf 76' lang='lat' dir='ltr'>similiter</span> <span class='ocrx_word' id='word_1_209' title='bbox 606 2727 790 2812; x_wconf 76' lang='lat' dir='ltr'>appellatae</span> <span class='ocrx_word' id='word_1_210' title='bbox 829 2750 903 2793; x_wconf 78' lang='lat' dir='ltr'>esse</span> <span class='ocrx_word' id='word_1_211' title='bbox 940 2729 1136 2795; x_wconf 87' lang='lat' dir='ltr'>documento</span> <span class='ocrx_word' id='word_1_212' title='bbox 1165 2738 1242 2793; x_wconf 79' lang='lat' dir='ltr'>eunt</span> 
     </span>
     <span class='ocr_line' id='line_1_25' title="bbox 52 2823 1241 2913; baseline -0.003 -15"><span class='ocrx_word' id='word_1_213' title='bbox 52 2904 57 2913; x_wconf 63' lang='grc'><strong>,</strong></span> <span class='ocrx_word' id='word_1_214' title='bbox 123 2831 259 2898; x_wconf 79' lang='lat' dir='ltr'>nomina</span> <span class='ocrx_word' id='word_1_215' title='bbox 291 2825 387 2906; x_wconf 80' lang='grc' dir='ltr'><em>λλλάς</em></span> <span class='ocrx_word' id='word_1_216' title='bbox 415 2838 447 2892; x_wconf 86' lang='lat' dir='ltr'>et</span> <span class='ocrx_word' id='word_1_217' title='bbox 474 2823 590 2905; x_wconf 84' lang='grc' dir='ltr'>τυλάς,</span> <span class='ocrx_word' id='word_1_218' title='bbox 619 2827 737 2912; x_wconf 81' lang='lat' dir='ltr'>quibus</span> <span class='ocrx_word' id='word_1_219' title='bbox 763 2828 934 2895; x_wconf 84' lang='lat' dir='ltr'>turdorum</span> <span class='ocrx_word' id='word_1_220' title='bbox 956 2831 1157 2897; x_wconf 79' lang='lat' dir='ltr'>differentiae</span> <span class='ocrx_word' id='word_1_221' title='bbox 1179 2853 1241 2895; x_wconf 92' lang='lat' dir='ltr'>no-</span> 
     </span>
     <span class='ocr_line' id='line_1_26' title="bbox 124 2926 1241 3017; baseline -0.003 -19"><span class='ocrx_word' id='word_1_222' title='bbox 124 2945 235 2998; x_wconf 87' lang='lat' dir='ltr'>tantur</span> <span class='ocrx_word' id='word_1_223' title='bbox 249 2929 372 2997; x_wconf 87' lang='lat' dir='ltr'>Athen.</span> <span class='ocrx_word' id='word_1_224' title='bbox 391 2928 436 2993; x_wconf 89' lang='lat' dir='ltr'>H.</span> <span class='ocrx_word' id='word_1_225' title='bbox 454 2926 506 2993; x_wconf 85' lang='grc'>65.</span> <span class='ocrx_word' id='word_1_226' title='bbox 530 2928 574 2992; x_wconf 87' lang='lat' dir='ltr'>A.</span> <span class='ocrx_word' id='word_1_227' title='bbox 593 2938 625 2993; x_wconf 91' lang='lat' dir='ltr'>et</span> <span class='ocrx_word' id='word_1_228' title='bbox 647 2929 789 3017; x_wconf 82' lang='lat' dir='ltr'>alloquia</span> <span class='ocrx_word' id='word_1_229' title='bbox 811 2930 980 2996; x_wconf 78' lang='lat' dir='ltr'>familiaria</span> <span class='ocrx_word' id='word_1_230' title='bbox 1002 2933 1039 2998; x_wconf 79' lang='grc' dir='ltr'>τὸ</span> <span class='ocrx_word' id='word_1_231' title='bbox 1059 2933 1121 3015; x_wconf 75' lang='grc' dir='ltr'>μὲν</span> <span class='ocrx_word' id='word_1_232' title='bbox 1143 2933 1241 2998; x_wconf 79' lang='grc' dir='ltr'><strong><em>τέττα</em></strong></span> 
     </span>
     <span class='ocr_line' id='line_1_27' title="bbox 125 3026 1241 3119; baseline -0.003 -21"><span class='ocrx_word' id='word_1_233' title='bbox 125 3028 358 3119; x_wconf 73' lang='grc' dir='ltr'><em>προςφώνημά</em></span> <span class='ocrx_word' id='word_1_234' title='bbox 381 3028 450 3096; x_wconf 77' lang='grc' dir='ltr'><strong><em>ἐστι</em></strong></span> <span class='ocrx_word' id='word_1_235' title='bbox 473 3026 585 3117; x_wconf 78' lang='grc' dir='ltr'>φίλου,</span> <span class='ocrx_word' id='word_1_236' title='bbox 606 3031 646 3095; x_wconf 85' lang='grc' dir='ltr'>τὸ</span> <span class='ocrx_word' id='word_1_237' title='bbox 664 3032 701 3098; x_wconf 76' lang='grc' dir='ltr'>δὲ</span> <span class='ocrx_word' id='word_1_238' title='bbox 718 3027 801 3097; x_wconf 74' lang='grc' dir='ltr'>ἅττα</span> <span class='ocrx_word' id='word_1_239' title='bbox 818 3034 979 3117; x_wconf 72' lang='grc' dir='ltr'>τροφέας,</span> <span class='ocrx_word' id='word_1_240' title='bbox 997 3030 1034 3094; x_wconf 75' lang='grc' dir='ltr'>τὰ</span> <span class='ocrx_word' id='word_1_241' title='bbox 1053 3031 1091 3096; x_wconf 78' lang='grc' dir='ltr'>δὲ</span> <span class='ocrx_word' id='word_1_242' title='bbox 1109 3028 1241 3095; x_wconf 81' lang='grc' dir='ltr'><em>πάππα</em></span> 
     </span>
     <span class='ocr_line' id='line_1_28' title="bbox 125 3129 1241 3217; baseline -0.005 -17"><span class='ocrx_word' id='word_1_243' title='bbox 125 3130 257 3217; x_wconf 82' lang='grc' dir='ltr'>πατρός</span> <span class='ocrx_word' id='word_1_244' title='bbox 284 3132 378 3196; x_wconf 72' lang='lat' dir='ltr'>Eunt.</span> <span class='ocrx_word' id='word_1_245' title='bbox 407 3129 488 3207; x_wconf 86' lang='grc'>659,</span> <span class='ocrx_word' id='word_1_246' title='bbox 515 3129 568 3194; x_wconf 82' lang='grc'>52.</span> <span class='ocrx_word' id='word_1_247' title='bbox 597 3150 735 3213; x_wconf 89' lang='lat' dir='ltr'>quorum</span> <span class='ocrx_word' id='word_1_248' title='bbox 763 3129 904 3215; x_wconf 86' lang='lat' dir='ltr'>primum</span> <span class='ocrx_word' id='word_1_249' title='bbox 932 3130 1011 3193; x_wconf 87' lang='lat' dir='ltr'>EM.</span> <span class='ocrx_word' id='word_1_250' title='bbox 1046 3129 1171 3205; x_wconf 82' lang='grc'>755,1.</span> <span class='ocrx_word' id='word_1_251' title='bbox 1200 3129 1241 3195; x_wconf 84' lang='lat' dir='ltr'>ab</span> 
     </span>
     <span class='ocr_line' id='line_1_29' title="bbox 126 3224 1240 3314; baseline -0.004 -13"><span class='ocrx_word' id='word_1_252' title='bbox 126 3229 227 3310; x_wconf 71' lang='grc' dir='ltr'>ἅττα,</span> <span class='ocrx_word' id='word_1_253' title='bbox 251 3230 443 3298; x_wconf 80' lang='lat' dir='ltr'>Eustathiue</span> <span class='ocrx_word' id='word_1_254' title='bbox 465 3229 537 3307; x_wconf 85' lang='lat'><strong>167,</strong></span> <span class='ocrx_word' id='word_1_255' title='bbox 559 3229 590 3293; x_wconf 84' lang='lat'>3.</span> <span class='ocrx_word' id='word_1_256' title='bbox 620 3227 661 3292; x_wconf 81' lang='lat' dir='ltr'>ab</span> <span class='ocrx_word' id='word_1_257' title='bbox 683 3224 785 3296; x_wconf 79' lang='grc' dir='ltr'><em>ὄλππα</em></span> <span class='ocrx_word' id='word_1_258' title='bbox 807 3241 913 3296; x_wconf 88' lang='lat' dir='ltr'>ortum</span> <span class='ocrx_word' id='word_1_259' title='bbox 935 3231 1029 3307; x_wconf 88' lang='lat' dir='ltr'>dicit,</span> <span class='ocrx_word' id='word_1_260' title='bbox 1059 3229 1118 3294; x_wconf 83' lang='lat' dir='ltr'>sed</span> <span class='ocrx_word' id='word_1_261' title='bbox 1148 3231 1240 3314; x_wconf 90' lang='lat' dir='ltr'>quod</span> 
     </span>
     <span class='ocr_line' id='line_1_30' title="bbox 123 3324 1242 3419; baseline -0.003 -20"><span class='ocrx_word' id='word_1_262' title='bbox 123 3335 213 3399; x_wconf 84' lang='lat' dir='ltr'>idem</span> <span class='ocrx_word' id='word_1_263' title='bbox 235 3333 276 3397; x_wconf 84' lang='lat' dir='ltr'>dc</span> <span class='ocrx_word' id='word_1_264' title='bbox 302 3355 368 3398; x_wconf 90' lang='lat' dir='ltr'>uno</span> <span class='ocrx_word' id='word_1_265' title='bbox 390 3332 506 3397; x_wconf 88' lang='lat' dir='ltr'>horum</span> <span class='ocrx_word' id='word_1_266' title='bbox 528 3329 723 3416; x_wconf 82' lang='lat' dir='ltr'>pronunciat</span> <span class='ocrx_word' id='word_1_267' title='bbox 741 3356 774 3419; x_wconf 89' lang='lat' dir='ltr'>p.</span> <span class='ocrx_word' id='word_1_268' title='bbox 797 3332 889 3399; x_wconf 87' lang='grc'><strong>1793.</strong></span> <span class='ocrx_word' id='word_1_269' title='bbox 911 3333 961 3397; x_wconf 92' lang='grc'>11.</span> <span class='ocrx_word' id='word_1_270' title='bbox 983 3332 1020 3398; x_wconf 79' lang='grc' dir='ltr'>τὸ</span> <span class='ocrx_word' id='word_1_271' title='bbox 1045 3324 1130 3397; x_wconf 68' lang='grc' dir='ltr'>ὄντα</span> <span class='ocrx_word' id='word_1_272' title='bbox 1153 3332 1242 3412; x_wconf 75' lang='grc' dir='ltr'><em>λέξις</em></span> 
     </span>
     <span class='ocr_line' id='line_1_31' title="bbox 126 3427 1242 3519; baseline -0.001 -17"><span class='ocrx_word' id='word_1_273' title='bbox 126 3433 214 3502; x_wconf 77' lang='grc' dir='ltr'><strong><em>ἐστὶν</em></strong></span> <span class='ocrx_word' id='word_1_274' title='bbox 235 3429 478 3518; x_wconf 80' lang='grc' dir='ltr'>ἆπαράγωγος,</span> <span class='ocrx_word' id='word_1_275' title='bbox 506 3427 674 3519; x_wconf 76' lang='grc' dir='ltr'>ἀκίνητος,</span> <span class='ocrx_word' id='word_1_276' title='bbox 703 3431 938 3517; x_wconf 75' lang='grc' dir='ltr'>πρωτόθετος,</span> <span class='ocrx_word' id='word_1_277' title='bbox 962 3432 1014 3500; x_wconf 78' lang='grc' dir='ltr'>διὸ</span> <span class='ocrx_word' id='word_1_278' title='bbox 1038 3431 1096 3498; x_wconf 84' lang='grc' dir='ltr'>καὶ</span> <span class='ocrx_word' id='word_1_279' title='bbox 1119 3428 1242 3518; x_wconf 75' lang='grc' dir='ltr'>ἀμετά-</span> 
     </span>
     <span class='ocr_line' id='line_1_32' title="bbox 125 3529 1139 3623; baseline 0.002 -23"><span class='ocrx_word' id='word_1_280' title='bbox 125 3538 252 3623; x_wconf 79' lang='grc' dir='ltr'><em>ληοτος</em></span> <span class='ocrx_word' id='word_1_281' title='bbox 275 3529 345 3599; x_wconf 79' lang='grc' dir='ltr'>ὑπὸ</span> <span class='ocrx_word' id='word_1_282' title='bbox 371 3537 436 3599; x_wconf 81' lang='grc' dir='ltr'>τῶν</span> <span class='ocrx_word' id='word_1_283' title='bbox 461 3534 615 3598; x_wconf 75' lang='grc' dir='ltr'><em>παλαιῶν</em></span> <span class='ocrx_word' id='word_1_284' title='bbox 637 3533 779 3618; x_wconf 76' lang='grc' dir='ltr'>λέγεται,</span> <span class='ocrx_word' id='word_1_285' title='bbox 799 3535 886 3600; x_wconf 83' lang='lat' dir='ltr'>valet</span> <span class='ocrx_word' id='word_1_286' title='bbox 908 3535 950 3600; x_wconf 89' lang='lat' dir='ltr'>de</span> <span class='ocrx_word' id='word_1_287' title='bbox 971 3534 1139 3602; x_wconf 75' lang='lat' dir='ltr'>universis.</span> 
     </span>
    </p>

    <p class='ocr_par' dir='ltr' id='par_1_3' title="bbox 121 3625 1241 4228">
     <span class='ocr_line' id='line_1_33' title="bbox 209 3625 1241 3727; baseline 0.008 -27"><span class='ocrx_word' id='word_1_288' title='bbox 209 3633 289 3701; x_wconf 88' lang='lat' dir='ltr'>XV.</span> <span class='ocrx_word' id='word_1_289' title='bbox 338 3635 444 3716; x_wconf 79' lang='grc' dir='ltr'><em>Φαρῶ</em></span> <span class='ocrx_word' id='word_1_290' title='bbox 469 3627 538 3700; x_wconf 75' lang='grc' dir='ltr'>ἀπὸ</span> <span class='ocrx_word' id='word_1_291' title='bbox 561 3636 621 3700; x_wconf 83' lang='grc' dir='ltr'>τοῦ</span> <span class='ocrx_word' id='word_1_292' title='bbox 643 3628 716 3720; x_wconf 77' lang='grc' dir='ltr'>ἀρῶ</span> <span class='ocrx_word' id='word_1_293' title='bbox 738 3637 937 3727; x_wconf 74' lang='grc' dir='ltr'><em>πλεονασμῷ</em></span> <span class='ocrx_word' id='word_1_294' title='bbox 959 3640 1018 3704; x_wconf 83' lang='grc' dir='ltr'>τοῦ</span> <span class='ocrx_word' id='word_1_295' title='bbox 1037 3625 1084 3726; x_wconf 51' lang='grc' dir='ltr'>ᾗ,</span> <span class='ocrx_word' id='word_1_296' title='bbox 1108 3637 1196 3727; x_wconf 74' lang='grc' dir='ltr'>παρ’</span> <span class='ocrx_word' id='word_1_297' title='bbox 1220 3632 1241 3707; x_wconf 76' lang='grc' dir='ltr'>λλ</span> 
     </span>
     <span class='ocr_line' id='line_1_34' title="bbox 123 3728 1241 3825; baseline 0.004 -23"><span class='ocrx_word' id='word_1_298' title='bbox 123 3735 181 3802; x_wconf 80' lang='grc' dir='ltr'>καὶ</span> <span class='ocrx_word' id='word_1_299' title='bbox 208 3728 344 3822; x_wconf 64' lang='grc' dir='ltr'><em>ἔφορον</em></span> <span class='ocrx_word' id='word_1_300' title='bbox 371 3732 431 3819; x_wconf 71' lang='grc' dir='ltr'>τὴν</span> <span class='ocrx_word' id='word_1_301' title='bbox 456 3732 606 3819; x_wconf 79' lang='grc' dir='ltr'><em>λιπαρὰν</em></span> <span class='ocrx_word' id='word_1_302' title='bbox 633 3737 772 3823; x_wconf 74' lang='grc' dir='ltr'><em>γῆνκαὶ</em></span> <span class='ocrx_word' id='word_1_303' title='bbox 796 3734 856 3823; x_wconf 72' lang='grc' dir='ltr'>τὴν</span> <span class='ocrx_word' id='word_1_304' title='bbox 883 3734 1047 3818; x_wconf 79' lang='grc' dir='ltr'><em>πολλάκις</em></span> <span class='ocrx_word' id='word_1_305' title='bbox 1076 3736 1241 3825; x_wconf 60' lang='lat' dir='ltr'>&amp;porpric-</span> 
     </span>
     <span class='ocr_line' id='line_1_35' title="bbox 122 3831 1241 3927; baseline 0.002 -23"><span class='ocrx_word' id='word_1_306' title='bbox 122 3843 247 3905; x_wconf 72' lang='grc' dir='ltr'><em>θεῖσαν</em></span> <span class='ocrx_word' id='word_1_307' title='bbox 267 3836 347 3903; x_wconf 85' lang='grc' dir='ltr'><strong>ΕΜ.</strong></span> <span class='ocrx_word' id='word_1_308' title='bbox 361 3834 433 3912; x_wconf 86' lang='grc'><strong>788,</strong></span> <span class='ocrx_word' id='word_1_309' title='bbox 446 3833 498 3899; x_wconf 84' lang='grc'>25.</span> <span class='ocrx_word' id='word_1_310' title='bbox 534 3831 717 3921; x_wconf 76' lang='grc' dir='ltr'><em>Βούφαοος</em></span> <span class='ocrx_word' id='word_1_311' title='bbox 742 3831 760 3926; x_wconf 82' lang='grc' dir='ltr'><em>ἦ</em></span> <span class='ocrx_word' id='word_1_312' title='bbox 785 3832 944 3921; x_wconf 79' lang='grc' dir='ltr'>εὐάροτος</span> <span class='ocrx_word' id='word_1_313' title='bbox 965 3842 1022 3926; x_wconf 71' lang='grc' dir='ltr'>μῆ·</span> <span class='ocrx_word' id='word_1_314' title='bbox 1045 3841 1157 3927; x_wconf 78' lang='grc' dir='ltr'><em>φάρος</em></span> <span class='ocrx_word' id='word_1_315' title='bbox 1177 3841 1241 3924; x_wconf 76' lang='grc' dir='ltr'>γὰρ</span> 
     </span>
     <span class='ocr_line' id='line_1_36' title="bbox 122 3929 1241 4027; baseline 0.001 -23"><span class='ocrx_word' id='word_1_316' title='bbox 122 3936 143 4025; x_wconf 82' lang='grc' dir='ltr'><strong><em>ἡ</em></strong></span> <span class='ocrx_word' id='word_1_317' title='bbox 165 3930 284 4021; x_wconf 68' lang='grc' dir='ltr'><em>ὅρασις</em></span> <span class='ocrx_word' id='word_1_318' title='bbox 300 3938 383 4001; x_wconf 76' lang='lat' dir='ltr'>Hes.</span> <span class='ocrx_word' id='word_1_319' title='bbox 395 3957 425 4000; x_wconf 89' lang='lat' dir='ltr'>v.</span> <span class='ocrx_word' id='word_1_320' title='bbox 438 3935 562 4001; x_wconf 86' lang='lat' dir='ltr'>Techn.</span> <span class='ocrx_word' id='word_1_321' title='bbox 574 3936 647 4001; x_wconf 83' lang='lat'>304.</span> <span class='ocrx_word' id='word_1_322' title='bbox 660 3973 701 3984; x_wconf 91' lang='lat'><strong>—</strong></span> <span class='ocrx_word' id='word_1_323' title='bbox 713 3929 798 4003; x_wconf 80' lang='lat' dir='ltr'>’&#39;va</span> <span class='ocrx_word' id='word_1_324' title='bbox 817 3950 849 4004; x_wconf 89' lang='lat' dir='ltr'>et</span> <span class='ocrx_word' id='word_1_325' title='bbox 865 3943 955 4027; x_wconf 76' lang='grc' dir='ltr'><em>φένω</em></span> <span class='ocrx_word' id='word_1_326' title='bbox 967 3941 1241 4024; x_wconf 85' lang='lat' dir='ltr'>Etymologorum</span> 
     </span>
     <span class='ocr_line' id='line_1_37' title="bbox 123 4037 1236 4128; baseline 0.007 -26"><span class='ocrx_word' id='word_1_327' title='bbox 123 4048 306 4102; x_wconf 82' lang='lat' dir='ltr'>commenta</span> <span class='ocrx_word' id='word_1_328' title='bbox 328 4048 420 4114; x_wconf 84' lang='lat' dir='ltr'>sunt,</span> <span class='ocrx_word' id='word_1_329' title='bbox 445 4037 641 4124; x_wconf 86' lang='lat' dir='ltr'>minimeque</span> <span class='ocrx_word' id='word_1_330' title='bbox 666 4039 817 4104; x_wconf 84' lang='lat' dir='ltr'>convenit</span> <span class='ocrx_word' id='word_1_331' title='bbox 838 4042 929 4127; x_wconf 91' lang='lat' dir='ltr'>quod</span> <span class='ocrx_word' id='word_1_332' title='bbox 953 4039 1065 4107; x_wconf 88' lang='lat' dir='ltr'>Schol.</span> <span class='ocrx_word' id='word_1_333' title='bbox 1090 4040 1236 4128; x_wconf 84' lang='lat' dir='ltr'>Oppian.</span> 
     </span>
     <span class='ocr_line' id='line_1_38' title="bbox 121 4138 1235 4228; baseline -0.005 -26"><span class='ocrx_word' id='word_1_334' title='bbox 121 4139 252 4204; x_wconf 81' lang='lat' dir='ltr'>11a1.1.</span> <span class='ocrx_word' id='word_1_335' title='bbox 281 4138 353 4205; x_wconf 85' lang='lat'>154.</span> <span class='ocrx_word' id='word_1_336' title='bbox 388 4152 420 4205; x_wconf 88' lang='lat' dir='ltr'>et</span> <span class='ocrx_word' id='word_1_337' title='bbox 451 4140 563 4204; x_wconf 82' lang='lat' dir='ltr'>Tzetz.</span> <span class='ocrx_word' id='word_1_338' title='bbox 595 4140 638 4204; x_wconf 83' lang='lat' dir='ltr'>ad</span> <span class='ocrx_word' id='word_1_339' title='bbox 669 4139 752 4225; x_wconf 88' lang='lat' dir='ltr'>Lye.</span> <span class='ocrx_word' id='word_1_340' title='bbox 779 4139 852 4204; x_wconf 88' lang='grc'><strong>396.</strong></span> <span class='ocrx_word' id='word_1_341' title='bbox 882 4140 1041 4204; x_wconf 71' lang='lat' dir='ltr'>affirmant</span> <span class='ocrx_word' id='word_1_342' title='bbox 1071 4143 1169 4228; x_wconf 56' lang='lat' dir='ltr'>qinom</span> <span class='ocrx_word' id='word_1_343' title='bbox 1197 4146 1235 4215; x_wconf 66' lang='grc' dir='ltr'>,ὁ</span> 
     </span>
    </p>
   </div>
   <div class='ocr_carea' id='block_1_3' title="bbox 123 4233 1239 4335">
    <p class='ocr_par' dir='ltr' id='par_1_4' title="bbox 123 4233 1239 4335">
     <span class='ocr_line' id='line_1_39' title="bbox 123 4233 1239 4335; baseline 0.008 -32"><span class='ocrx_word' id='word_1_344' title='bbox 123 4238 248 4323; x_wconf 81' lang='grc' dir='ltr'><em>λάμπον</em></span> <span class='ocrx_word' id='word_1_345' title='bbox 271 4262 312 4306; x_wconf 81' lang='lat' dir='ltr'>ex</span> <span class='ocrx_word' id='word_1_346' title='bbox 335 4233 406 4310; x_wconf 79' lang='lat' dir='ltr'>ciiw</span> <span class='ocrx_word' id='word_1_347' title='bbox 430 4244 510 4308; x_wconf 72' lang='lat' dir='ltr'>sicco</span> <span class='ocrx_word' id='word_1_348' title='bbox 538 4241 657 4306; x_wconf 77' lang='lat' dir='ltr'>iactum</span> <span class='ocrx_word' id='word_1_349' title='bbox 680 4263 762 4308; x_wconf 81' lang='lat' dir='ltr'>esee.</span> <span class='ocrx_word' id='word_1_350' title='bbox 787 4277 828 4287; x_wconf 95' lang='lat'>-</span> <span class='ocrx_word' id='word_1_351' title='bbox 862 4243 1028 4309; x_wconf 76' lang='grc' dir='ltr'><em>Φλυσῶσα</em></span> <span class='ocrx_word' id='word_1_352' title='bbox 1053 4247 1239 4335; x_wconf 75' lang='grc' dir='ltr'><em>μαινομένη</em></span> 
     </span>
    </p>
   </div>
   <div class='ocr_carea' id='block_1_4' title="bbox 0 0 1372 4778">
    <p class='ocr_par' dir='ltr' id='par_1_5' title="bbox 0 0 1372 4778">
     <span class='ocr_line' id='line_1_40' title="bbox 0 0 1372 4778; baseline 0 1"><span class='ocrx_word' id='word_1_353' title='bbox 0 0 1372 4778; x_wconf 95' lang='lat' dir='ltr'> </span> 
     </span>
    </p>
   </div>
  </div>
 </body>
</html>
