2736 4778
134 308 210 382 ssu
366 388 370 399 ι
483 301 803 370 nisssnssrro
830 303 895 371 ru

133 513 200 577 que
228 486 355 556 censuit
374 485 574 575 Apollonius
596 481 616 556 ὁ
637 484 808 574 Ἀρχιβίου
836 488 896 555 sed
921 487 986 556 alio
1012 500 1153 558 accentu
1176 512 1261 557 usne

134 587 269 682 αὶζῃός,
300 588 391 676 quod
416 587 626 676 reprehendit
652 590 732 657 EM.
753 591 812 668 32,
836 590 887 657 10.
917 592 966 659 sie
991 591 1077 658 enim
1102 591 1260 679 properi-

134 715 318 780 spomenon
347 690 417 758 fieri
446 689 565 758 debere
594 701 631 756 ut
657 685 776 779 ἆδήιος
802 686 916 781 depos.
960 693 1041 762 Veri
1067 692 1261 760 inveniendi

133 795 219 859 viam
248 791 431 882 praecludit
462 790 642 858 obscuritas
672 793 789 879 etymi3
823 817 864 860 ex
894 795 1005 883 specie
1027 794 1260 881 judicantibus

133 897 203 964 fieri
225 919 325 985 posse
346 894 474 960 ridetur
495 903 533 958 ut
554 889 685 981 αἰζήιος
710 905 827 962 natura
849 897 1045 981 adjectivum
1066 896 1125 974 sit,
1155 919 1261 964 sensu

132 997 382 1065 substantivum.
434 995 608 1063 Voealium
639 994 811 1083 longarum
842 998 976 1065 alteram
1007 998 1130 1086 excipit
1161 998 1260 1066 litera

134 1098 338 1187 pleonastica
359 1097 394 1161 in
416 1095 518 1162 tribus
540 1096 727 1163 nominibus
750 1094 856 1186 θωιή,
882 1096 989 1182 ζώιον,
1012 1093 1103 1179 ὤιον,
1131 1099 1259 1186 quibus

134 1201 192 1286 qui
218 1200 328 1265 iotae
352 1208 467 1263 natura
488 1197 671 1284 ingenitum
692 1208 827 1287 putant,
854 1199 1009 1266 falluntur
1029 1200 1119 1267 haud
1141 1201 1257 1269 dubie.

130 1303 188 1367 De
213 1301 318 1388 primo
346 1300 494 1366 meminit
515 1299 750 1387 Theognostus
774 1300 851 1379 108,
875 1302 926 1368 12.
953 1300 1010 1369 διὰ
1031 1307 1092 1370 τοῦ
1113 1289 1150 1370 αι’
1172 1300 1258 1391 χρό-

131 1425 234 1488 φεται
254 1401 294 1470 τὸ
319 1399 396 1491 ζωή,
419 1398 512 1490 dori·
535 1405 633 1470 τοῦτο
656 1402 694 1470 δὲ
716 1401 773 1468 καὶ
794 1402 854 1472 σὺν
875 1392 969 1491 apii,
991 1416 1025 1469 et
1041 1404 1123 1470 ΕΜ.
1133 1405 1190 1484 26,
1201 1405 1258 1473 20.

130 1501 225 1589 παρὰ
253 1502 292 1571 τό
320 1506 374 1571 θῶ
401 1500 478 1590 θωι)
492 1541 533 1551 -
547 1499 615 1584 ἔχει
643 1502 681 1569 δὲ
707 1501 746 1571 τὸ
764 1490 798 1568 ἶ
816 1500 854 1572 ἐκ
879 1500 1105 1590 παραδόσεως
1130 1502 1255 1595 ἐπειδὴ

131 1598 268 1690 εὕρηται
293 1598 387 1691 dcciii
413 1598 500 1688 παρ’
525 1597 706 1692 Ἀρχιλόχῳ
737 1600 865 1683 „litor
892 1628 938 1672 σε
966 1602 1076 1693 droth
1104 1600 1255 1695 lew.

128 1706 207 1770 Hoc
227 1699 320 1792 θιοιή
341 1705 461 1790 legitur
482 1705 516 1769 in
539 1703 613 1770 cod.
633 1703 781 1770 Maneth.
797 1705 863 1771 111.
878 1706 952 1771 213.
974 1706 1033 1771 sed
1056 1704 1257 1790 bisyllabum

130 1805 199 1871 iota
218 1815 324 1882 muto,
351 1827 417 1890 quo
442 1815 574 1893 poetam
594 1804 703 1890 ipsum
724 1827 821 1871 usum
847 1828 919 1873 esse
940 1807 1072 1872 minime
1094 1807 1255 1876 credibile

130 1916 182 1976 est
209 1917 284 1972 ante
313 1904 426 1971 oculos
454 1906 563 1993 posito
591 1905 756 1973 homerico
778 1906 874 1995 θωή,
907 1909 997 1992 quod
1026 1907 1133 1974 solum
1160 1909 1256 1976 novit

129 2008 295 2074 Arcadius
319 2031 352 2095 p.
377 2005 515 2095 103.st
537 2005 594 2074 διὰ
612 1997 672 2096 op
688 2003 855 2089 ὀξύνεται,
881 2007 961 2098 ζωή,
986 2005 1076 2097 θαι),
1101 2006 1194 2099 ἐρωή
1208 2011 1253 2097 0).

128 2109 200 2176 Neo
228 2109 419 2196 persuaderi
448 2118 559 2197 potest
587 2108 762 2196 scriptores
794 2111 878 2176 adeo
908 2111 1078 2197 pedestres
1109 2111 1181 2177 iota
1211 2112 1254 2179 ab

129 2208 331 2276 Archilocho
362 2211 619 2298 proseminatum
648 2211 851 2277 manstulisse
879 2211 922 2276 ad
950 2212 1146 2297 adjectivum
1174 2211 1255 2280 hine

129 2312 349 2399 compositum
374 2325 411 2377 ut
437 2311 690 2410 Chperoboscus
717 2312 797 2378 dicit
824 2313 859 2377 in
883 2312 1006 2378 Psalm.
1031 2312 1102 2378 118.
1132 2309 1253 2393 ἇθῶος

127 2413 165 2480 τὸ
184 2408 327 2502 ἀζήμιος
344 2410 411 2496 ἔχει
433 2412 471 2480 τὸ
491 2440 504 2479 ι
527 2409 596 2479 ἀπὸ
619 2409 858 2499 παραδόσεως,
882 2423 915 2480 et
930 2413 1120 2501 Stephanus
1135 2409 1253 2495 Ἄθως

126 2513 164 2582 τό
192 2512 334 2581 τοπικὸν
361 2513 464 2598 χωρὶς
489 2519 550 2580 τοῦ
570 2502 605 2579 ἶ·
636 2512 674 2581 τὸ
706 2512 743 2579 δὲ
771 2516 892 2602 δολοῦν
922 2515 959 2583 τὸ
990 2510 1130 2603 ἀζήμιον
1159 2540 1251 2604 προ-

126 2619 339 2701 περισπᾶτιιι
361 2614 418 2678 καὶ
444 2612 500 2679 διὰ
523 2602 711 2679 τοῠῖόπὸ
733 2618 792 2702 τῆς
815 2619 911 2705 θῳῆς
924 2618 956 2702 1)
984 2617 1168 2701 eodemque
1196 2639 1249 2681 ar-

123 2724 282 2800 gumento
310 2713 486 2797 Elmslejus
516 2716 595 2780 Eur.
625 2714 718 2780 Med.
745 2715 837 2781 1267.
871 2741 932 2804 pro
966 2713 1083 2796 ἆθῶος
1118 2718 1253 2805 scripsit

126 2809 257 2902 ἀθῷος,
281 2817 356 2880 olim
375 2818 458 2880 enim
480 2808 790 2892 &interdicebatur
808 2830 836 2884 et
855 2816 958 2906 θιοϊή.
1002 2819 1050 2882 At
1067 2817 1153 2882 enim
1170 2841 1252 2886 vero

126 2909 259 2993 ἆθώιος
280 2939 449 3002 nunquam
468 2917 602 3003 legitur,
631 2915 824 3004 saepissime
849 2941 924 2985 vero
947 2919 1165 3005 trisyllabum,
1195 2922 1253 2986 oui

125 3040 194 3083 non
216 3017 262 3082 ita
285 3017 414 3105 pridem
436 3017 506 3084 iota
532 3018 610 3082 addi
637 3030 790 3106 coeptum
812 3031 877 3099 est,
906 3033 1030 3088 veteres
1057 3044 1133 3087 vero
1158 3023 1251 3089 Edd.

128 3118 320 3206 plerumque
338 3114 458 3197 ‹ittoioc
474 3119 645 3198 exhibent,
668 3120 772 3186 rarius
791 3117 909 3200 όθιοος
930 3123 1021 3208 quod
1039 3124 1121 3189 ratio
1139 3125 1254 3210 poscit

126 3230 161 3286 et
180 3221 327 3287 nonnulli
344 3231 489 3285 veterum
507 3221 746 3308 approbarunt:
768 3220 806 3291 τὸ
830 3217 948 3301 ἆθῶος
969 3226 1056 3303 τινὲς
1077 3225 1138 3308 μὲν
1161 3251 1252 3312 προ-

126 3321 412 3408 παροξοτονοῦσιν
434 3315 479 3397 ὡς
500 3321 537 3387 τό
560 3319 655 3412 φωνή
678 3316 829 3411 ἄφωνος,
850 3323 957 3411 ἕτεροι
976 3325 1014 3394 δὲ
1034 3328 1251 3412 περισπῶσιν

126 3418 173 3501 ὡς
199 3421 257 3488 καὶ
284 3417 302 3509 ἡ
330 3416 492 3508 συνήθεια
522 3430 636 3508 κρατεῖ
665 3423 751 3491 κατὰ
775 3426 1001 3516 συοεκδρομὴι
1025 3429 1085 3494 τοῦ
1109 3421 1251 3516 {reptos

197 3656 226 3724 6)
246 3656 385 3712 Omissum
403 3665 448 3712 est
465 3654 515 3725 1ωὴ
533 3664 562 3712 et
580 3656 706 3729 topicum
725 3654 824 3726 Οἰνόη.
866 3654 928 3728 Θόη
946 3661 1106 3730 berytouon
1125 3662 1250 3733 praebet

125 3740 283 3814 Hesychius
302 3750 331 3796 et
349 3743 468 3798 Photius
487 3760 504 3796 a
522 3761 566 3815 pr.
586 3762 622 3797 m.
642 3745 692 3799 sed
709 3739 770 3810 tori
789 3741 905 3798 Maxim.
922 3746 980 3800 576.

196 3831 224 3896 7)
244 3827 292 3884 Sic
307 3826 406 3899 scripsi
421 3844 483 3881 cnm
496 3827 639 3885 Meinelrio
654 3847 706 3901 pro
721 3833 809 3897 θοῆς,
823 3838 852 3884 et
864 3831 949 3901 paulo
964 3839 1028 3886 ante
1042 3831 1070 3886 iu
1082 3831 1249 3888 Archilochi

125 3915 190 3973 loco
211 3911 281 3982 θωϊὴ
299 3912 416 3970 retentis
434 3912 546 3986 punctis
564 3914 718 3970 discriticis
741 3922 773 3969 ut
793 3915 850 3970 iota
870 3917 983 3972 effabile
1008 3916 1212 3988 distinguerem
1230 3936 1251 3974 a

124 4011 214 4066 muto,
239 4003 317 4074 quod
340 3999 369 4054 in
391 4001 475 4055 codd.
497 4019 555 4055 non
578 3998 766 4055 subscribitur
788 4003 841 4055 sed
864 4003 1043 4059 adscribitur.
1088 4005 1250 4076 Syntheton

126 4085 274 4142 Beklrerus
292 4087 322 4143 in
339 4087 459 4158 Lycurg.
473 4086 612 4142 chaeur.
629 4085 923 4156 1ea‚38.(A1d.157.)
939 4087 1034 4158 ἀθῷος
1052 4090 1165 4162 scripsit
1183 4107 1249 4146 cum

128 4168 196 4236 iota,
214 4181 279 4242 post
297 4190 364 4228 vero
379 4174 439 4237 2³8,
451 4173 494 4225 211.
509 4171 590 4242 (Ald.
606 4170 677 4239 lea.)
693 4169 754 4226 sine
772 4189 817 4237 eo,
834 4170 963 4230 Baiterns
982 4183 1103 4249 utroque
1121 4175 1186 4232 loco
1204 4175 1249 4231 sic

128 4262 159 4308 ut
177 4256 262 4325 vulgo
282 4257 362 4312 solet.
