2736 4778
77 411 84 422 ’
128 452 170 518 aa
388 459 391 463 ·
517 446 796 517 nrssnnarmo
819 449 872 515 vr.

127 617 265 699 bnmquc
275 614 478 682 Homericum
500 615 603 703 δῃοῦν
624 614 867 696 pronunciamus
889 614 954 681 iota
976 633 1047 681 cum
1069 621 1123 681 eta
1146 616 1265 683 mixto.

130 719 193 787 Sed
214 719 288 785 licet
320 720 416 785 ctiam
442 718 502 784 hoc
523 718 682 800 corripere
715 718 797 784 sicut
817 718 978 784 Hesiodus
999 737 1114 785 nomen
1137 716 1265 806 Δηΐωι

129 819 261 907 protulit
292 821 418 902 Frogm.
451 821 553 902 Lxx,
588 821 645 887 sed
676 819 727 886 hic
759 821 913 902 producta
946 821 1067 904 syllaba
1103 822 1263 888 secunda
1301 879 1305 883 .

129 927 272 1008 Utraque
305 925 386 990 ratio
409 926 555 990 convenit
583 924 624 989 ad
645 928 767 990 ceteros
789 923 883 1004 locos,
916 924 1085 1005 inquibus
1108 925 1263 991 omnibus

129 1027 251 1112 syllaba
271 1026 358 1109 prior
379 1028 411 1092 in
433 1026 516 1092 thesi
538 1028 642 1110 posita
664 1031 714 1092 est
725 1026 749 1109 ¹)
772 1031 836 1112 γνῶ
858 1021 886 1113 ῥ’
902 1021 1026 1114 ἄνδρας
1037 1025 1153 1115 δηΐους
1178 1027 1263 1094 le

130 1128 203 1210 358,
238 1122 316 1197 ι’ίισυ
338 1128 442 1220 δηΐων
462 1129 544 1196 XIII
564 1127 643 1208 556,
678 1124 810 1194 αὐτάων
833 1127 947 1215 δηΐους
975 1129 1038 1196 XII
1059 1126 1124 1194 264
1146 1135 1185 1196 et
1209 1130 1262 1197 all.

131 1233 313 1300 Sententiae
335 1252 453 1314 eorum,
476 1233 531 1315 qui
551 1232 585 1297 in
606 1231 656 1297 his
678 1250 802 1314 quoque
824 1231 890 1297 iota
910 1251 968 1314 pro
990 1251 1126 1298 consona
1146 1233 1263 1301 valere

130 1337 248 1415 volunt
271 1333 411 1402 officiunt
432 1354 484 1416 ea,
519 1354 601 1417 quae
632 1336 666 1399 in
687 1332 749 1400 fine
773 1334 943 1417 superioris
966 1337 1077 1418 eapitis
1098 1337 1138 1401 de
1163 1336 1261 1420 diph-

131 1439 290 1520 thongoffi
309 1439 392 1505 dicta
415 1445 496 1505 sunt.
512 1477 547 1485 -
563 1437 706 1504 Tertium
720 1433 801 1527 ᾐών,
825 1438 908 1521 quod
924 1437 1111 1505 Plutarchus
1133 1439 1169 1504 in
1193 1441 1264 1507 rita

132 1541 263 1608 Homeri
285 1559 311 1609 c.
333 1542 381 1607 Xl
412 1562 470 1625 pro
493 1540 662 1625 specimine
685 1542 863 1624 synaeresis
885 1539 991 1621 affert,
1026 1542 1165 1609 Thomas
1190 1542 1264 1609 iuro

122 1645 244 1710 ultticis
255 1645 582 1729 assignat3Homerus
593 1645 716 1728 integro
727 1646 836 1725 utitur,
848 1664 910 1728 quo
921 1644 1206 1728 Apollodorusltl.
1218 1646 1261 1714 21

131 1752 164 1812 et
185 1748 326 1813 nonnulli
348 1749 490 1815 eiusdem
521 1749 639 1815 ordinis
660 1747 860 1828 relabuntur,
893 1768 921 1813 v.
944 1747 1082 1830 Wagner
1105 1749 1146 1814 ad
1171 1749 1263 1816 Alci·

130 1850 240 1933 phron.
262 1849 278 1915 I
300 1850 358 1933 Ep.
383 1851 410 1917 1.
456 1849 605 1917 Ceterum
637 1851 805 1935 etymologi
838 1850 897 1917 hoc
925 1869 1039 1918 nomen
1074 1851 1113 1918 ab
1142 1854 1263 1920 eodem

130 1953 228 2022 verbo
263 1955 359 2022 eundi
391 1960 552 2038 repetunt,
585 1953 670 2020 unde
701 1953 781 2019 illud
813 1954 935 2037 plurale
964 1961 1089 2021 tantum
1115 1950 1197 2043 ἤϊα,
1231 1977 1263 2023 ι.

131 2054 338 2123 Elemm.165
346 2056 510 2142 [at71].·-
519 2055 603 2123 Huic
613 2056 805 2123 simillimum
818 2052 917 2142 λήϊον,
926 2058 1009 2138 quod
1022 2059 1119 2140 aliqui
1131 2059 1175 2124 ad
1183 2057 1264 2127 λεία

132 2160 288 2241 referum,
320 2178 481 2241 nunquam
504 2160 700 2243 componitur
721 2164 849 2242 praeter
870 2159 1019 2225 Doricum
1041 2164 1132 2251 λᾷοο,
1157 2162 1261 2228 λαιο-

131 2268 214 2348 pair.
239 2301 274 2311 -
307 2261 581 2329 Substantivorum
614 2263 646 2328 in
668 2260 722 2348 η’·ιξ
743 2264 925 2330 exeuntium
950 2283 1047 2329 unum
1081 2265 1264 2347 antiquitus

133 2371 295 2433 enotatum
317 2371 368 2432 est
388 2366 491 2449 Epim.
513 2366 529 2432 Ι
551 2364 614 2433 229
638 2365 730 2449 παρὰ
752 2364 791 2432 τὸ
815 2363 912 2433 κλείω
933 2364 1023 2444 aleis
1044 2365 1098 2433 καὶ
1121 2365 1158 2433 ἐν
1183 2370 1264 2436 δια-

132 2467 224 2537 λύσει
246 2467 335 2547 alata
356 2469 410 2536 καὶ
432 2465 615 2556 ἐπαυξὴσει
638 2469 739 2556 κληῒς,
764 2466 850 2557 ὅπερ
874 2466 1097 2556 σεσημείωται
1114 2465 1265 2539 ἐπιτεῖνον

132 2573 170 2640 ιὸ
194 2576 225 2644 ἶ
276 2572 326 2638 Τὰ
349 2571 410 2660 γὰρ
433 2569 478 2650 εἷς
502 2571 534 2650 ἶς’
556 2573 687 2662 θηλυκὰ
723 2569 779 2640 ὅτι
801 2568 1056 2660 καθαριοὺουσι,
1085 2574 1265 2643 συστέλλει

134 2674 231 2744 ailad:
254 2674 409 2764 Βρισηῒς,
430 2673 597 2762 Χρυσηῒς,
623 2674 709 2765 Νηΐς
731 2683 767 2754 (a
788 2676 851 2744 νέω
875 2673 1041 2764 ιὴχσμσι),
1066 2676 1182 2758 quibus
1205 2697 1263 2746 ac·

133 2780 249 2846 cedunt
282 2776 356 2864 ληΐς
389 2778 511 2858 epicum
540 2784 574 2843 et
600 2777 673 2867 δοΐς
700 2780 911 2846 thematicum.
978 2779 1133 2846 Praesens
1166 2781 1264 2870 κιῄω

133 2884 274 2949 lonicum
296 2886 354 2960 cst
377 2881 483 2946 Attica
504 2900 592 2963 vero,
617 2901 699 2964 quae
722 2882 853 2948 Photius
875 2880 976 2963 affert
999 2887 1117 2971 κλῇσαι
1140 2880 1174 2950 οἱ
1198 2884 1263 2973 ἆρ-

134 2991 225 3069 χαῖσι
248 2984 381 3071 λέγουσι
404 2983 459 3049 καὶ
482 2985 598 3072 κλῇδα·
622 2982 729 3064 οὕτως
752 2983 783 3051 οἱ
805 2984 952 3073 τραγικοὶ
975 2985 1031 3051 καὶ
1051 2985 1267 3075 Θουκυδίδης

135 3096 168 3156 et
190 3096 296 3156 cetera
316 3087 410 3154 huius
433 3088 556 3170 amplas
579 3090 756 3171 prosapiae,
781 3090 822 3156 de
845 3089 958 3172 quibus
982 3088 1125 3154 omnibus
1148 3093 1264 3173 exqui-

136 3195 195 3258 site
230 3199 263 3258 et
295 3186 496 3258 abundanter
523 3192 696 3273 disputavit
716 3192 895 3259 Ellendtius
922 3192 955 3257 in
975 3191 1089 3257 Lexico
1113 3191 1263 3274 Sophocl.

137 3296 170 3361 T.
192 3295 208 3361 Ι
230 3293 302 3361 965.
347 3293 439 3383 Apte
460 3295 494 3360 id
521 3299 572 3361 est
601 3292 674 3360 λεία
696 3297 880 3362 mutationis
903 3313 1031 3377 erpers3
1062 3295 1118 3359 sed
1141 3303 1263 3376 poetae

135 3400 324 3466 contrahunt
345 3397 433 3463 verbi
454 3397 527 3463 hinc
548 3397 633 3464 ducti
661 3395 792 3477 formas,
825 3395 965 3488 ἐλῄσατο
988 3398 1123 3476 Anthol.,
1158 3401 1262 3488 λελῃ.

137 3505 238 3590 σιιένη
251 3503 368 3584 Eurip,
392 3520 495 3567 sermo
512 3507 620 3567 autem
631 3500 752 3564 solutus
765 3499 886 3590 λῃστής
897 3506 930 3566 et
940 3501 999 3566 hoc
1009 3502 1055 3565 ita
1066 3505 1263 3584 constanter,

137 3614 174 3673 ut
195 3609 296 3672 altera
317 3604 418 3670 forma
439 3604 576 3670 librariis
598 3603 765 3669 tribuatur.
809 3603 872 3669 Eta
894 3621 956 3668 non
974 3604 1176 3684 primitivum,
1201 3606 1262 3672 sed

138 3730 177 3777 ex
200 3709 298 3791 epsilo
321 3725 504 3773 conversum
529 3725 682 3774 essenon
705 3706 806 3772 solum
828 3724 1019 3790 synonymon
1041 3707 1119 3772 illud
1134 3707 1263 3790 probat

138 3814 222 3897 quod
244 3830 300 3894 pro
323 3816 426 3892 etymo
448 3811 592 3891 habetur,
615 3811 791 3876 sedetiam
813 3810 1012 3892 participium
1034 3809 1130 3888 verbi,
1165 3812 1262 3896 δοῦρα

138 3915 307 4002 λιϊζομένη
331 3915 465 3995 Anthol.‚
488 3920 522 3980 et
548 3915 736 3980 adieetivum
758 3913 830 3979 hinc
852 3914 1055 3993 declinatum,
1089 3913 1177 3978 cuius
1201 3915 1262 3982 du·

136 4020 209 4102 plex
243 4016 345 4083 forma
376 4018 460 4084 intra
492 4023 558 4084 tres
591 4035 701 4083 versus
728 4016 857 4083 Homeri
880 4016 1009 4093 occurit,
1043 4035 1105 4079 una
1129 4016 1263 4084 ineunte

136 4141 230 4189 versu
259 4119 387 4209 ληϊστοὶ
412 4119 472 4205 μὲν
495 4117 558 4209 γάρ
590 4144 626 4186 aa
658 4120 694 4185 Il.
717 4119 763 4185 IX
785 4119 858 4202 406,
881 4121 981 4185 altera
1014 4123 1147 4184 exeunte
1182 4115 1264 4189 οὔτε

209 4362 235 4427 l)
253 4335 324 4416 Nihil
342 4370 434 4418 contra
450 4363 523 4416 volet
540 4360 619 4434 δηΐου
637 4361 668 4416 ἐκ
687 4365 820 4424 πολέμοιο
831 4364 859 4413 in
877 4361 961 4429 primo
972 4376 1066 4414 verano
1083 4362 1150 4429 pade
1169 4369 1265 4428 quater

139 4451 286 4518 repetitum.
