2736 4778
139 347 199 418 154
514 298 793 417 nrssnurnrro
825 349 897 418 vn.

135 513 252 595 Poppo.
297 511 360 578 Sed
391 512 425 577 in
456 532 501 578 or.
523 512 607 579 Isaei
640 514 681 579 dc
712 513 778 579 her.
800 513 948 594 Dicaeog.
970 531 1000 595 p.
1022 510 1068 579 64
1090 512 1144 579 38
1167 514 1269 581 Bekis

136 614 206 699 (54)
228 615 434 697 pluribusque
455 615 678 682 Demosthenis
699 620 733 682 et
743 615 893 683 Isocratis
914 615 1001 695 locis,
1021 634 1108 698 quos
1124 616 1268 685 indicari

136 717 178 784 ad
198 718 247 783 Αἰ.
269 737 300 801 p.
312 717 375 784 259
397 736 454 801 sq,
476 719 568 785 modo
590 737 692 797 unns·
703 718 796 784 modo
817 716 926 800 plures
947 714 1086 804 πρόσθε
1110 719 1270 787 exhibent

134 820 301 903 probatum
333 820 480 886 Bckkero
513 825 546 887 et
567 817 799 886 Turiocnsibus.
857 819 947 905 ldem
969 818 1197 889 Schneiderus
1226 824 1268 890 nd

135 922 200 989 Gir.
212 922 246 988 T.
258 923 273 989 l
287 922 349 988 126
371 923 538 1005 aliquoties
559 923 684 989 Platoni
704 922 843 990 vindicat
863 922 902 987 ob
923 921 1067 989 wdrbum
1088 924 1268 991 mdiorum

134 1026 384 1105 σσνιοοννσίυννοσιῑ
417 1026 474 1091 sed
495 1025 673 1091 Rueckmto
705 1025 748 1091 ud
769 1024 875 1108 Symp.
900 1025 962 1092 172
982 1026 1021 1091 A.
1044 1024 1201 1091 notanda
1220 1026 1266 1091 σί

133 1126 225 1193 ἄρσιν·
245 1128 380 1215 {samnis
401 1126 545 1191 Bclclcera'
561 1127 781 1209 immamus,
804 1128 863 1212 σοι·
880 1128 915 1192 r'u
935 1150 996 1193 auc
1017 1124 1177 1193 Phoebas
1198 1126 1265 1195 edi-

132 1232 216 1294 tione
235 1231 361 1295 accubuo
383 1226 549 1316 πρόσθεν,
584 1228 796 1315 ἔμπροσθεν,
831 1222 979 1297 ὄπισθεν
1011 1229 1089 1295 olas
1110 1244 1265 1317 sequente

133 1354 270 1399 consona
294 1332 387 1397 modo
420 1330 593 1396 detraxerit
625 1335 653 1402 ἶ
664 1331 784 1417 finclo,
817 1330 912 1397 nodo
946 1332 1114 1417 rclr'qucrn't
1150 1346 1264 1399 cunm

132 1434 274 1499 codo’cum
298 1436 526 1521 plerorumque
558 1456 739 1499 muscarum
771 1445 816 1515 et,
848 1433 918 1499 orbi
945 1456 1141 1521 moqnopcre
1176 1458 1262 1519 erro,

133 1538 249 1602 ιὀσισνσ
258 1538 448 1626 σσσὶσριὶισν.
492 1537 649 1619 Equidem
670 1536 747 1618 quid
768 1536 1037 1619 quisqueGracce
1047 1538 1261 1607 scribentium

131 1640 321 1723 probaverit
342 1660 405 1707 non
427 1641 568 1722 disputo,
601 1639 659 1705 sed
686 1638 747 1705 hoc
766 1644 875 1705 tannen
896 1640 976 1706 satis
997 1657 1164 1724 superque
1185 1660 1260 1709 con-

131 1744 319 1824 starcando,
351 1743 462 1810 literas
495 1741 608 1808 finales
629 1741 771 1808 crebrius
793 1741 979 1825 aridumue
1000 1742 1139 1811 detritas
1161 1762 1259 1828 qnam

131 1847 275 1929 appictss
297 1863 377 1913 essa.
431 1845 471 1911 ln
503 1844 661 1911 adverbiis
683 1864 758 1912 vero
792 1845 855 1911 illis
890 1848 939 1919 νῦ.
960 1862 1022 1911 non
1049 1863 1129 1913 casu
1153 1848 1257 1915 solum

130 1950 347 2031 praeteritum,
370 1948 427 2015 scd
448 1966 470 2014 a
490 1947 704 2030 grammaticis
726 1947 884 2013 nonnullis
907 1946 1015 2014 dedita
1029 1951 1256 2029 opcraexstir·

129 2056 241 2134 patum
274 2069 345 2117 esse
373 2069 413 2115 ex
445 2049 499 2115 illo
529 2048 698 2132 etymologi
720 2050 899 2116 testimonio
921 2051 1136 2132 agnoscar,
1172 2052 1256 2135 quod

129 2155 162 2220 in
184 2153 337 2236 principio
358 2153 452 2219 huius
474 2152 588 2234 capitis
609 2144 718 2232 retuli,
753 2157 786 2217 ct
818 2169 857 2217 ex
879 2152 1014 2218 Tzetzae
1036 2152 1146 2220 uerbis
1182 2154 1255 2223 huic

130 2255 375 2338 congruentibus
396 2256 439 2321 ad
459 2255 612 2337 Lycopbr.
634 2250 698 2317 482
730 2251 771 2321 σὰ
805 2249 853 2333 εἰς
874 2248 910 2326 i}
931 2250 1151 2345 ἐπιρρήματα
1174 2258 1255 2331 tb’,

129 2354 364 2445 ἐφελκυσσνκὸν
386 2356 497 2440 ἔχουσι
520 2352 709 2443 φωνήεντος
730 2353 987 2442 ἐπιφερομένου,
1008 2352 1198 2444 συμφώνου
1219 2360 1255 2429 δι’

129 2454 250 2536 οὐκέτι,
275 2456 389 2545 ὥσπερ
412 2456 500 2546 κάγὼ
532 2455 662 2545 γράφω·
685 2456 742 2524 καὶ
765 2454 884 2526 τούτου
907 2457 1001 2526 ἕνεκα
1023 2460 1169 2541 πολλοῖς
1191 2465 1256 2529 τῶν

130 2558 276 2643 ἀμαθῶν
295 2558 511 2649 decerpuntur,
546 2561 629 2626 unde
653 2561 733 2626 scire
755 2560 838 2639 licet,
872 2561 951 2627 (luas
972 2558 1071 2627 fuisse
1093 2580 1253 2644 gramma·

128 2666 261 2730 cicorum
284 2668 397 2742 sectas,
430 2681 526 2727 unam
548 2662 747 2728 attractionis
769 2660 950 2743 fautricem,
980 2665 1116 2732 alteram
1137 2669 1253 2736 adver·

129 2767 293 2845 satricum,
326 2783 422 2847 quam
450 2782 585 2846 sequens
609 2764 741 2829 Tzetzcs
764 2763 886 2833 ἔνδοθι
909 2771 943 2832 et
964 2765 1100 2835 sovana
1122 2772 1254 2854 scripsit

130 2869 226 2951 Eueg.
249 2868 285 2933 Il.
308 2887 337 2950 p.
360 2866 412 2947 38,
436 2864 539 2933 tuobe
563 2864 613 2931 76.
641 2865 688 2946 19,
711 2863 787 2944 ὅθι,
821 2889 849 2933 v.
871 2868 1042 2935 Hermann.
1064 2889 1095 2952 p.
1119 2870 1172 2937 36.
1219 2874 1252 2940 Si

129 2976 236 3035 mmcn
259 2971 417 3036 obstinate
439 2969 605 3049 credimus,
628 2970 754 3037 eosdem
778 2970 947 3051 scriptores
958 2972 1080 3038 Atticos
1097 2970 1254 3058 πρόσθεν

127 3078 160 3136 et
183 3067 329 3138 lineatim
350 3073 442 3138 modo
465 3072 510 3137 sic
533 3073 707 3154 scripsisse,
729 3073 821 3138 modo
844 3074 951 3153 aliter,
985 3074 1017 3139 id
1044 3075 1252 3155 tribuendum

126 3175 188 3239 erit.
210 3175 327 3241 velens
349 3174 593 3256 orthographiae
615 3174 853 3255 inconstantiae,
887 3176 927 3242 de
948 3194 1012 3259 qua
1033 3178 1065 3244 in
1087 3180 1177 3246 exitu
1201 3200 1251 3248 se·

126 3278 251 3357 quentis
273 3278 506 3344 dissertationis
529 3277 672 3343 dicturus
695 3294 766 3343 sum
787 3278 993 3360 explanatius.

212 3381 239 3463 ᾗ.
262 3379 292 3445 5.
336 3379 449 3447 Adhuc
481 3379 587 3461 aliqua
619 3397 680 3444 non
715 3386 790 3445 sunt
821 3381 997 3446 omittenda
1024 3382 1064 3447 de
1086 3384 1250 3453 coniun-

125 3481 329 3547 ctionibus
379 3482 461 3548 Cum
494 3479 615 3567 ἔλεγεν,
650 3479 768 3568 ἔφερεν
802 3482 985 3565 Apollonius
1017 3483 1095 3550 niv.
1130 3483 1247 3554 6041

125 3583 246 3650 confert
278 3584 330 3650 καὶ
363 3578 381 3647 ὁ
416 3586 458 3649 κέ
488 3582 669 3667 σύνδεσμος
697 3586 764 3652 κέν
797 3581 871 3653 ἔσθ’
896 3582 953 3652 ὅσο
986 3586 1118 3670 λέγεται
1152 3589 1249 3678 παρὰ

126 3688 307 3771 Δωριεῦσι,
338 3687 422 3768 quod
453 3687 570 3768 repetit
602 3686 891 3770 Epim.1160.1.
936 3688 1138 3755 Hermannus
1169 3710 1249 3759 vcro

125 3788 240 3870 Opusc.
264 3788 298 3852 T.
321 3788 366 3854 IV
389 3788 451 3853 225
484 3789 539 3854 κέν
561 3809 600 3855 ex
622 3788 678 3856 καί
698 3788 817 3856 factum
843 3795 950 3872 putat,
984 3790 1183 3874 Hartumgius
1208 3794 1249 3860 de

123 3892 254 3958 Partica.
279 3891 313 3955 T.
336 3890 367 3955 11
390 3891 431 3955 25
464 3910 503 3956 cu
526 3884 576 3957 ὅν.
621 3892 682 3958 Ηίο
714 3894 814 3958 omnis
843 3891 943 3959 ferme
964 3894 1016 3958 via
1036 3912 1191 3977 praeceps
1216 3902 1250 3964 ct

124 3995 246 4061 lubrica
267 3999 325 4059 est.
370 3997 482 4080 Δῆθε
516 4012 596 4060 unus
618 3994 787 4077 Euripides
820 3995 985 4077 usurpavit
1017 4001 1050 4062 et
1074 3995 1108 4061 id
1130 3999 1248 4078 semel;

124 4093 312 4181 δὴπσυθε
334 4101 368 4162 et
390 4093 594 4183 δήποθε*)
628 4096 770 4161 ciusdem
802 4098 918 4163 aetatis
940 4104 1029 4179 sunt,
1063 4116 1146 4180 quoe
1169 4095 1247 4167 dds

123 4235 219 4245 -u—-·
242 4238 282 4245 --
304 4238 377 4245 ....-..

191 4316 221 4385 ν)
240 4319 284 4372 ra
300 4319 446 4373 asceam
463 4319 563 4374 arras
579 4319 647 4389 ρισσ
664 4319 728 4374 noo.
745 4321 857 4391 aspa:
878 4285 960 4388 spor.
