2736 4778
131 331 204 412 534
480 331 802 403 DISSERTATIO
830 331 893 405 lv.

130 519 279 611 μακράν,
308 519 367 588 όιά
382 524 444 588 τοῦ
463 507 489 584 ό
506 516 692 608 εάηνροοόνη
712 531 774 589 eto
805 545 839 610 p.
866 523 925 591 13.
947 521 1037 590 unde
1059 523 1255 611 supplendo

131 637 181 694 eet
201 623 315 711 regula
337 622 418 690 EM.
440 621 514 700 275,
536 623 590 690 42.
637 624 684 691 Et
711 623 763 689 hie
792 623 886 710 petie
912 635 990 690 eunt
1017 622 1181 690 adverbia
1201 626 1253 694 lo«

131 729 229 806 calio,
257 748 341 812 quae
369 747 429 812 pro
455 725 608 812 portione
634 725 896 793 onteoedentium
922 724 1119 811 syllabarum
1147 728 1252 795 mode

129 831 261 897 brevem
282 827 448 914 eooipiunt
468 825 636 914 pmlexin
657 827 759 893 modo
773 828 925 914 longam,
948 823 1117 908 ἀλλαχόθι
1139 823 1253 896 ἀλλα-

128 929 232 1016 χόθεν
263 923 427 1011 ἀλλαχόσε
451 928 512 993 sed
543 923 689 1015 ἑτέρωθι
710 924 877 1017 ἑτέρωθεν
897 925 1040 1015 ἑτέρωσε
1060 939 1125 994 eto.
1180 930 1254 999 Neo

131 1032 316 1100 omittemus
338 1029 523 1117 composita
539 1023 723 1116 κρεηάόκος
739 1026 951 1114 κρειοόόκος,
967 1028 1142 1123 χεωπόνος
1159 1054 1253 1119 yem-

129 1131 246 1218 τόμος,
268 1128 431 1218 νεωκόρος
449 1126 634 1214 νειοκόρος,
657 1125 821 1219 μετήορος
838 1132 1008 1218 μετέωρος
1019 1130 1063 1217 ⁸).

212 1284 268 1352 De
296 1282 403 1350 verbis
430 1281 571 1350 breviter
602 1244 768 1371 praecipit
791 1282 900 1371 Epim.
932 1282 1061 1351 L446.
1096 1276 1251 1370 χινονται

129 1383 379 1475 ἀπερβιβασμοὶ
402 1380 523 1470 χρόνον
551 1379 722 1472 υπιόρορε,
751 1381 923 1470 βοώμενος
944 1383 1024 1472 (eor.
1047 1382 1251 1505 χωόμενος),

130 1482 292 1575 ἑώρταζε,
316 1508 455 1574 quorum
476 1483 558 1552 nihil
579 1484 657 1551 satie
678 1485 765 1552 feeit.
808 1479 938 1553 Nem‘
922 1484 1078 1574 νπιόρορε
1105 1476 1251 1554 terium·

130 1598 181 1655 eet
207 1588 428 1678 reduplicatue
457 1596 495 1656 ut
514 1579 650 1679 η’γαχον,
681 1586 861 1674 perfeetum
886 1578 1050 1672 o'pwpe’).
1094 1586 1251 1665 Alterum

128 1690 230 1776 longo
252 1689 388 1756 oirouitu
404 1689 468 1755 hue
486 1687 682 1754 deducitur
671 1711 706 1753 m
716 1689 827 1777 Epim
842 1686 920 1766 439,
938 1687 991 1753 20.
1007 1687 1088 1753 ΕΜ.
1106 1686 1186 1768 816,
1196 1686 1249 1756 41.

133 1790 256 1858 scilieet
276 1814 296 1857 e
315 1787 384 1873 χόω
407 1789 602 1855 declinatum
621 1811 693 1856 eene
713 1789 889 1876 χεόμενος,
917 1787 1018 1876 idque
1046 1788 1160 1865 dorice
1184 1788 1249 1858 diet

128 1889 275 1978 χεόμενος
304 1900 342 1957 ut
372 1893 504 1970 Μῶοα,
536 1902 702 1979 postremo
736 1913 797 1980 per
824 1890 991 1979 epeoteein
1017 1888 1191 1974 χοιόμενος
1218 1900 1250 1959 et

128 1991 305 2078 χωόμενος.
347 1992 411 2060 Est
429 2014 505 2059 vero
529 1988 706 2077 εχιόομαι.
749 1993 880 2079 Mnjore
902 2013 1039 2058 assensu
1059 1990 1170 2073 nffeni
1185 2014 1249 2082 po·

130 2104 214 2162 terat
237 2089 447 2175 κυκωόμενος
470 2093 505 2161 in
532 2095 663 2163 oraculo
691 2093 793 2162 Pauo.
816 2092 881 2159 111.
909 2094 946 2173 8,
970 2093 1001 2160 9.
1030 2114 1105 2159 nem
1132 2093 1201 2163 ho'e
1230 2116 1249 2162 e

130 2192 338 2276 κοκοιόμενος
359 2217 551 2262 conversum
573 2208 623 2264 eet
642 2220 672 2263 v.
696 2194 823 2262 Techn.
846 2194 919 2261 213.
943 2205 975 2260 et
995 2195 1030 2262 in
1051 2196 1249 2267 contmitm

129 2307 254 2387 portem
275 2304 399 2362 motum
419 2293 560 2385 Σοιόμην
579 2290 741 2386 ὡρμήμην
760 2297 848 2367 Hes.
867 2297 962 2381 quod‘
981 2294 1114 2386 οωόμην
1134 2294 1248 2375 dioen-

130 2399 208 2465 dum
226 2406 296 2465 erat
310 2420 330 2463 e
345 2394 479 2482 σιόομαι
494 2401 629 2479 σοῦμαι.
650 2395 712 2467 ,Ab
727 2396 789 2464 heo
805 2399 935 2486 poetioe
948 2397 1120 2464 metathesi
1134 2394 1249 2475 dieto

130 2523 168 2568 ee
190 2522 274 2586 quae
298 2498 376 2584 quin
395 2496 429 2565 in
451 2508 645 2586 perpetuum
667 2499 732 2564 fixa
751 2510 802 2566 eet
822 2499 876 2564 vix
896 2498 931 2565 in
950 2499 1162 2573 ,affectionum
1184 2494 1246 2568 nn·

128 2601 441 2688 merum-aggregari
458 2611 582 2687 potest:
601 2601 639 2666 τό
663 2599 815 2681 ἐώλπειν,
840 2600 988 2687 ἒώργειν,
1011 2597 1136 2690 ἐῴκειν,
1161 2597 1246 2692 ἕιόρ·

129 2702 229 2784 ιαζον
259 2699 457 2780 ἐδέξαντο
440 2698 693 2784 ἷπερβιβασμόν
716 2701 771 2767 ἵνα
798 2699 1022 2826 σονόρξιμνιαι
1051 2727 1097 2791 την
1132 2728 1245 2788 παρα·

128 2802 409 2892 κειμένοΑηεεᾶ.
423 2801 489 2869 Ox.
504 2800 614 2924 ’.Γ-ΔΝ.
627 2802 698 2867 192.
718 2801 768 2867 vel
782 2803 929 2892 potine
915 2802 969 2869 ότι
992 2799 1133 2888 οάἀεμιά
1156 2802 1247 2888 λέξις

129 2898 316 2991 εὑρίσκεται
338 2898 408 2970 ἀπό
433 2907 492 2970 τοῦ
516 2931 535 2994 η
558 2897 718 2992 ἀρχομένη
750 2903 998 3026 ἐπιφερομένου
1019 2908 1079 2973 τοῦ
1103 2929 1121 2972 ο
1143 2906 1246 2993 χωρὶς

129 3001 192 3091 εἶχ
179 3003 225 3096 μὴ
248 3003 283 3071 ἕν
305 2999 540 3094 ἀιφθόγγῳ”
504 3031 557 3094 ειη
580 2997 626 3083 ὡς
647 3003 685 3073 τό
709 3001 788 3094 ἠοῦς
811 2998 880 3093 poi,
911 3001 932 3092 ἢ
955 3004 1040 3071 κατὰ
1069 3004 1245 3074 ἀιάλεκιον

129 3096 201 3173 οἷον
236 3101 268 3175 οἱ
291 3096 454 3186 ’1ιονες’
436 3105 502 3196 ηόα
534 3107 666 3193 λέγουσι
697 3105 807 3194 Epim.
840 3105 868 3173 I.
897 3107 968 3175 128.
999 3119 1032 3174 et
1060 3107 1132 3174 158.
1162 3106 1245 3176 EM.

196 3385 227 3452 8)
242 3384 297 3440 Pro
313 3381 474 3456 Κλεοπόιρη
491 3393 603 3457 poetae,
622 3383 646 3440 ei
665 3405 736 3459 opue
755 3394 810 3453 est,
829 3382 1002 3461 Κλειοπάτρη
1022 3386 1197 3445 substituunt
1213 3396 1246 3442 nt

128 3465 308 3542 Κλειαφόρος.
343 3472 376 3525 In
397 3470 535 3545 principio
560 3472 727 3546 pentametri
748 3474 833 3528 Anth.
848 3471 901 3528 IX.
918 3472 977 3526 215.
1002 3475 1074 3536 ξεῖνε
1093 3476 1246 3544 Κλεονίκης

129 3555 271 3612 Ρ1εααᾱει
288 3560 445 3626 Κλεονίκης
463 3557 566 3623 edidit,
584 3558 735 3615 Jaoobeius
752 3563 903 3627 Κλεονίκης
920 3565 1015 3628 optnt3
1033 3559 1085 3613 sed
1104 3567 1133 3615 et
1148 3563 1246 3619 Κλειν-

127 3645 224 3712 pstor
249 3642 384 3713 legitur
376 3661 405 3698 m
426 3643 509 3714 Corp.
529 3643 618 3700 Ineor.
636 3645 659 3698 1.
684 3665 711 3700 n.
729 3647 790 3701 213.
811 3644 861 3699 lin.
878 3646 919 3698 13.
951 3640 1134 3717 Ἀνδρόνικος
1156 3645 1244 3701 Antt.

128 3729 202 3800 App.
225 3728 284 3782 339.
309 3745 392 3798 quem
418 3737 520 3799 tropen
545 3731 739 3830 erientee
748 3730 926 3786 Homeristae
950 3727 1151 3801 ἀνόρειφόνιης
1178 3730 1245 3787 eori-

126 3821 252 3887 peerunt.
289 3811 521 3868 Anominibue
513 3833 541 3869 tn
561 3837 606 3879 ευς
619 3809 826 3892 Ὀριιοκόμοςό
845 3814 907 3877 ιούς
925 3812 1056 3888 ἡμιόνους
1077 3813 1245 3889 θεραπεύων

125 3900 195 3954 Hes.
209 3917 257 3969 qm
249 3896 380 3968 ''vulgo
369 3895 926 3973 οριωκόμος61ε11α1α1’οριρεωιε1εαιῆς
941 3912 970 3957 et
982 3900 1137 3974 Byzantiee
1152 3901 1245 3974 digni·

125 3985 191 4039 tetis
209 3983 304 4040 titulun
323 3980 537 4058 βασιλεωπάιωρ
556 3990 606 4042 ned
624 3997 772 4060 utrumqne
791 3985 966 4059 frequentius
984 4006 1035 4061 per
1052 4009 1066 4045 ο
1081 3987 1225 4061 seriptum.

195 4105 224 4172 9)
249 4103 306 4159 Pro
332 4101 417 4160 ὥλολε
441 4106 534 4163 Nonn.
555 4104 671 4162 XLVII.
692 4108 753 4161 915
777 4105 1018 4179 Felokenburgiue
1043 4102 1126 4164 ὤλετο
1153 4108 1239 4165 scribi

122 4187 220 4257 juben
243 4190 377 4261 ‚Lehreiue
401 4209 467 4250 vero
487 4193 604 4264 Queat.
622 4193 682 4247 271.
703 4191 812 4249 dubitet
831 4209 867 4250 en
889 4212 946 4249 non
965 4193 1123 4267 perfeetum
1145 4193 1241 4274 potine

126 4272 163 4327 sit
179 4264 263 4347 quem
281 4276 411 4341 norietue.
