2736 4778
180 343 226 417 10
517 281 727 405 PnTHOL.
750 335 948 406 PROOEM.

177 526 241 592 alia
263 524 451 611 deliberatio
479 524 549 610 pari
578 523 766 590 difficultate
793 535 890 609 atque
918 523 1007 590 baud
1034 523 1102 587 scio
1128 545 1170 587 an
1193 521 1290 587 etiam

179 629 301 713 majore
328 626 485 713 impedita
513 626 554 692 da
580 624 746 691 vocabulis
774 649 858 711 quae
886 648 946 713 pro
975 625 1102 691 diversa
1131 625 1292 711 scriptura

178 730 339 795 diversum
360 727 557 793 intellectum
574 727 741 814 praebent
786 728 871 793 Nam
894 728 1043 793 univerae
1059 725 1191 812 quidem
1206 726 1292 790 valet

177 830 468 899 Grammaticorum
489 828 693 916 praeceptio:
723 833 788 895 τῶν
810 834 930 915 φωνῶν
953 829 995 896 τὰ
1020 826 1118 914 πάθη
1142 826 1229 893 ἐστὶν
1252 823 1290 893 οὔ

177 934 242 999 τῶν
263 932 512 1018 σημαινομένων
534 930 691 1017 Apollon.
717 930 757 995 de
780 931 865 997 Adv.
880 931 953 996 568.
977 931 1146 996 etiterum
1167 953 1201 1016 p.
1216 928 1289 993 623.

177 1031 219 1100 τὰ
242 1031 341 1117 πάθη
364 1029 719 1118 οὖσῶνςδρλουμένων
742 1033 829 1100 ἐστὶν
854 1029 941 1099 ἀλλὰ
962 1038 1026 1098 τῶν
1048 1035 1176 1118 φωνῶν.
1221 1030 1290 1096 Ne-

177 1156 241 1221 que
263 1132 352 1198 aliud
374 1132 490 1197 suadet
507 1120 709 1199 'Consentius
735 1158 768 1220 p.
792 1135 841 1199 ll.
861 1155 960 1218 porte
981 1137 1202 1218 peroptatum
1223 1154 1289 1200 aon

177 1248 222 1304 aet
244 1238 320 1319 quio
340 1238 474 1300 marratio
496 1230 638 1300 amentur
661 1239 920 1321 siqnificou'oaem
941 1246 1060 1310 mutat,
1086 1248 1121 1302 ut
1143 1240 1178 1302 ia
1198 1254 1291 1318 proe-

178 1341 223 1404 cis
249 1335 363 1416 νόμος,
394 1331 502 1417 νομάς
557 1336 633 1399 Hac
658 1336 759 1422 igitur
787 1338 914 1403 ratione
940 1348 1146 1402 removentur
1172 1337 1292 1413 omnia,

179 1461 318 1524 quorum
340 1437 433 1522 origo
455 1435 587 1522 quidem
610 1438 723 1503 eadem
746 1439 805 1505 sed
826 1438 1009 1506 intellectus
1031 1461 1091 1527 pro
1115 1440 1225 1526 specie
1241 1440 1291 1504 di-

177 1562 289 1606 versus
320 1549 369 1603 est
395 1547 431 1603 ut
459 1535 542 1616 ἔθος
570 1532 672 1627 ἦθος,
702 1535 900 1626 ἀσπάραγος
929 1536 1141 1628 ἀσφάραγος,
1171 1541 1294 1625 (λέμβος

179 1640 319 1730 ῥόμβος,
343 1637 449 1726 μόρος
470 1646 575 1725 μοῖρα
595 1638 700 1726 μόρα,
728 1637 859 1727 ὃφέλλω
884 1637 1011 1730 ὀφείλω
1038 1654 1098 1706 etc.
1142 1641 1292 1706 Nonnul-

178 1743 283 1810 lorum
305 1753 413 1807 tamen
434 1752 500 1806 tam
523 1753 621 1807 tenue
648 1753 698 1807 est
723 1742 896 1808 discrimen
923 1752 955 1808 et
982 1754 1046 1806 tam
1073 1742 1186 1807 crebra
1213 1765 1291 1808 con-

178 1845 264 1911 fusio
286 1855 323 1908 ut
344 1842 480 1908 dubium
501 1842 543 1907 sit
564 1854 671 1909 utrum
695 1845 942 1935 significationis
964 1867 1063 1909 causa
1084 1854 1207 1909 mutata
1229 1845 1292 1908 siut

178 1968 221 2014 an
243 1945 328 2013 κατά
355 1943 472 2023 πάθος
500 1956 537 2009 ut
564 1943 707 2032 σκληρός
729 1946 916 2035 σκληφρός,
949 1944 1108 2034 σνρνφνάς
1138 1944 1293 2032 στιφράς,

178 2046 293 2134 ἒχορός
310 2043 444 2133 ὀχυράς,
461 2046 555 2132 τέγος
574 2047 700 2132 στέγος,
718 2046 843 2134 λάρυγξ
860 2044 993 2135 φάρυγξ
998 2098 1005 2122 ,
1022 2046 1175 2129 σκαίρειν
1190 2048 1293 2112 σπαί-

178 2176 262 2239 ρειν,
287 2147 458 2231 καχλάζειν
480 2147 685 2236 παφλάζειν,
707 2146 838 2233 θάρσος
860 2147 1005 2231 θράσος,
1024 2167 1147 2232 pausus
1167 2167 1292 2231 pascuo,

180 2256 262 2318 totus
285 2253 407 2322 lautus,
438 2253 587 2331 antiquus
611 2253 751 2322 anticus,
782 2253 880 2314 codex
901 2253 1038 2324 caudex,
1069 2252 1198 2332 putrore
1221 2251 1294 2331 put-

181 2366 264 2428 tarc,
300 2372 437 2435 quorum
463 2359 578 2413 natura
607 2348 721 2411 eadem
748 2359 797 2412 est
826 2349 885 2412 sed
914 2349 995 2413 lenis
1027 2351 1099 2415 soni
1128 2350 1294 2415 inclinatio

181 2451 422 2520 commoditatis
447 2472 546 2515 causa
571 2448 756 2513 introducta
777 2448 905 2514 ridetur
930 2460 967 2515 ut
992 2474 1043 2516 res
1067 2453 1214 2536 ejusdem
1235 2475 1294 2538 ge·

181 2555 267 2622 neris
287 2551 398 2640 specie
414 2550 560 2615 diversae
576 2550 711 2635 propria
726 2551 866 2634 quadarn
884 2564 962 2617 nota
980 2554 1129 2638 insigniri
1148 2565 1294 2640 possent

180 2659 226 2722 Et
248 2679 288 2721 ex
310 2654 385 2722 hoo.
396 2672 517 2738 genere
543 2672 702 2738 persaepe
729 2653 868 2718 difficilis
891 2665 941 2720 est
963 2656 1111 2741 quaestio
1135 2655 1215 2740 quid
1241 2666 1298 2720 aut

183 2756 413 2824 assumendum
440 2762 497 2817 aut
522 2752 732 2838 rejiciendum
759 2755 809 2820 sit.
859 2757 928 2824 Sed
955 2757 1129 2843 plurimum
1154 2757 1295 2824 haesita·

183 2859 281 2925 tionis
304 2858 389 2923 circa
410 2853 569 2921 vocabula
595 2856 740 2942 ejusdem
762 2858 932 2945 potestatis
954 2857 1104 2924 biformia
1131 2872 1164 2926 ot
1189 2861 1296 2927 trifor-

183 2963 262 3039 mia,
291 2982 428 3047 quorum
451 2981 490 3023 ea
512 2958 656 3023 conditio
681 2970 730 3023 est
755 2970 791 3024 ut
818 2971 850 3024 et
872 2959 1007 3023 alterum
1029 2983 1069 3024 cx
1092 2963 1192 3028 altero
1216 2987 1296 3028 con-

182 3087 311 3133 versum
333 3066 366 3127 et'
387 3059 516 3146 singula
542 3083 688 3125 seorsum
713 3072 789 3126 nata
811 3083 883 3125 esse
906 3060 1035 3146 possint
1060 3073 1096 3126 ut
1122 3067 1298 3143 πλόκαμος

183 3164 342 3249 πλοχμάς.
390 3164 508 3245 Itaque
536 3162 732 3229 imitabimur
753 3163 838 3247 juris
866 3162 1085 3228 consultorum
1113 3167 1297 3232 cautionem

185 3270 240 3354 qui
262 3266 390 3331 titulum
408 3264 572 3349 quendam
591 3265 792 3351 digestorum
813 3264 1047 3350 inscripserunt
1069 3270 1215 3334 derebus
1238 3274 1297 3335 da

185 3373 265 3447 bit's;
295 3391 391 3454 quam
421 3363 590 3429 dubitandi
617 3377 717 3430 artem
745 3366 772 3430 si
800 3365 1051 3451 perdidicissem
1077 3368 1296 3449 Grammatici,

186 3471 359 3558 disciplina
388 3477 499 3533 nostra
529 3467 670 3533 invidiae
702 3476 735 3532 et
766 3466 906 3532 diuidiae
939 3467 1026 3534 baud
1052 3471 1163 3559 paullo
1191 3472 1298 3538 minus

184 3572 328 3639 baberet.
377 3571 500 3636 Verum
527 3569 624 3646 haec,
659 3590 742 3652 quae
769 3592 855 3634 nunc
882 3569 1019 3638 breviter
1052 3586 1085 3639 et
1116 3577 1299 3640 summatim

187 3677 352 3761 disputata
373 3683 462 3748 sunt,
489 3673 517 3736 si
540 3672 620 3756 quid
643 3669 751 3735 adhuc
774 3669 894 3735 habent
916 3672 1135 3752 obscuritatis,
1164 3676 1299 3743 clariora

185 3779 265 3843 fient
285 3777 360 3863 ipsa
380 3772 580 3849 tractatione,
604 3794 702 3858 quam
723 3771 918 3857 auspicabor
939 3797 959 3839 a
980 3778 1195 3864 syzygiamm,
1217 3803 1298 3865 quas

185 3882 296 3951 Draco
321 3872 507 3962 descripsit,
531 3873 766 3959 symplegmate
789 3874 904 3960 primo.

563 4193 855 4205 —n--m--——--..-.
865 4199 876 4203 1.
883 4199 922 4206 ..0
