2736 4778
125 355 187 422 152
501 348 779 418 DISSERTATIO
811 349 882 417 VII.

35 520 38 525 ’
125 522 163 584 ut
183 518 235 583 vix
256 515 421 583 fortuitum
444 514 505 581 dici
527 514 636 598 possit
681 511 717 580 si
736 531 812 580 vero
833 514 918 580 idem
931 514 1095 581 interdum
1106 516 1259 583 consonis

124 620 338 704 praeponitur,
361 624 430 697 tum
451 619 636 700 plerumque
664 618 855 685 sententiam
884 619 925 684 ad
946 615 1042 685 finem
1064 618 1257 701 perductam

126 741 196 789 esse
220 721 508 803 animadvertimus,
531 738 593 804 quo
614 721 682 786 loco
704 719 783 786 illud
804 721 837 786 in
852 720 955 787 soluto
965 738 1094 803 quoque
1105 740 1256 789 sermone

124 844 220 909 saepe
255 825 348 891 adiici
381 829 493 907 postes
525 823 700 890 ostendam.
767 820 801 889 Si
833 824 922 889 nulla
949 820 1137 890 hidusmodi
1161 843 1258 891 causa

126 934 273 1011 apparet,
304 928 337 992 in
360 928 453 1010 culpa
474 926 612 1009 ponendi
634 926 781 992 videntur
802 926 923 992 librarii
945 926 1085 1009 gregarii
1108 927 1257 993 diversas

125 1031 265 1097 rationes
288 1033 467 1112 sequentes,
501 1047 577 1121 pars
607 1029 786 1111 podismum
808 1029 983 1110 metricum,
1018 1029 1074 1111 qui
1096 1030 1254 1113 syllabam

124 1132 255 1199 brevem
276 1133 387 1215 poscit,
409 1149 485 1214 pars
507 1132 782 1214 consuetudinem,
816 1150 899 1215 quse
920 1131 1083 1199 vocobubs
1104 1133 1255 1201 enuntia·

127 1242 196 1301 tum
227 1234 446 1301 claudentibus
479 1233 539 1300 hoc
570 1235 662 1315 quasi
695 1235 945 1302 stabilimentum
966 1236 1125 1318 supponit
1175 1235 1257 1303 Hinc

125 1339 218 1420 longe
251 1338 409 1403 diversam
440 1335 525 1402 viam
555 1336 718 1419 ingressus
751 1343 801 1405 est
822 1338 1039 1420 Hermannus‚
1071 1337 1107 1403 id
1134 1338 1256 1423 ubique

29 1526 32 1530 ι
128 1441 197 1506 soni
226 1440 403 1523 complendi
434 1456 532 1505 causa
562 1440 742 1509 addendum
775 1458 846 1507 esse
878 1445 1008 1523 putans,
1042 1441 1111 1508 sive
1135 1442 1255 1509 vocads

128 1549 280 1625 sequatur
302 1543 369 1609 sive
391 1560 537 1623 consone,
559 1548 593 1609 et
610 1543 647 1631 id
668 1561 731 1611 non
745 1543 904 1609 adverbds
916 1545 1027 1625 solum,
1049 1544 1254 1628 sedquibus-

128 1645 208 1712 libet
228 1646 357 1712 vocibus
392 1645 486 1712 huius
508 1645 668 1728 augmenti
690 1646 867 1729 capacibus.
912 1641 1033 1713 'Verba
1052 1647 1116 1713 viri
1138 1648 1255 1715 summi

129 1747 212 1815 infra
222 1748 368 1829 referam,
380 1766 463 1814 nunc
475 1748 559 1814 enim
571 1748 611 1814 de
623 1748 726 1815 aclitIs
737 1767 820 1832 quae
829 1753 953 1815 restant
962 1749 1162 1817 absolvenda
1172 1756 1255 1817 sunt.

215 1884 243 1970 ᾖ.
255 1887 285 1950 4.
328 1884 559 1951 Adverbiorum
580 1902 662 1966 quae
685 1886 873 1968 protulimus
895 1902 971 1968 pars
992 1903 1056 1951 non
1077 1887 1126 1952 ita
1136 1904 1255 1971 magna

128 2005 345 2055 sermonem
378 2003 618 2067 communem
646 1992 854 2071 pervagatur,
889 1988 947 2054 sed
978 1987 1181 2056 mutabilitas
1202 1990 1255 2056 illa

127 2091 288 2173 plerisque
320 2092 445 2155 excmta
478 2095 536 2156 est
591 2088 653 2155 Hic
684 2091 821 2172 primum
843 2089 1090 2177 obveniuntea‚
1127 2110 1254 2174 quaes

128 2192 306 2257 nominibus
338 2192 478 2258 locorum
512 2190 656 2274 propriis
684 2198 859 2275 propagato
892 2198 982 2258 sunt:
1011 2188 1253 2281 Ἀθήνηθεν,

131 2290 957 2383 Θήβηθεν,Μεγαρόθεν,Μαρεθώναθεν,
975 2313 1056 2377 quae
1078 2296 1254 2363 neh'brurii

128 2398 256 2480 quidem
290 2396 351 2463 alio
372 2396 499 2463 flexisse
520 2396 683 2478 videntum
717 2401 786 2463 tum
818 2415 900 2479 quac
933 2396 973 2463 ab
996 2398 1203 2480 appellativis
1224 2406 1258 2465 et

129 2501 305 2567 adjectivis:
329 2493 697 2584 οἷ’κοθεν,όμόθεν,
720 2498 939 2584 κυκλόθεν,
965 2492 1167 2581 όὲλλεθεν,
1193 2496 1254 2569 οὔ·

129 2600 323 2687 όαμὸθεν,
346 2599 564 2678 πάντοθεν,
589 2604 781 2689 πέραθεν,
805 2599 1030 2690 πρώραθεν,
1055 2600 1255 2691 ἓκατὲρω·

129 2715 212 2785 θεν,
236 2702 455 2791 ἑτέρωθεν,
480 2697 777 2788 οόόεεέρωθεν,
801 2706 1102 2794 μηδετέρωθεν,
1138 2708 1256 2791 quibus

129 2808 219 2891 paria
241 2807 341 2871 multa
363 2824 382 2871 ε
404 2804 609 2886 scriptoribus
632 2807 735 2871 minus
758 2809 896 2890 antiquis
924 2810 1113 2891 novitiisque
1135 2810 1257 2892 protuli

130 2910 170 2976 ad
192 2911 306 2994 Phryn.
319 2928 348 2991 p.
361 2906 412 2988 93,
435 2914 468 2973 et
490 2909 617 2975 aliunde
639 2914 728 2975 nula:
752 2906 936 2994 διχόθεν,
961 2909 1256 2994 ἑκασταχόθεν,

129 3007 713 3098 τετραχόθεν,πλεισταχόθεν,
737 3011 1102 3097 πανταχόθεν’)θῒε·.
1130 3014 1258 3081 Horum

130 3122 197 3180 tam
220 3116 367 3181 assiduus
390 3120 441 3180 est
462 3133 549 3194 usus,
572 3120 617 3194 ut,
639 3133 720 3196 quae
742 3116 1076 3197 passimincodicibus
1087 3124 1260 3200 emergunt

131 3217 170 3283 ab
193 3218 253 3283 hoc
273 3217 402 3283 tramite
424 3236 546 3297 aversa,
569 3235 683 3299 parum
705 3220 857 3284 momenti
872 3217 998 3298 iaciant,
1022 3220 1148 3300 cognita
1161 3238 1257 3302 prae·

133 3322 243 3386 sertim
266 3320 466 3385 librariorum
487 3319 707 3385 nonnullorum
736 3320 778 3385 ad
799 3321 1024 3387 detractionem
1045 3321 1259 3404 proclivitate.

130 3422 181 3488 Ita
203 3423 269 3488 cod.
292 3423 392 3504 Mosq.
412 3420 575 3487 Strabonis
598 3421 744 3505 ἐντεῦθε,
765 3421 886 3506 ἐκεῖθε,
912 3422 1104 3512 ἑκατέρωθε
1126 3424 1258 3508 invexit,

133 3544 161 3590 v.
186 3524 357 3590 Tzschuck.
381 3524 423 3590 ad
443 3522 522 3590 VIII
545 3525 617 3605 272,
647 3541 728 3608 quae
750 3525 923 3592 Kramcrus
945 3546 985 3594 ne
1007 3529 1103 3594 verbo
1126 3528 1259 3611 quidem

134 3628 354 3709 dignatusest.
394 3623 613 3713 Ἑκατέρωθε,
637 3627 721 3709 quod
737 3626 918 3696 Dindorfius
940 3631 1071 3697 retinuit
1081 3629 1258 3698 Athenlv

137 3729 197 3794 152
220 3730 266 3809 Β,
300 3729 440 3795 infirmat
472 3730 566 3796 Laur.
601 3730 710 3796 addita
743 3748 892 3812 consona,
926 3751 1021 3815 quam
1049 3731 1190 3800 Sintenis
1224 3735 1258 3800 in

132 3832 214 3898 Plut.
247 3851 275 3898 v.
298 3831 391 3897 Phoc.
414 3830 494 3897 XIII
517 3830 559 3896 28
590 3837 677 3899 recte
709 3834 831 3916 recepit
863 3852 883 3899 a
917 3835 1076 3900 codicibus
1097 3835 1256 3915 oblatam3

133 3954 190 4017 pro
213 3933 322 4014 ἔξωθε
345 3933 458 4000 Achill.
482 3934 550 4001 Tat
572 3935 608 4000 L.
630 3933 663 4000 II
688 3933 766 4001 19.5
791 3954 820 4018 p.
833 3933 876 4001 42
891 3936 991 4003 Vatic.
1014 3936 1138 4019 plenius
1160 3956 1256 4020 prae-

135 4091 389 4102 --συ--ι-ιι

202 4173 229 4240 l)
247 4177 444 4230 Adiectivorum
464 4172 625 4247 πλεοναχόε,
642 4174 766 4246 μοναχός
783 4185 841 4243 etc..
860 4182 972 4247 quadiu
990 4179 1114 4247 Prolegg.
1125 4177 1178 4234 335
1197 4196 1259 4249 pro·

133 4263 220 4326 posui,
250 4265 364 4330 vestigia
392 4264 547 4317 obscuriora
566 4269 634 4337 sunt,
663 4279 741 4328 quam
768 4272 797 4317 ut
821 4266 947 4318 adverbia
964 4266 1027 4318 binc
1043 4268 1126 4333 repeti
1145 4267 1259 4336 possint,

132 4346 179 4398 sed
196 4347 262 4400 hacc
285 4351 372 4416 potius
390 4367 420 4402 ex
442 4351 614 4418 synccdrome
631 4355 694 4402 nata
710 4349 840 4404 videntur.
