2736 4778
135 369 177 438 46
513 370 791 439 nnssnnnnlno
813 369 867 438 Vh

136 533 240 616 gliscit
271 533 304 597 iu
336 534 503 617 paragogis
535 537 623 602 tertii
656 535 788 615 ordinis,
820 552 954 616 quorum
984 526 1193 603 notissimum
1215 544 1272 605 ost·

141 633 302 722 Τρωάδες,
326 637 371 703 111
394 638 478 703 enim
499 638 657 704 Homerus
679 640 827 705 mulieres
851 639 1003 704 Troianas
1024 639 1185 722 appellat,
1205 640 1267 726 ¹ubi

138 738 253 827 Τρωαί
273 740 324 806 vel
345 740 466 807 hiatum
488 738 580 807 affert
602 761 664 808 non
686 742 912 808 necessarium:
938 745 1049 828 Τρῶες
1064 742 1121 809 καὶ
1136 740 1265 828 Τρωά-

136 845 190 922 δες
204 837 330 929 Ἕκτορ’
354 840 460 922 ἰόντες
482 845 596 911 XXIV·
612 843 683 926 704,
718 851 774 911 aut
796 843 969 927 spondeum
996 864 1053 927 pro
1076 846 1210 929 dactylo
1231 848 1265 913 in

134 952 247 1029 quarto
268 946 357 1029 pede:
384 951 504 1033 Τρῶας
527 947 579 1033 soi
606 945 770 1034 Τρωάδας
792 944 1055 1028 ἑλκεσιπέπλους
1076 948 1176 1014 XXII
1191 949 1264 1029 105,

133 1049 179 1115 Vl
195 1047 268 1131 442,
291 1047 437 1131 911297,
460 1057 494 1115 11
514 1049 573 1116 hoc
595 1051 662 1116 loco
683 1051 883 1134 potissimum
904 1051 1057 1117 enotescit
1079 1051 1264 1120 scribarum

133 1153 310 1235 haesitatio.
354 1152 518 1218 Editioues
542 1151 1160 1242 11111111111111Τρωΐδες1111111111,
1184 1174 1264 1239 pars

134 1256 275 1322 codicum
303 1253 474 1344 Τρῳάδες,
502 1257 556 1322 alii
577 1256 661 1323 idem
683 1258 741 1324 sed
762 1258 830 1324 sine
852 1259 925 1338 iota,
949 1275 1082 1340 quorum
1102 1257 1187 1324 nihil
1209 1278 1262 1327 ra-

133 1359 218 1425 tione
240 1363 334 1425 caret
379 1357 640 1444 Ν11111Τριάς,
674 1362 758 1443 quod
790 1360 973 1443 explicando
1001 1360 1128 1444 plurali·
1141 1365 1263 1446 Τρῶες

133 1463 322 1545 cogitatione
354 1461 599 1545 praeformatur,
632 1468 777 1544 prompte
810 1462 880 1529 fluit
906 1462 1024 1551 Τρωΐς,
1059 1462 1263 1548 1111δμώς

134 1562 246 1647 δμωΐς,
272 1562 360 1650 ἥρως
382 1561 495 1653 ἧρωΐς,
530 1570 563 1631 et
594 1565 627 1629 id
650 1564 828 1648 Stephanus
862 1586 920 1649 pro
942 1585 1093 1650 germana
1120 1568 1262 1634 nominis

132 1667 321 1734 substantivi
342 1669 513 1751 propagine
535 1666 645 1733 habet:
679 1669 716 1733 ch
751 1668 886 1736 18111111
912 1669 1014 1757 Τρώς,
1043 1668 1080 1735 τὸ
1105 1671 1262 1757 θηλυκὸν

136 1769 246 1855 Τρωΐς
268 1771 321 1838 καὶ
347 1767 487 1855 Τρωϊάς,
509 1769 566 1836 sed
587 1775 703 1836 testem
724 1789 786 1837 non
808 1774 950 1856 suggerit
965 1770 1072 1856 [Proll.
1084 1770 1150 1838 484
1163 1773 1259 1860 sqq.].

132 1872 276 1939 Alterum
289 1874 415 1956 saepius
429 1872 554 1956 legitur,
574 1873 666 1938 modo
688 1880 725 1939 ut
735 1880 793 1955 111,
812 1876 905 1941 modo
923 1880 1120 1941 contractum
1134 1872 1256 1965 Τρῳά·

132 1978 186 2055 άες
209 1979 274 2043 sive
295 1975 465 2063 Τρωιάδες
484 1976 551 2041 iota
572 1995 634 2041 non
656 1977 841 2061 subscripto,
865 1978 930 2057 sed,
953 1984 989 2044 ut
1009 1997 1078 2043 mos
1100 1980 1255 2063 antiquus

131 2085 320 2162 servaretur,
343 2078 510 2161 adscripto,
533 2080 615 2144 siout
626 2079 824 2162 trisyllabum
837 2079 980 2164 δμωΐδες
991 2080 1131 2155 Manetb.
1144 2081 1180 2147 II
1193 2081 1256 2150 276

133 2183 207 2249 olim
229 2182 426 2249 scribebatur
449 2179 623 2266 δμωιάδες.
669 2181 718 2248 hb
740 2183 828 2249 urbis
850 2184 974 2250 nomine
989 2183 1170 2250 ducendum
1185 2190 1256 2251 erut

134 2283 311 2374 Τρωιάδες,
347 2285 405 2351 sed
424 2286 602 2367 praevaluit
622 2287 816 2369 primitivum
842 2283 951 2372 Τρώς,
986 2287 1069 2352 unde
1090 2306 1255 2372 paragoge

133 2385 278 2475 Τρώῖος,
306 2392 431 2476 Τρῷος,
457 2387 487 2449 Τ
482 2410 572 2469 roua,
599 2386 745 2475 Τρωῖάς,
773 2387 907 2475 Τρῳάς,
931 2389 1045 2471 quibus
1067 2389 1253 2474 discrepans

129 2492 216 2559 urbis
251 2510 364 2558 nomen
396 2497 507 2574 tropae
529 2492 697 2557 Boeoticae
729 2491 896 2571 tribuitur,
931 2492 1251 2575 v.Elemm.I‹150,

130 2596 265 2661 Ahrens.
289 2596 375 2660 Aeol.
401 2593 469 2659 193.
519 2595 555 2660 11
577 2594 692 2660 lahulis
714 2596 905 2676 tragicorum
927 2595 1067 2660 nonnulli
1092 2594 1251 2682 Τρωάδες

130 2698 271 2765 scribunt
304 2698 371 2762 sine
409 2701 433 2767 ῖ
466 2702 502 2762 ut
534 2697 630 2762 Henr.
665 2695 843 2779 Stephanus
876 2699 923 2780 Aj.
956 2698 1037 2778 819,
1075 2700 1249 2765 Barnesius

129 2799 198 2866 Hel.
211 2799 274 2865 588
287 2798 387 2883 (582),
411 2800 565 2866 Matthiae
583 2799 716 2866 Troadd.
729 2800 801 2880 288,
825 2802 880 2867 sed
902 2803 998 2866 iidem
1009 2802 1108 2867 multo
1120 2804 1249 2885 saepius

129 2901 331 2968 subscribunt
352 2905 437 2969 nullo
461 2911 560 2983 certo,
583 2910 619 2969 ut
640 2905 779 2982 videtur,
803 2906 940 2984 consilio,
963 2906 1020 2970 sed
1043 2913 1209 2988 acceptum
1232 2926 1251 2972 a

128 3006 299 3087 prioribus;
322 3012 355 3072 et
377 3008 500 3073 codices
522 3009 608 3089 ipsos
631 3008 714 3072 inter
736 3026 770 3072 se
794 3008 981 3073 dissensisse
999 3009 1156 3074 nonnullis
1173 3010 1249 3076 locis

128 3108 311 3174 adnotatum
334 3115 384 3175 est
407 3118 442 3174 ut
463 3111 538 3176 Eur.
561 3110 636 3175 Heo.
650 3111 687 3176 61
712 3129 769 3192 pro
785 3107 942 3197 Τρωάδες
963 3113 995 3177 in
1018 3114 1138 3194 aliquot
1157 3112 1249 3179 libris

130 3209 300 3293 Τρωιάδες
320 3213 380 3278 hoe
403 3220 453 3278 est
468 3211 633 3300 Τρῳάδες,
657 3232 730 3277 uam
753 3214 950 3296 trisyllabum
963 3233 1033 3280 esse
1046 3219 1144 3297 patet
1159 3253 1197 3264 -
1212 3215 1248 3282 In

127 3316 358 3381 commentariis
381 3316 601 3381 historicorum
625 3315 915 3397 frequentissimum
938 3323 988 3382 est
1010 3336 1123 3383 nomeu
1145 3319 1248 3401 regio·

126 3417 174 3480 uis
197 3417 334 3483 Homero
357 3419 497 3499 ignotum
521 3416 540 3502 ἢ
567 3417 685 3505 Τρωάς
707 3420 786 3484 lien.
810 3420 908 3486 Anah.
932 3422 960 3486 V
983 3421 1012 3487 6.
1039 3421 1077 3487 12
1099 3420 1170 3505 (24)
1195 3441 1247 3487 ur·

125 3518 274 3601 biumque
297 3522 329 3585 in
345 3518 582 3611 1111111111ιῆ
600 3525 719 3610 Τρωὸς
728 3518 961 3610 Ἀλεξάνδρεια
973 3523 1078 3605 Polyb.
1091 3523 1120 3587 V
1134 3524 1206 3590 111.
1218 3523 1247 3605 3,

126 3618 160 3699 ἐς
184 3621 343 3702 linitione
377 3625 435 3704 τὰς
462 3622 623 3711 Τρωάδας
656 3624 788 3691 Thuc.1
815 3625 888 3704 131,
923 3632 959 3692 ut
985 3643 1069 3692 nunc
1091 3630 1154 3705 est,
1190 3645 1247 3709 pro

129 3721 316 3810 Τρωιάδας,
347 3727 431 3807 quod
453 3733 486 3793 11
508 3730 629 3794 codices
651 3729 792 3811 plerique
815 3729 982 3809 praebent,
1005 3729 1038 3793 id
1060 3734 1167 3794 autem
1190 3748 1247 3812 pro

129 3825 295 3915 Τρῳάδας
316 3830 409 3909 valet,
432 3837 465 3895 et
486 3831 545 3897 hoc
565 3833 685 3913 recepit
706 3831 881 3912 Bekkerus,
903 3833 1050 3913 idemque
1069 3830 1246 3897 Lachman-

124 3949 183 3995 nus
207 3931 274 3996 hot.
298 3932 405 4013 Apost.
429 3932 488 3998 XV
513 3934 560 4012 11,
583 3952 623 3999 ne
645 3939 819 3999 memorata
841 3934 967 4015 quidem
989 3934 1123 4001 lectione
1147 3935 1246 4001 trala-

123 4034 206 4115 ticia,
229 4055 323 4116 quam
345 4036 491 4117 exprimit
511 4035 660 4101 Latinum
685 4034 794 4099 Troas.
854 4035 997 4102 Haecin
1019 4038 1089 4103 aliis
1112 4039 1245 4104 volumi·

124 4138 216 4203 nibus
241 4139 378 4202 disserui
400 4138 494 4203 latius
518 4136 615 4221 [Diss
638 4136 686 4203 III
709 4156 775 4221 cap.
799 4138 844 4203 IV
867 4139 893 4225 ᾗ.
917 4139 936 4205 4
961 4142 1042 4226 sqq]

128 4277 293 4342 trisyllabum
322 4278 489 4343 pronunciari
515 4277 614 4329 vellent
640 4286 760 4347 correpta
776 4245 863 4332 vocali
889 4283 974 4347 prima
1000 4287 1030 4332 ut
1050 4276 1144 4351 Τρωΐα
1169 4281 1246 4334 urbis

125 4376 218 4414 nomen
238 4363 366 4415 interdum
386 4381 432 4430 pro
452 4369 595 4431 anapaesto
613 4368 752 4433 accipitur.
782 4364 826 4431 [ci.
845 4367 925 4419 Proll.
944 4385 968 4432 p.
987 4363 1138 4432 2911211]
