2736 4778
182 372 247 443 2⁷6
560 372 838 443 DlssltRTltTlo
857 372 944 443 vm

182 554 219 621 Il.
242 554 322 620 XIII
342 553 372 635 3,
394 552 472 619 XXI
487 553 560 637 415,
584 550 718 624 ἀναιδέα
740 550 906 637 δάμναται
928 546 1005 621 ὅσοι
1026 548 1319 635 Apollon.11407;

65 698 73 708 ·
185 658 313 725 sedhic
336 657 397 722 duo
419 656 580 723 novissimi
606 657 744 724 editores
767 675 785 723 e
807 656 896 724 codd.
919 656 1114 723 reduxerunt
1141 654 1315 739 pluralem,

184 761 383 842 vicissimque
405 760 437 824 in
458 759 625 826 Homerico
647 761 715 827 loco
747 760 820 826 libri
853 759 1047 846 αἱματόεντα
1079 758 1236 825 exhibent
1259 752 1314 839 [ci.

185 879 215 944 p.
241 861 302 926 172
323 861 377 946 n2].
403 852 439 908 ’-
464 861 575 928 Dualis
598 860 651 928 rui
673 865 760 948 γένο
793 863 867 929 olim
900 864 984 947 apud
1005 862 1174 929 Platonem
1208 859 1314 923 lectus

184 981 268 1030 nunc
290 963 376 1047 γένει
398 964 559 1044 scribitur,
592 984 621 1031 v.
640 964 755 1031 Matth.
777 983 907 1049 gramm.
931 966 949 1051 ἕ
973 964 1014 1031 78
1038 965 1109 1037 adu
1132 963 1163 1028 5.

270 1066 377 1133 Nimia
388 1069 420 1133 in
433 1065 613 1133 affectiones
624 1067 1024 1151 indulgentiaHerodianus
1036 1074 1089 1134 eta
1100 1060 1312 1149 quoquetolli

185 1186 279 1252 posse
300 1170 425 1235 statuit:
448 1168 486 1235 ad
509 1166 589 1254 γλήν
612 1166 964 1267 παρ’]Ερμησνάνανῑι
989 1166 1049 1238 or’ur
1071 1165 1313 1246 ἕηολέςὲοινν,

186 1268 459 1356 ἀποκεκομμένον
487 1269 523 1338 δὲ
545 1266 581 1337 ἐκ
602 1274 663 1338 τοῦ
684 1269 783 1361 γλήνη
805 1271 890 1338 Mon.
916 1271 955 1338 16
980 1271 1029 1353 13,
1062 1276 1096 1337 et
1116 1268 1204 1354 quod
1239 1286 1312 1351 pro·

186 1375 269 1439 xime
291 1380 364 1439 ante
375 1374 484 1440 attuli:
508 1369 571 1462 κάρ
594 1368 663 1439 dud
687 1380 747 1440 rob
768 1369 861 1463 κάρη.
905 1374 993 1441 Haec
1013 1374 1119 1457 potius
1130 1371 1313 1438 thematum

187 1477 256 1557 loco
276 1476 423 1542 habenda
444 1482 519 1541 sunt
549 1480 587 1541 ut
608 1470 677 1563 Ζήν
709 1482 744 1541 et
764 1480 853 1564 φᾶρ,
886 1496 915 1543 v.
937 1477 1052 1543 Parall.
1076 1473 1126 1540 74.
1151 1503 1188 1522 —·
1213 1472 1313 1539 Haud

187 1576 623 1660 minuscommeutieiumlest,
646 1578 729 1662 quod
741 1578 1093 1645 schollll393relert:
1117 1576 1155 1643 rb
1180 1572 1312 1643 οόωσι

191 1677 378 1769 Τυραννίων
400 1683 622 1771 προπορνσπᾷ
643 1674 690 1759 ὥς
710 1683 846 1762 νοῶονν,
880 1675 927 1761 ὣς
948 1679 1017 1749 dud
1041 1686 1101 1747 τοῦ
1123 1685 1194 1745 σοῶ
1217 1702 1314 1763 περι·

76 1807 77 1810 ’
188 1783 377 1867 campriano,
400 1781 486 1864 ἐπεὶ,
510 1782 602 1871 φησὶ,
626 1780 681 1849 καὶ
702 1782 740 1849 τὸ
763 1778 911 1850 εὐκτικὸν
944 1782 1026 1848 κατὰ
1049 1776 1232 1877 &sorbaria
1266 1770 1313 1846 εἴ·

188 1909 250 1953 πον
271 1933 290 1965 ,,
314 1881 335 1973 ἢ
358 1885 401 1952 κέ
422 1908 519 1972 σφιν
540 1886 637 1971 νῆας
657 1908 697 1951 τα
718 1886 829 1971 οοῷῑ(
851 1886 893 1970 (v.
915 1882 994 1967 424)
1017 1883 1073 1950 καὶ
1094 1882 1133 1948 τὸ
1156 1881 1315 1970 δεύτερον

188 1982 364 2069 ,,ὅππιος
398 2011 463 2052 κεν
494 1982 590 2072 νῆάς
622 2011 663 2053 ra
696 1990 827 2075 σαῷςσι
859 1986 960 2072 (681).
1004 1985 1158 2069 Is'igitur
1180 1992 1254 2075 σαῷ
1276 2004 1315 2051 ex

189 2084 280 2178 σοῴη
302 2088 420 2154 lactum
442 2088 574 2171 putavit,
596 2107 616 2153 a
637 2087 740 2171 prima
761 2106 898 2170 persona
920 2085 1042 2178 σοῴην,
1065 2087 1149 2171 quod
1170 2086 1227 2153 ille
1250 2086 1313 2153 ior·

188 2196 275 2256 tasse
297 2208 368 2254 cum
390 2184 500 2278 ἆλῴην
523 2193 556 2254 et
577 2190 731 2256 similibus
754 2191 869 2256 ectasis
881 2191 1032 2275 exemplis
1055 2190 1263 2272 compararit,
1284 2209 1313 2255 r.

188 2290 230 2356 ad
251 2291 365 2374 Phryn.
388 2289 460 2357 346.
504 2290 595 2356 Nunc
616 2290 709 2355 aliter
733 2292 938 2375 existimatur,
961 2312 989 2359 r.
1010 2292 1155 2358 Rhemat
1181 2290 1255 2357 183.

273 2391 345 2458 Iota
365 2393 583 2474 pronominum
604 2392 817 2475 personalium
851 2402 920 2462 νῶι
942 2400 977 2461 et
997 2398 1102 2484 σφῶν
1125 2398 1236 2460 utrum
1258 2412 1314 2461 na·

189 2497 288 2560 tivum
311 2497 362 2575 sit,
386 2514 425 2560 an
449 2495 641 2575 additirum
665 2497 878 2563 controversia
899 2502 949 2563 eet
970 2501 1127 2580 pervetus.
1172 2496 1314 2562 Joannes

189 2617 220 2679 p.
242 2596 283 2662 23
308 2598 383 2661 dicit
404 2597 459 2662 illa
479 2604 594 2663 natura
604 2597 759 2680 bisyllaba
781 2618 861 2680 esse,
882 2600 948 2664 iota
960 2604 1065 2664 autem
1083 2617 1139 2681 per
1150 2616 1314 2682 apocopen

189 2700 265 2778 10111,
290 2705 323 2764 et
344 2698 499 2763 Arcadius
514 2700 574 2763 178
598 2703 655 2765 νῶι
679 2699 733 2765 καὶ
757 2705 844 2786 σφῶν
870 2698 1050 2783 πάσχουσιν
1062 2696 1244 2788 ἀποκοπὴν
1260 2698 1313 2765 καὶ

190 2795 377 2879 ὀξιῖνονεαιι
403 2798 446 2865 νώ
469 2798 555 2889 σφώ,
578 2819 672 2882 quiam
697 2810 856 2884 apocopen
870 2822 1024 2886 syncopae
1046 2803 1171 2867 nomine
1195 2799 1314 2884 signill-

190 2908 241 2969 cat
262 2901 333 2967 EM.
357 2900 428 2966 609.
451 2901 501 2968 do.
545 2903 617 2969 Jam
639 2910 676 2969 ut
696 2905 829 2970 ulterius
853 2905 1075 2985 ascendamus,
1108 2904 1311 2970 Herodianus

191 3005 364 3070 aLehrsio
388 3010 546 3071 correctus
569 3006 666 3072 adll.
689 3005 790 3072 1574
814 3003 889 3093 σφώ
917 3026 980 3072 non
1011 3007 1206 3089 primitivum
1241 3024 1312 3073 esse

191 3107 312 3183 statuit,
336 3105 392 3172 sed
416 3103 485 3173 ἀπὸ
509 3112 567 3194 τῆς
589 3111 677 3194 σφῶν
701 3107 875 3190 proiectum
897 3115 1027 3190 mutato,
1061 3110 1136 3192 quia
1158 3111 1183 3179 ὦ
1208 3107 1312 3174 dualis

190 3208 441 3289 perispasinnon
464 3209 611 3289 admittit,
634 3216 772 3276 accentu.
817 3210 1166 3293 Antiquioresquidam,
1190 3210 1230 3275 de
1243 3210 1312 3293 qui·

191 3309 251 3373 bus
274 3309 456 3391 Apollonius
483 3312 635 3392 loquitur,
670 3330 766 3393 quum
800 3312 1111 3391 animadvertissent,
1143 3317 1313 3393 poetarum

167 3431 173 3452 ν
192 3411 446 3492 antiquissimum
469 3411 560 3476 modo
584 3410 638 3489 νώ,
662 3410 748 3501 σφώ,
771 3414 864 3480 modo
887 3420 955 3492 νῶι,
979 3420 1068 3500 opole
1096 3414 1216 3494 dicere,
1250 3430 1313 3480 non

192 3513 377 3578 dubitarunt
398 3518 566 3594 utrumque
586 3513 789 3581 thematicum
801 3534 887 3597 esse;
909 3517 988 3582 illud
999 3517 1112 3582 Atticis
1134 3516 1313 3598 probatum,

193 3614 252 3678 hoc
273 3614 401 3679 Ionibus
414 3615 551 3681 Atticam
573 3617 718 3698 egressis.
762 3618 820 3684 Ille
842 3619 910 3701 ipse
932 3620 1007 3701 quid
1030 3616 1173 3697 senserit,
1196 3616 1313 3682 doctis·

193 3716 292 3781 simus
325 3716 393 3780 eius
425 3717 580 3800 interpres
604 3717 778 3785 Skrzeczka
809 3721 842 3786 in
866 3717 1038 3785 Observato.
1071 3719 1103 3782 ἑο
1137 3718 1246 3804 Apoll.
1277 3716 1315 3782 de

193 3817 290 3881 Pron.
313 3837 343 3899 p.
366 3818 408 3883 20
430 3837 492 3883 non
514 3820 655 3900 praecise
677 3821 880 3888 determinat:
914 3820 1021 3904 „Nam
1042 3822 1174 3905 Atrabas,
1201 3823 1314 3906 inquit,

184 3918 315 4004 formae
344 3922 388 3984 νώ
410 3932 438 3982 et
460 3917 536 4008 οφώ
564 3921 756 4004 prr'rrraro'ae,
791 3927 848 3989 νῶι
883 3935 983 3987 aaron
1016 3934 1045 3985 et
1078 3928 1166 4010 οφῶι
1199 3947 1239 3988 ex
1273 3925 1315 3989 οἵα

184 4021 300 4107 factae
322 4022 395 4104 siat,
419 4022 588 4108 Apollonio
611 4046 673 4089 οοο
694 4024 774 4087 satra
793 4036 924 4107 coastat,
946 4024 1168 4090 aedicolirrore
1188 4024 1316 4091 αἰδοίαν

194 4124 271 4206 (112
283 4123 327 4206 B)
341 4125 465 4187 ursimus
477 4125 553 4206 eiua,
576 4136 610 4186 ut
625 4125 842 4210 monosyllaba
864 4149 880 4189 c
902 4127 1229 4214 loupioreformaper
1239 4153 1316 4217 apo-

195 4247 291 4308 copen
303 4226 477 4308 factaesse
499 4226 755 4289 eaecbtimet'eto.“
799 4227 880 4306 Quid
891 4232 1028 4295 omnium
1040 4231 1240 4297 verissimum
1264 4233 1317 4312 sit·

193 4324 254 4389 hoe
276 4328 379 4391 minus
402 4329 571 4393 decernere
594 4327 741 4408 audeam,
774 4347 836 4412 quo
858 4333 958 4397 maior
979 4337 1029 4398 est
1055 4332 1167 4398 horum
1199 4350 1318 4415 prono-
