2736 4778
444 953 859 1040 PROOEMIUM.

578 1185 744 1198 m*-

181 1313 354 1417 Josephus
391 1330 534 1418 Synops.
570 1356 602 1419 p.
633 1335 706 1403 566.
741 1336 781 1402 Τ.
813 1336 877 1402 ΙΠ.
915 1331 1100 1423 apicianis
1141 1330 1212 1400 ε’ση

99 1430 277 1521 πρσςθὴκη
300 1428 375 1498 κατ’
403 1429 505 1522 ἀρχὴν
526 1438 693 1524 συλλαβῆς
722 1433 743 1523 ἢ
762 1439 942 1519 στοιχείου,
972 1428 1044 1503 οἷον
1066 1429 1212 1521 lotoque

100 1535 178 1620 (hoc
196 1533 358 1617 nocente),
377 1534 483 1615 θαμά.
526 1537 593 1601 Hic
616 1539 707 1622 quod
728 1538 762 1603 in
784 1539 954 1605 ood.Ven.
980 1536 1137 1624 seriptum
1162 1547 1211 1600 est

99 1636 275 1724 πρόθεσις,
304 1637 392 1702 idem
413 1636 643 1726 legitur.apud
666 1639 809 1706 Gramm.
835 1640 940 1706 Paris.
966 1637 1128 1724 Gregorio
1151 1636 1211 1702 ad·
1278 1723 1281 1726 Δ

92 1740 243 1822 junctum
272 1761 305 1825 p.
336 1738 409 1803 675.
459 1738 717 1826 Moschopulum
746 1741 931 1807 Titzianum
959 1763 992 1827 p.
1024 1740 1076 1805 27.
1105 1748 1138 1804 et
1157 1738 1209 1804 28.

100 1841 246 1926 aliosque
278 1840 492 1927 probantibus
524 1841 723 1908 Endliehero
760 1855 792 1910 et
819 1844 1048 1908 Lindemanno
1087 1841 1130 1904 ad
1159 1838 1210 1905 cl.

101 1942 233 2010 Sacerd.
264 1965 296 2028 p.
323 1941 375 2006 29.
408 1941 468 2006 sed
495 1941 679 2008 Laroherus
709 1945 752 2008 ad
775 1944 891 2010 Orion.
920 1943 992 2007 116.
1015 1951 1083 2005 not.
1105 1940 1157 2004 82.
1181 1951 1213 2004 et

99 2045 229 2108 Bestius
249 2042 291 2106 ad
311 2033 412 2127 Greg.
435 2042 457 2106 l.
480 2064 508 2106 o.
527 2045 641 2108 merito
660 2054 894 2130 praeoptamnt
909 2041 1100 2127 πρόςθεσις.
1124 2038 1213 2125 quod

101 2157 133 2210 et
154 2143 364 2231 ambiguitate
385 2152 474 2208 earet
496 2152 529 2208 et
556 2144 683 2209 infinito
705 2144 904 2231 frequentius
933 2155 999 2221 est,
1028 2142 1213 2228 pariterque

101 2246 233 2312 verbum
251 2269 319 2311 non
338 2244 443 2311 solum
460 2245 550 2331 apud
566 2246 801 2313 Grammaticos
824 2247 882 2312 sed
902 2246 997 2312 suam
1009 2243 1115 2312 Strab.
1129 2244 1213 2311 XII.

100 2345 205 2416 usas
226 2348 368 2435 ποιητὴς
389 2342 518 2432 εἴρηκεν
535 2341 735 2436 ἀμφοτέρως
754 2348 810 2416 καὶ
830 2346 1025 2433 apportatis
1044 2345 1104 2433 τὴν
1120 2343 1214 2433 πρώ-

101 2477 159 2538 την
189 2449 357 2535 συλλαβὴν
386 2450 510 2535 δῆμον
535 2441 741 2516 Ἀπαισοῦ
767 2449 823 2516 καὶ
853 2443 987 2537 ἀφελών
1020 2445 1065 2525 ὅς
1094 2442 1124 2533 ῥ’
1153 2446 1215 2515 ἑνὶ

102 2554 263 2639 Παισῷ.
305 2549 413 2614 Aliter
431 2546 491 2614 sed
511 2546 618 2615 minus
642 2560 718 2637 apte
738 2550 883 2638 appellat
904 2545 1014 2617 Schol.
1037 2548 1149 2634 Apoll.
1166 2547 1212 2614 ll.

103 2652 194 2717 1219.
221 2647 340 2741 plaiae
367 2645 436 2718 ἀπὸ
458 2654 517 2717 τοῦ
548 2656 645 2729 laios
667 2645 741 2717 κατ’
765 2651 942 2721 intelam
963 2637 1067 2739 τσῦῇ
1101 2652 1213 2735 γέγονε
1265 2737 1268 2742 Δ

102 2751 148 2833 ὡς
168 2750 267 2836 βαιός
288 2745 416 2839 ἧβαιός.
459 2747 629 2817 Prosthesi
654 2753 845 2818 contrariam
868 2751 1061 2840 aphaeresin
1086 2751 1133 2819 sio
1155 2753 1214 2820 de·

101 2855 219 2920 finiunt
250 2848 402 2939 ἀποβολὴ
444 2848 517 2918 κατ’
552 2849 654 2942 ἀρχὴν
686 2857 853 2942 συλλαβῆς
885 2849 905 2942 ἢ
937 2856 1102 2939 στοιχείου
1142 2846 1215 2922 οἷον

103 2963 218 3035 κεῖνος,
242 2951 321 3038 εἷ’βω
345 2951 485 3042 Joseph.
506 2953 528 3018 l.
551 2977 579 3020 c.
605 2954 730 3041 Tryph.
752 2959 778 3041 ξ.
800 2957 852 3021 20.
876 2978 909 3042 p.
929 2955 982 3022 36.
1028 2956 1117 3039 Quia
1135 2976 1213 3023 vero

102 3079 262 3146 persaepe
292 3053 456 3122 dubitatur
481 3066 589 3119 utrum
616 3055 710 3120 litera
736 3056 848 3120 addita
876 3079 918 3121 an
946 3055 1052 3121 recisa
1079 3057 1136 3135 eit,
1172 3059 1215 3124 de

101 3173 239 3245 utraque
277 3146 449 3243 conjuncte
485 3154 660 3243 disputabo
696 3157 742 3222 ita
773 3168 809 3221 ut
843 3158 948 3244 primo
980 3156 1054 3223 loeo
1086 3160 1215 3226 vocales

104 3272 331 3328 enumerentur
360 3258 541 3347 simplices,
573 3258 718 3324 secundo
748 3281 927 3338 consonae,
956 3259 1049 3327 tertio
1073 3261 1215 3348 syllabae

103 3388 144 3431 ex
164 3365 310 3451 utrisque
332 3360 542 3450 compositae.

571 3628 683 3702 CAP.
717 3629 745 3702 1.

395 3843 397 3848 ·
496 3783 549 3863 De
576 3789 679 3865 le‘tera
705 3793 820 3891 alpha.

189 3973 215 4056 ς.
239 3970 268 4035 1.
312 3970 406 4036 Haeo
433 3966 639 4060 potissimum
665 3974 873 4067 anteponitur
898 3970 1064 4045 vocabulis
1091 3996 1217 4063 quasa

103 4071 210 4158 sigma
235 4093 381 4139 consona
406 4072 538 4144 suffulto
564 4079 741 4166 incipiunt:
773 4076 969 4163 ἆσκαμωνιά
999 4071 1090 4160 eldat·
1106 4066 1243 4164 floro-¹

103 4196 161 4262 νης
188 4173 283 4241 suia.
312 4199 397 4261 quae
424 4178 524 4265 vulgo
552 4179 750 4264 σκαμμωνία
777 4179 976 4246 scammonia
1002 4189 1036 4245 ot
1056 4199 1214 4246 soemmo-
1279 4235 1281 4239 .

102 4274 193 4343 nium
222 4276 282 4344 aad
309 4278 427 4346 rectius
455 4279 628 4367 σκαμωνία
649 4290 783 4348 vooattu·
804 4279 845 4346 ab
866 4279 1034 4350 inventore
1054 4283 1216 4352 Soamone
