2736 4778
128 340 171 406 aa
384 286 406 351 ·,
508 338 784 406 nissnansmo
816 339 870 405 vn

130 519 226 568 sensu
247 502 385 567 omnium
408 503 582 568 sustinetur
602 501 788 584 inhpollon.
811 501 985 570 etTheocr.
1008 500 1154 568 versibus
1176 520 1257 584 pro-

128 604 222 675 ducto
244 602 359 686 ubique
381 604 497 686 ypsilo,
530 604 615 686 quod
641 604 673 668 in
702 604 836 687 obliquis
858 605 1008 687 primitivi
1036 607 1099 687 μῦς
1120 604 1257 670 casibus

127 706 223 773 breve
245 710 303 784 est,
316 725 354 770 u.
377 703 523 786 Spitzner
544 705 672 771 Prosod.
696 704 806 771 Graec.
830 704 880 771 97.

213 807 302 875 Haec
323 807 495 889 disputatio
522 808 667 889 opinione
694 808 818 890 longius
845 808 999 889 prooessit
1024 813 1155 890 propter
1184 810 1253 874 sin-

128 910 269 994 gularem
291 908 476 990 diphthongi
502 910 540 979 ὸῖ
553 914 708 975 naturam.
766 909 849 975 Nam
881 928 978 992 quum
1010 914 1135 975 ceterae
1169 911 1254 977 nulli

128 1012 289 1079 subiectae
313 1012 376 1077 sint
396 1011 534 1093 regulae,
556 1010 636 1076 haec
655 1012 791 1094 propriis
812 1011 933 1093 regitur
953 1009 1077 1077 tinibus.
1105 1011 1252 1079 Primum

127 1115 211 1181 enim
233 1132 392 1197 nunqnam
413 1130 522 1179 vocem
543 1111 614 1178 finit
633 1119 761 1195 praeter
783 1114 904 1179 dativus
925 1115 1048 1196 poetice
1068 1120 1252 1182 contractos

127 1215 257 1304 πληθὺΐ
287 1218 432 1302 πληθυῖ,
465 1214 579 1298 quibus
611 1217 856 1299 aequiparantur
885 1216 949 1281 duo
979 1215 1085 1282 Latini
1122 1218 1178 1281 cua·
1215 1225 1252 1284 et

127 1318 214 1400 huic,
248 1319 277 1384 si
297 1317 504 1400 monosyllabi
525 1315 612 1384 finnt
656 1318 693 1382 In
716 1318 852 1383 dictione
875 1322 981 1383 autem
1003 1318 1251 1403 mediareingit

127 1421 282 1487 avicinia
303 1438 509 1486 consonarum
531 1425 564 1485 et
585 1438 626 1485 ne
648 1426 721 1486 ante
739 1421 864 1487 vocales
886 1420 1012 1501 quidem
1034 1421 1142 1487 sedem
1153 1422 1249 1487 undi-

127 1541 188 1605 que
209 1528 311 1588 tutam
333 1521 444 1602 habet,
476 1522 650 1605 sedsaepe
672 1523 713 1588 ad
736 1523 761 1594 o*
781 1523 913 1604 simplex
935 1523 1087 1604 redigitur
1113 1525 1164 1589 vel
1191 1542 1248 1589 ex-

127 1625 229 1691 aerosi
259 1624 371 1689 literae
404 1623 634 1706 hypotacticae,
672 1630 756 1708 μῡα,
798 1624 848 1691 vel
880 1625 1024 1705 diastasi,
1058 1620 1140 1709 pdl‘h
1172 1645 1247 1716 pro-

125 1732 338 1809 paroxytonon
361 1731 397 1790 ut
419 1723 547 1793 πότνια.
591 1727 696 1792 Latini
717 1728 856 1793 vocalem
878 1729 910 1792 in
933 1745 1100 1794 consonam
1122 1734 1249 1794 vertere

128 1828 243 1893 solent:
266 1828 366 1912 Mafa,
391 1826 497 1912 Trojo,
522 1828 680 1915 Heoqucz,
703 1848 798 1912 qnam
820 1835 931 1910 tropen
948 1830 1247 1911 uberrimetracta·

126 1916 171 1996 vit
193 1929 226 1996 C.
250 1929 459 1996 Schneiderus
480 1931 664 1997 inGramm.
681 1931 751 1998 Lat.
785 1931 829 1996 At
849 1950 923 1998 vero
950 1933 1032 2015 quod
1054 1932 1182 2015 quidam
1205 1933 1247 1997 de

125 2031 470 2112 nostrisuontendunt,
509 2034 593 2115 apud
616 2032 755 2099 Graecos
783 2051 907 2116 quoqne
936 2035 1000 2100 iota
1021 2052 1247 2116 nonnunquam

127 2136 226 2201 vicem
248 2152 402 2201 consonae
423 2134 605 2216 obtinuisse,
628 2156 710 2220 quae
731 2138 825 2204 hodie
843 2135 899 2220 iod
919 2140 1126 2219 nuncupatur,
1148 2143 1248 2218 negat

125 2236 322 2303 Henriohsen
352 2236 504 2303 adversus
526 2238 690 2304 Blochium
716 2240 880 2325 disputans
907 2239 939 2302 in
967 2237 1047 2303 libro
1074 2236 1172 2302 Ueder
1193 2236 1247 2303 die

127 2337 375 2425 neuqrc'eehchche
396 2338 602 2424 Auecprocha
627 2359 656 2421 p.
682 2340 752 2420 117,
783 2348 817 2406 et
837 2340 870 2405 id
891 2341 1027 2420 rectius,
1051 2347 1088 2406 ut
1109 2341 1245 2406 videtur.

127 2439 240 2506 Graeci
262 2441 346 2506 enim
367 2442 494 2506 nomina
515 2441 726 2507 Romanorum
747 2443 875 2524 propria
888 2440 1083 2524 proferentes
1106 2442 1244 2508 elemen-

125 2550 193 2607 tum
215 2536 363 2607 Latinum
384 2543 521 2608 reddunt
542 2544 709 2609 vernaculo
730 2547 808 2610 iota:
836 2542 950 2622 Γάϊος,
975 2542 1168 2630 Πομπήϊος,
1205 2544 1244 2610 cf.

126 2645 303 2709 Watrowski
326 2645 452 2726 Antiqq.
474 2645 563 2710 Rom.
596 2665 625 2726 p.
648 2646 704 2724 54,
739 2647 884 2728 idemque
911 2645 1016 2710 Latini
1049 2648 1082 2711 in
1114 2647 1244 2713 vocibus

127 2745 327 2811 Graecanicis
340 2765 435 2827 saepe
447 2746 643 2812 substituunt
650 2749 689 2830 ο);
707 2744 809 2835 Τὴϊος
822 2746 924 2831 Tque,
937 2745 1051 2826 Λάϊυς
1063 2747 1173 2833 Lojoa,
1186 2749 1245 2814 sed

124 2848 212 2913 nulla
232 2867 267 2913 re
289 2848 455 2929 probatur,
478 2847 547 2912 illos
561 2849 639 2914 haec
651 2851 876 2929 pronunciasse
886 2868 973 2915 more
983 2849 1124 2915 Romano
1140 2847 1245 2933 Τήιος

124 2949 321 3032 bisyllabum,
329 2946 511 3036 Πομπήιος
521 2951 727 3032 trisyllabum.
740 2951 861 3016 Inhanc
869 2952 1098 3032 corruptionem
1108 2950 1245 3015 Graecia

124 3060 271 3134 postuma
283 3052 413 3134 delapsa
428 3056 478 3115 est
489 3051 684 3116 lenocinante
697 3054 764 3118 soni
775 3054 939 3134 utriusque
952 3051 1113 3118 affirmate.
1125 3050 1243 3130 Quem·

125 3154 293 3219 admodum
320 3154 403 3218 enim
427 3151 562 3237 {litera
593 3155 626 3218 in
654 3156 811 3221 nonnuliis
834 3154 1040 3220 Germanicae
1061 3148 1245 3236 'regionibus

125 3256 273 3337 liquidius
295 3261 399 3321 sonat:
423 3252 490 3316 Jott
512 3272 568 3334 pro
592 3251 677 3334 Golt,
701 3257 746 3320 sic
768 3258 897 3322 inolevit
918 3255 1005 3340 μὺγα
1027 3275 1083 3337 pro
1104 3261 1185 3336 μυῖα
1210 3258 1244 3322 in

124 3358 225 3438 Epim.
248 3359 264 3422 I
287 3359 349 3423 272
387 3361 419 3420 et
452 3355 536 3436 apud
568 3355 646 3419 alios
673 3356 765 3422 huius
793 3356 913 3423 lamnae
943 3359 1125 3439 scriptores,
1162 3376 1244 3439 quos

125 3458 177 3523 Du
199 3459 336 3540 (langius
364 3459 454 3535 citat,
488 3454 526 3521 cf.
553 3455 692 3521 Mullach
722 3456 922 3521 Grammatik
949 3457 1005 3521 der
1029 3457 1243 3546 qmecls'scteu

132 3558 382 3644 Vulqdrepruche
404 3578 434 3640 p.
460 3556 528 3622 141.
551 3557 589 3622 Id
612 3559 657 3624 illi
678 3557 757 3641 partia
780 3561 927 3641 scripturi
956 3567 1059 3639 erunt,
1093 3561 1155 3624 nisi
1181 3559 1245 3627 hoc

125 3661 248 3743 signum
269 3661 453 3726 literaturae
476 3658 618 3725 Graecae
641 3661 774 3726 deesset

192 3762 323 3828 .Adhuc
344 3763 421 3827 nihil
443 3762 577 3826 diximus
606 3761 645 3826 de
667 3763 842 3844 quantitate
865 3763 1049 3846 diphthongi
1071 3765 1107 3835 ὗῖ.
1150 3761 1201 3827 Ea
1225 3782 1245 3828 a

124 3867 216 3947 longo
239 3865 312 3930 inde
333 3871 475 3946 tempore
496 3863 722 3932 adnumeratur
742 3864 930 3947 impropriis.
971 3865 1033 3931 Sed
1048 3866 1245 3932 contrarium

125 3968 342 4034 demonstrant
364 3967 462 4032 dativi
483 3964 529 4030 illi
550 3963 710 4031 Homerici
733 3967 863 4051 πληθυῖ
883 3974 957 4047 etc,
991 3969 1045 4050 qui
1067 3986 1165 4050 quum
1202 3987 1244 4034 ex

125 4070 247 4136 duabus
270 4068 417 4137 brevibus
443 4073 460 4138 i
486 4073 520 4133 et
544 4069 562 4138 ῖ
590 4068 741 4133 contracti
764 4069 835 4147 sint,
858 4070 1047 4151 aequitur‘o]
1072 4068 1244 4151 diphthon-

126 4206 378 4217 —ao—-u--as

193 4289 222 4345 9»
240 4291 332 4360 Saepe,
350 4291 417 4355 dico,
435 4307 488 4343 non
505 4307 607 4359 umper
623 4301 728 4358 propter
745 4294 841 4354 Aeeten,
858 4295 966 4355 Aucus,
984 4293 1101 4346 seuam
1119 4300 1170 4346 ete.
