2736 4778
184 320 261 395 260
359 360 363 365 ·
482 316 799 386 DIBSERTATIO
822 317 869 383 Il.
911 317 952 383 P.
972 316 1001 383 1.

185 501 342 589 Apellen.
364 503 464 569 Pron.
488 502 559 568 126.
587 502 778 570 Communis
804 525 881 569 vero
913 505 1117 570 consuetudo
1143 503 1301 571 substen-

185 603 259 667 tivis
281 603 386 673 induit
416 603 657 692 diphthongum
679 603 804 690 primae
833 603 1006 694 posit-ionis
1036 602 1148 687 χοισέ,
1183 604 1297 690 βουσί,

183 704 289 783 ναυσί,
313 706 480 793 δρομάσι.
902 748 905 754 -
937 736 942 750 ·

269 804 354 872 (nm
378 805 587 870 substantivis
609 800 778 889 liisyllnbis
799 805 833 870 in
854 793 898 885 εἷς’
917 805 1134 883 neutralibus,
1156 804 1199 870 (le
1220 804 1299 890 qui·

182 905 301 972 busin
324 907 432 993 priore
457 906 566 993 eapite
588 905 790 992 disputatum
818 917 881 984 est,
911 929 1122 995 permaguum
1144 904 1297 971 similitu·

183 1008 291 1073 (linem
313 1005 434 1071 hubent
456 1008 588 1072 nomine.
614 1007 761 1091 ejusdem
786 1010 916 1094 generis
945 1020 978 1075 et
1006 1028 1176 1075 mensurae
1197 1007 1232 1071 iu
1251 994 1296 1086 u}

183 1109 336 1174 exeuntia
357 1102 547 1194 tentumque
569 1108 633 1173 hoe
654 1108 761 1172 differt
780 1111 870 1194 quod
890 1110 946 1175 ills
964 1108 1067 1175 tribue
1079 1108 1297 1193 subjiciuntur

182 1209 419 1287 effectionibus,
445 1208 525 1274 haee
548 1207 674 1273 duabus
698 1220 838 1275 tuntum:
867 1209 905 1278 τὸ
933 1211 1014 1297 κέρα
1037 1205 1197 1297 ἀποκοπή
1219 1208 1295 1276 ἐστι

180 1314 239 1378 ,τοῦ
269 1308 407 1395 κέρατα,
455 1298 666 1395 Ἡρωδιανὸς
694 1309 897 1398 σικαλσιαὴκ
928 1314 987 1377 τοῦ
1021 1310 1142 1398 κέραα·
1177 1308 1217 1377 τὸ
1252 1309 1291 1376 δὲ

179 1408 277 1496 χρέεα
297 1408 378 1497 χρέα
400 1405 548 1496 σαγκσσή
573 1409 683 1476 Sehol.
706 1411 750 1474 A.
773 1411 815 1475 ud
834 1412 873 1475 Il.
889 1411 949 1479 IV.
974 1411 1044 1476 109.
1067 1409 1109 1477 τὰ
1128 1409 1211 1496 χρέα
1233 1410 1293 1476 καὶ

178 1509 220 1577 τὰ
244 1510 325 1577 κλέα
345 1502 414 1577 ἀπὸ
437 1515 496 1576 τοῦ
522 1508 620 1591 χρέεα
642 1509 700 1577 καὶ
731 1509 828 1577 κλέεα
849 1511 934 1579 κατὰ
956 1510 1125 1598 σκγκσαὴκ
1146 1503 1183 1576 αὖ
1206 1509 1295 1578 κατὰ

178 1615 311 1700 κρᾶσιν,
334 1612 453 1699 ἐπειδὴ
481 1610 520 1678 τὸ
550 1599 581 1678 ἶ
594 1611 851 1692 σκκεσκαλμένσν
874 1610 1004 1693 έχσσσκν
1033 1603 1106 1676 olor
1127 1611 1290 1678 παλαι-

179 1710 329 1797 γενέων
364 1712 468 1777 κλέα
502 1709 649 1800 φώτων
679 1711 842 1777 Choerob.
880 1713 961 1780 Can.
992 1713 1066 1779 372.
1105 1711 1290 1798 exemplum

179 1834 221 1876 ex
242 1811 412 1898 Apollonii
436 1812 607 1898 prooemio
630 1834 771 1889 sumens,
793 1812 849 1877 ubi
873 1814 907 1878 in
927 1837 994 1877 uno
1023 1813 1097 1878 cod.
1125 1810 1206 1877 κλέα
1230 1805 1288 1876 ἆσ-

177 1914 264 2000 όρῶκ
285 1912 441 1999 seriptum
463 1922 513 1977 est
532 1912 671 1978 fortasse
694 1937 734 1979 ex
755 1914 947 2001 proeedosi3
970 1915 1029 1980 sed
1045 1915 1214 1998 vulgatum
1235 1933 1290 1977 se·

177 2025 320 2098 quuntur
337 2012 702 2102 ChristodomsEcphr.
725 2015 798 2082 378.
818 2015 898 2081 κλέα
920 2020 1041 2101 (λωτῶν
1063 2025 1095 2080 et
1116 2015 1156 2079 P.
1171 2013 1287 2081 Sileut.

176 2114 281 2201 Soph.
311 2116 356 2181 Π.
383 2116 457 2181 ὗ98.
486 2115 567 2183 κλέα
594 2113 743 2200 μόχθων.
786 2117 827 2181 In
854 2115 935 2181 EM.
963 2113 1043 2192 517,
1073 2117 1124 2179 21.
1156 2113 1288 2179 affertur

175 2214 374 2280 homericum
395 2215 476 2282 κλέα
499 2211 642 2302 ἀνδρῶν,
671 2218 761 2301 quod
783 2228 832 2283 ter
851 2217 885 2280 in
909 2216 1052 2281 clausula
1071 2236 1183 2280 versus
1203 2214 1287 2300 legi·

175 2315 311 2380 turned
339 2315 526 2402 ambiguum
557 2327 606 2381 est
640 2330 677 2381 ut
707 2317 786 2403 κρέα
817 2327 849 2382 et
878 2316 958 2401 κέρα
985 2328 1142 2400 sequente
1170 2316 1286 2382 venali.

175 2418 306 2482 Atticos
335 2417 432 2504 alpha
459 2418 641 2503 producere
669 2418 805 2483 affirmat
833 2416 994 2482 Thomas:
1025 2415 1064 2484 τὸ
1093 2413 1171 2503 ὑγιᾶ
1199 2415 1288 2483 κατὰ

176 2516 364 2603 σινναίρεσικ
393 2512 750 2602 λέγσμεκ-ὡςαύτως
781 2516 819 2583 δὲ
852 2517 910 2583 καὶ
942 2517 980 2583 τὸ
1002 2516 1083 2602 χρέα
1111 2517 1169 2583 καὶ
1192 2515 1286 2593 κλέα,

173 2642 312 2703 quorum
338 2619 419 2683 illud
449 2620 655 2684 confirmatur
681 2618 913 2705 Aristophanis
944 2619 1104 2704 exemplo,
1131 2617 1195 2683 hoc
1223 2618 1284 2682 (lu-

173 2719 243 2782 bito
267 2742 307 2782 un
328 2718 369 2783 nb
391 2722 537 2784 Homero
558 2730 722 2784 mutuatus
751 2720 794 2784 sit
821 2730 858 2784 ut
884 2719 1049 2785 Himerius
1070 2720 1142 2784 Eel.
1164 2719 1284 2784 XXll.

166 2819 245 2884 278.
274 2817 316 2883 τὰ
344 2817 426 2884 κλέα
447 2825 512 2885 τῶν
533 2813 674 2905 ἀνδρῶν·
703 2844 776 2885 nam
806 2823 985 2886 eommunis
1014 2819 1219 2885 consuetudo
1241 2820 1287 2882 de

170 2921 234 2986 hee
256 2942 377 3005 genere
399 2943 499 2985 uuum
517 2921 640 3007 recepit
660 2920 756 3008 χρέα,
787 2944 887 3006 quare
912 2922 990 3000 δέα,
1014 2922 1104 3007 quod
1124 2920 1282 2985 Aelianus

170 3021 220 3086 bis
243 3023 410 3109 usurpavit
437 3047 497 3109 pro
528 3022 685 3108 δείματα,
715 3023 881 3107 quaesitae
911 3023 1079 3107 cujusdam
1101 3022 1283 3108 elegantiae

170 3147 242 3191 esse
263 3125 400 3189 videtur.
444 3123 532 3208 Αρία
555 3124 630 3189 huie
653 3139 787 3201 'numero
811 3123 922 3188 eximit
941 3123 1020 3187 EM.
1033 3124 1105 3200 287,
1121 3125 1174 3189 44.
1201 3120 1281 3207 δρία

171 3221 228 3291 niz
259 3220 328 3292 tim)
357 3229 414 3290 τσῦ
445 3222 540 3308 (λρίεα
568 3224 651 3291 κατὰ
682 3224 849 3312 ‹inmunis›
882 3218 957 3292 ἀλλ’
989 3222 1098 3310 ὥςπερ
1126 3218 1195 3291 ἀπὸ
1220 3225 1279 3286 rui·

167 3322 253 3400 θέας
277 3324 403 3411 γίνεται
423 3318 517 3400 θέον,
539 3321 684 3408 μέγαρσς
705 3323 860 3409 μέγαρον,
885 3324 970 3391 σέτω
990 3324 1083 3412 δρίος
1106 3323 1206 3410 δρίαν.
1240 3322 1281 3387 Id

168 3435 275 3487 tumen
297 3446 363 3487 non
387 3422 491 3507 magis
523 3432 675 3485 testatum
700 3434 748 3486 est
779 3445 876 3506 quam
902 3423 1057 3513 μέγαθος,
1085 3447 1193 3511 neque
1213 3423 1280 3489 sci·

167 3546 238 3585 mus
262 3523 335 3607 quis
356 3519 441 3589 θύον
462 3522 579 3588 dixerit
600 3544 661 3609 pro
684 3518 777 3600 θέας,
799 3545 873 3586 uam
895 3520 964 3592 θέα
986 3526 1021 3591 in
1042 3527 1140 3592 Pind.
1152 3526 1208 3591 Fr.
1226 3525 1277 3591 95.

168 3622 395 3703 uconjecture.
415 3624 596 3707 profectum
623 3634 681 3687 est.
724 3619 839 3700 Σκτέα,
872 3628 961 3710 quod
990 3629 1096 3694 codex
1124 3631 1222 3696 Voss.
1244 3628 1279 3691 in

166 3721 245 3787 EM.
265 3722 339 3798 517,
363 3725 414 3787 21..
436 3725 527 3809 prius
549 3724 653 3787 ullntis
674 3722 779 3796 addit,
811 3746 878 3789 non
901 3727 967 3814 legi
989 3730 1048 3793 sed
1070 3730 1170 3795 medo
1194 3729 1279 3793 dati-

165 3847 241 3888 vum
270 3822 470 3888 homericum
498 3826 630 3899 σπέσσι,
664 3844 760 3908 quem
784 3824 994 3892 Herodianus
1027 3852 1079 3916 ap.
1111 3829 1278 3896 Choerob.

166 3924 247 3992 Can.
270 3924 351 4003 462,
387 3923 503 4006 2231)
537 3935 568 3988 et
595 3923 671 4002 510,
708 3924 758 3988 14.
793 3928 917 4011 gravari
955 3928 1033 3994 dicit
1067 3930 1120 3997 ὅτι
1154 3932 1190 3998 έκ
1218 3935 1276 4000 τοῦ

233 4154 279 4220 38)
294 4154 349 4209 Hie
360 4171 411 4224 pro
425 4154 501 4206 πᾶσα
516 4146 609 4215 δοτικὴ
620 4148 973 4216 ἆνεαέκταιος-ὂξύνεκαι
987 4152 1059 4221 πλὴν
1077 4161 1124 4210 τοῦ
1143 4161 1210 4211 πᾶσι
1229 4164 1276 4213 καὶ

164 4243 262 4291 σπέσσι
281 4247 329 4291 aut
351 4238 534 4293 omittendum
554 4246 595 4291 est
614 4234 795 4299 ἀιέαέκααος
813 4248 858 4292 aut
883 4240 1043 4294 addendum
1062 4247 1114 4296 εἴτε
1131 4245 1278 4299 lustrem·
