2736 4778
151 332 225 415 374
297 378 301 387 ·
434 333 754 404 DISSERTATIO
778 336 827 404 11.
869 338 978 413 P.11.

150 518 341 614 φαάντατος
355 520 409 605 ¹⁸)
442 519 642 588 homericum
672 545 694 588 a
721 523 951 592 Grammaticis
985 526 1160 613 praeterita
1188 540 1270 609 sunt

150 625 209 695 sed
241 624 436 690 adnotantur
467 623 556 689 dno:
590 622 629 691 ab
659 616 847 702 inlaturos
877 626 1101 711 συγκέκοπται
1134 628 1172 696 ἐκ
1202 637 1267 701 τοῦ

147 723 379 804 δπισθόιαιος
398 727 492 792 Euat.
513 724 587 804 837,
605 724 637 789 3.
658 723 751 811 qnod
770 726 862 812 apud
881 749 984 794 unum
1003 729 1210 815 Hesychium
1231 744 1270 800 et

146 850 214 895 non
241 848 281 895 eo
310 848 377 913 quo
406 848 467 914 par
495 837 564 894 erat
590 825 665 891 loco
692 824 813 912 legitur
839 827 900 894 sed
928 829 980 895 sni
1005 829 1144 897 similem
1171 855 1267 900 com·

144 930 327 1019 putativum
356 927 457 995 habet
485 921 716 1014 incutiamus
743 928 837 994 Anat.
866 939 900 996 et
928 930 1088 998 celebrius
1115 929 1265 1014 ὕπατος,

145 1031 199 1099 cni
226 1042 291 1099 tres
318 1028 431 1097 literae
454 1038 602 1096 exemtus
625 1026 793 1096 dicuntur:
822 1024 893 1097 3πό
918 1036 980 1119 τῆς
1004 1027 1091 1119 ὑπέρ
1115 1031 1263 1119 γίγνεται

142 1127 326 1219 ὑπέρτερος
353 1130 411 1197 καὶ
439 1126 627 1216 ὑπέρτατος
656 1129 712 1196 ani
741 1129 827 1197 κατὰ
857 1130 1028 1218 ocyrensis
1054 1129 1187 1214 ὕπατος
1213 1130 1265 1217 ὥς

143 1227 314 1320 πρόταιος
339 1232 474 1318 πρῶτος
499 1228 610 1318 Epim.
629 1230 704 1308 340,
728 1231 779 1297 10.
821 1230 877 1299 De
898 1229 963 1298 hoo
983 1233 1076 1300 aliter
1096 1234 1265 1302 existimat

141 1331 252 1421 Epim.
264 1331 316 1410 83,
327 1331 380 1399 30.
397 1330 493 1419 παρὰ
509 1328 568 1420 τὴν
584 1327 838 1427 πρό-πρότερος
856 1332 913 1399 sui
927 1328 1156 1418 iciodrensis
1172 1334 1262 1425 ποό-

141 1457 242 1514 susac
272 1431 329 1500 καὶ
358 1433 530 1521 μεταβολῇ
560 1435 620 1496 τοῦ
647 1457 668 1497 τ
693 1429 844 1514 πρόατος
872 1433 929 1500 καὶ
957 1430 1074 1520 κράσει
1103 1440 1260 1520 πρῶτος·

141 1531 246 1612 οὕτως
267 1529 480 1619 Ἡρωδιανὸς
505 1530 541 1599 ἐν
567 1530 819 1616 δοιμεριομοῖς·
844 1533 980 1599 alterum
1001 1535 1083 1601 EM.
1104 1535 1181 1616 777,
1202 1539 1262 1606 41.

140 1656 162 1702 a
182 1633 429 1723 praepositione
455 1631 639 1699 contrariae
665 1632 911 1718 significationis
937 1635 1057 1723 repetit
1082 1636 1178 1726 παρὰ
1196 1638 1261 1727 τὴν

138 1730 208 1802 ὑπό
230 1731 400 1823 πρόθεσιν
415 1735 581 1821 δηλοῦσαν
601 1729 641 1798 τὸ
662 1728 818 1818 ὑπεράνω
838 1728 1007 1814 inritatos
1023 1735 1082 1805 sul
1102 1744 1257 1856 οαγκοιιῇ

138 1831 279 1914 ὕπατος.
322 1833 378 1899 Ab
407 1833 522 1899 oedem
541 1832 760 1899 Herodianus
793 1844 826 1899 et
855 1834 963 1900 aliia
990 1835 1132 1903 Lehrsio
1164 1839 1257 1905 eitan'

138 1958 173 2023 p.
196 1936 247 2002 70.
269 1934 367 2002 etiam
387 1932 526 2020 ὕστερος
547 1942 580 1999 et
598 1929 748 2030 οςνιλογξ
770 1933 915 2001 derivata
933 1948 1051 2025 putant
1069 1938 1174 2026 sigma
1194 1940 1260 2008 ab·

137 2038 300 2105 undanter
331 2035 446 2102 addito
474 2032 517 2101 τὸ
549 2059 614 2123 γαρ
646 2059 665 2101 ο
697 2031 966 2120 emancipatos
998 2040 1129 2125 πέφυκα
1159 2038 1198 2108 τὸ
1235 2064 1258 2111 ο

136 2134 331 2221 πλεονάζειν
356 2131 402 2215 ὥς
426 2133 598 2223 &deputor
623 2133 851 2203 Choerob.1n
871 2137 993 2204 Psalm
1017 2139 1095 2217 134,
1116 2140 1169 2230 32
1199 2142 1256 2209 eni

137 2239 329 2306 denomino
347 2236 527 2304 affectionis
546 2246 711 2325 repugnat
723 2236 874 2323 Epiml.
887 2238 962 2303 420.
979 2232 1039 2308 οὐκ
1058 2236 1129 2308 tusa
1148 2243 1254 2310 πλεο·

134 2338 261 2425 νασμδς
281 2333 357 2408 αλλ’
380 2333 469 2414 λ’διος
488 2333 604 2414 τύπος.
648 2336 795 2422 Quoquo
822 2339 970 2417 verteris,
997 2339 1144 2407 salebrae
1165 2354 1253 2410 sunt.

134 2438 275 2528 Κρεῖον,
299 2439 414 2528 rodcog
435 2448 468 2503 et
490 2434 611 2525 κρατύς
626 2438 756 2504 vinculo
775 2439 919 2525 quodam
937 2450 1072 2506 naturae
1092 2444 1252 2511 contineri

132 2540 238 2606 lacilis
271 2550 322 2606 est
354 2539 524 2606 concessio
557 2537 617 2602 sed
651 2539 857 2625 explodimus
890 2551 1036 2606 veterum
1067 2555 1254 2610 commenta

133 2638 253 2726 κρείων
273 2637 428 2725 nupsisti
448 2635 686 2725 sparsionem.
709 2639 1071 2708 Choerob.0rtlr.23l.
1092 2643 1250 2732 Theogn.

133 2737 217 2806 Can.
242 2740 314 2815 147,
335 2739 367 2803 ὅ.

218 2838 408 2925 Syllabas
399 2862 435 2903 ια
455 2837 618 2903 declinatu
641 2836 858 2906 abolescentis
885 2843 1051 2929 specimen
1077 2845 1208 2932 capitur
1229 2869 1252 2911 a

130 2941 262 3007 nomine
284 2940 448 3006 secundae
466 2939 708 3005 declinationis.
728 2934 911 3024 Ἐγιιάτοιοι
934 2938 1091 3036 ἆτοβολῇ
1113 2951 1173 3034 τῆς
1192 2972 1248 3013 τοι

129 3037 349 3130 οολλαβῆς’
334 3041 477 3127 s‘yscctr.
530 3033 653 3106 05³¹„
630 3064 703 3107 εστι
735 3037 773 3104 δὲ
805 3041 978 3130 ccyxomy'·
1010 3042 1152 3128 μάχεται
1185 3073 1249 3135 γαρ

128 3142 310 3221 ἐπέκτασις
330 3145 494 3229 ουγκοπῇ.
529 3134 687 3223 ’Ἀμεινον
716 3131 772 3205 οἶν
798 3141 1040 3225 μιναπλαομόν
1066 3141 1228 3231 λέγειν<
1201 3171 1250 3225 ως

127 3235 286 3327 diurnam,
319 3239 469 3330 πρόβασι
496 3240 577 3306 ΕΜ.
599 3240 677 3317 310,
702 3239 752 3305 15.
779 3239 836 3305 ubi
866 3241 958 3306 deest
986 3254 1114 3322 auctor,
1144 3267 1246 3330 quem

127 3343 293 3431 insperato
260 3341 411 3409 tosistit
438 3341 582 3406 Zonaras
608 3362 642 3425 p.
666 3341 738 3405 103.
765 3337 870 3418 ου’τιος
893 3336 1146 3426 Ἡρωδιανὸς
1130 3369 1165 3410 εν
1193 3350 1246 3435 τῷ

126 3444 205 3530 περὶ
233 3447 360 3509 παοα7ν
388 3441 428 3507 cl.
455 3440 574 3505 Parall.
599 3440 670 3505 176.
714 3441 894 3506 Meliore
879 3465 955 3527 Jure
985 3455 1062 3510 sunt
1092 3448 1246 3534 exempla.

126 3544 212 3610 tertii
240 3544 374 3609 ordinis.
423 3535 573 3625 Οἰδεμία
594 3539 703 3628 γενικὴ
729 3538 777 3619 εἷς
800 3568 856 3620 νος
876 3549 980 3642 cyp—oc
1007 3543 1244 3636 παραλήγεται

125 3640 213 3711 ἀλλὰ
234 3642 318 3730 μόνη
347 3641 366 3731 ἦ
397 3640 565 3729 γουνός-
578 3669 635 3709 και
627 3636 851 3723 οὐδεμία
821 3669 870 3722 εις
897 3670 956 3732 ρος
983 3641 1129 3734 λήγουσα
1155 3641 1244 3713 ἀλλὰ

123 3771 208 3831 cosp
230 3771 249 3833 η
277 3743 414 3833 δουρός·
440 3741 548 3811 αἴτιον
574 3743 668 3810 δὲ
632 3770 669 3809 το
697 3740 829 3822 naboe·
856 3746 1006 3834 caluom}
1031 3744 1095 3832 γὰρ
1120 3745 1158 3812 ἐκ
1182 3750 1243 3814 τοῦ

123 3840 277 3933 γόνατος,
301 3844 445 3933 δόρατος
464 3845 644 3908 Herodian.
666 3846 761 3909 Mon.
784 3870 817 3932 p.
835 3847 887 3912 34.
931 3850 1008 3914 Hoc
1034 3848 1241 3934 amplectitur

123 3947 376 4015 Choeroboscus
399 3945 482 4012 Can.
502 3945 575 4022 370,
600 3947 628 4010 1.
653 3947 799 4011 sednon
820 3947 950 4033 ignorat
972 3949 1068 4014 aliam
1089 3950 1240 4016 interseri

191 4186 237 4253 28)
253 4185 332 4241 Haec
349 4184 372 4240 si
388 4186 425 4239 ad
443 4182 566 4256 speciem
583 4181 740 4251 referimus,
752 4184 905 4257 apositivis
922 4181 1040 4258 φανιός,
1054 4179 1169 4260 capric,
1188 4202 1245 4260 per

122 4285 274 4341 syncopen.
