2736 4778
588 241 611 273 ἱ

181 364 257 437 114
327 354 330 361 ’
546 355 867 424 DISSERTATIO
900 357 929 422 1.

140 567 144 579 ⁴
184 543 276 628 quod
296 544 494 608 Buttmanuo
516 540 660 606 Gratum.
683 543 709 624 1.
737 540 788 605 18.
817 539 906 605 Aue
928 541 960 605 4.
983 539 1024 603 ab
1049 540 1148 626 alpha
1168 542 1303 610 unitatis

184 643 397 729 significativo
430 641 627 727 productum
654 641 799 719 videtur,
835 639 875 705 ab
910 634 1015 724 ὄκρος
1045 663 1075 706 v.
1112 642 1225 708 Klotz.
1259 645 1305 711 ad

182 745 303 813 Devur.
330 743 376 809 II.
404 743 477 808 225.
507 780 549 790 -
583 742 717 809 Πολλοί
748 741 854 822 λέξας
880 740 1106 809 ἐκπίπτουσαι
1133 747 1193 808 τοῦ
1226 739 1300 811 κατ’

181 841 285 931 ἀρχὴν
315 841 498 930 συμφώνου
525 843 584 907 τὸν
614 836 715 908 αιἰτίιν
742 846 819 910 νοῖιν
840 839 982 923 σώζουσι
1003 839 1097 928 μῆλα
1118 835 1184 930 ἦλα
1205 845 1302 912 Euat.

182 946 256 1023 701,
280 944 332 1008 47.
356 944 416 1008 sed
438 964 571 1008 sensum
591 942 731 1006 eundem
751 964 820 1007 non
838 964 969 1007 munere
978 942 1170 1013 Athenaeus
1193 945 1301 1024 dccet,

182 1071 204 1117 a
231 1069 296 1131 quo
328 1045 383 1109 ille
407 1044 487 1109 haec
515 1053 680 1108 mutuatus
708 1056 771 1120 est;
799 1043 853 1108 hic
883 1044 968 1110 enim
1000 1044 1079 1109 dicit
1103 1045 1149 1111 11.
1176 1046 1229 1111 50.
1255 1049 1299 1113 A.

181 1138 365 1236 prunorum
384 1145 444 1210 tria
459 1168 533 1210 esse
553 1145 686 1212 nomine
704 1142 866 1230 βράβυλα,
887 1145 1022 1230 μάδρυα
1038 1157 1071 1210 et
1087 1135 1151 1233 ἦλα
1169 1157 1202 1220 et
1218 1147 1301 1216 haee

180 1251 227 1318 itn
253 1248 363 1314 vocari
390 1239 463 1313 οἷον
492 1247 592 1332 μῆλα.
644 1246 723 1313 Sine
751 1247 817 1311 ullu
847 1245 1028 1312 effectionis
1062 1246 1301 1332 significatione

182 1351 303 1417 Pollux
320 1350 381 1417 VI.
397 1347 449 1411 60.
469 1343 503 1412 αί
521 1346 676 1430 περιτταὶ
692 1348 867 1415 σκευασίαι
886 1342 1103 1423 ὀνθυλεύσεις
1120 1343 1299 1418 ἐκαλοῦντο

182 1452 238 1519 καί
266 1446 516 1536 μονθυλείνσεις.
560 1445 708 1513 Verbum
730 1445 951 1531 conticiscere
977 1446 1184 1532 Phrynichus
1206 1449 1299 1534 Epit.

181 1553 256 1621 356.
283 1572 384 1636 quum
405 1550 450 1613 itu
472 1548 701 1634 interpretatur
719 1545 904 1630 μολόνοντα
922 1546 1107 1632 ταράττειν,
1130 1571 1197 1614 non
1220 1571 1299 1635 pro·

181 1656 235 1720 cul
258 1653 387 1717 aberrat
407 1649 449 1714 nb
470 1648 638 1715 Eustuthii
659 1644 815 1734 opinicne
837 1671 870 1734 p.
892 1648 984 1725 1329,
1003 1650 1053 1715 14.
1077 1644 1299 1724 ὄνθυλτύουαι

178 1756 238 1823 τὸν
260 1745 350 1818 οἶνον
371 1749 453 1828 ἴσως
475 1745 545 1817 cini
568 1754 627 1817 τοῦ
650 1745 770 1827 ὄνθος,
803 1750 890 1814 unde
921 1745 1170 1832 ιόνθυλκυμένος
1199 1747 1218 1818 ὃ
1242 1778 1300 1818 xc-

180 1852 285 1939 πρίας
319 1852 426 1936 γέμων
460 1849 553 1917 Suid.
582 1851 673 1933 quod
708 1850 874 1934 quomodo
904 1852 1098 1919 eontrarium
1122 1854 1299 1919 condiendi

179 1953 452 2040 significationem
467 1951 617 2038 accipere
635 1953 787 2038 potuerit,
809 1951 949 2018 breviter
963 1952 1126 2040 disputavi
1143 1954 1178 2019 in
1194 1939 1303 2020 Pron(

121 2084 124 2088 ·
182 2057 252 2121 126.
287 2078 361 2121 cum
393 2047 496 2131 ὄνθος
536 2064 644 2121 autem
679 2054 888 2143 conjungitur
918 2055 1041 2138 μι’νοος
1070 2056 1106 2120 iu
1135 2055 1298 2142 Hesychii

179 2159 291 2244 glossa
317 2153 445 2239 ψιόιζος
477 2150 608 2238 ὄφοδος
633 2151 727 2241 ὑγροί,
758 2151 775 2242 r]
800 2149 906 2231 ὄνθος
925 2154 980 2220 καί
1002 2149 1041 2243 ἣν
1062 2157 1204 2223 καλοῦσι
1224 2157 1299 2238 μίν-

180 2272 259 2327 θαν.
305 2257 368 2320 His
392 2255 572 2320 succedunt
592 2248 826 2321 nutricularurn
847 2256 980 2320 nomina
1006 2254 1047 2320 ab
1068 2257 1147 2322 ΕΜ.
1172 2268 1205 2323 et
1226 2258 1298 2323 aliis

180 2358 310 2445 prodita
338 2348 415 2422 Αἶα
443 2350 511 2425 ὑπὸ
537 2356 733 2442 Κυρηναίων
761 2353 860 2440 τηθίς
891 2357 947 2422 καὶ
966 2362 1066 2436 μαῖα,
1093 2352 1206 2440 Ἀμμά
1229 2358 1299 2443 (vel

183 2457 314 2544 ἀμμάς)
338 2451 357 2544 ἢ
381 2451 508 2542 τροφός
531 2455 586 2520 καὶ
610 2453 628 2540 ἦ
652 2453 772 2542 μήτηρ,
794 2461 858 2520 Mu
880 2466 913 2521 et
933 2453 1052 2542 μάμμη
1076 2453 1095 2543 ἡ
1119 2455 1241 2544 μήτηρ,
1261 2470 1299 2523 ut

179 2566 231 2628 πᾶ
253 2571 286 2624 et
308 2557 437 2627 πάππα
459 2566 563 2642 pstor.
608 2557 702 2622 Haec
727 2566 803 2621 sunt
824 2556 929 2642 prima
950 2557 1040 2621 vocis
1060 2556 1220 2625 humanae
1241 2582 1297 2625 ru·

179 2661 331 2727 (timenda
369 2657 488 2744 quibus
520 2657 732 2742 grammatice
765 2669 964 2744 serperastris
1000 2659 1158 2744 applicari
1193 2661 1296 2752 nefus.

177 2765 301 2829 Verum
324 2761 439 2824 eadem
460 2759 680 2824 inconstantia
701 2759 785 2823 inter
806 2782 841 2825 se
864 2758 1090 2825 conflictantur
1108 2760 1174 2825 duo
1196 2783 1296 2827 vocs·

178 2864 255 2931 bula
285 2861 416 2937 aetatis,
447 2882 549 2924 uuum
577 2859 759 2925 laconicum
781 2859 889 2946 εἷ’ρην,
911 2860 1047 2925 alterum
1069 2861 1297 2950 pervulgatum

176 2964 300 3051 μεῖραξ
313 2987 343 3027 r.
366 2961 637 3045 ΡαιοΠ.128.2θ)
660 2985 721 3026 nec
747 2962 811 3029 diei
830 2972 940 3048 potest
961 2974 1068 3027 utrum
1091 2963 1297 3050 ἐτυμώτερον

177 3069 220 3135 sit
240 3067 386 3130 variante
411 3064 601 3152 praesertim
623 3064 873 3150 significatione.
908 3062 947 3129 ‘0
969 3073 1084 3149 χοῖρος
1106 3055 1143 3142 irc
1166 3066 1296 3149 λέγεται

178 3167 235 3235 καί
256 3166 356 3252 ῧραξ·
381 3163 529 3232 ἐνταῦθα
553 3167 589 3234 δὲ
615 3166 693 3244 eoric
713 3165 801 3248 μύας
818 3163 965 3242 ἐκάλεσα,
989 3163 1075 3231 διότι
1092 3162 1296 3251 παριοίκαοι

175 3268 304 3354 χαίροις
326 3266 367 3332 τὰ
391 3264 509 3353 ῥάμφη
535 3264 612 3331 soh.
635 3268 708 3332 Nic.
730 3269 785 3333 Al.
805 3267 857 3332 36.
880 3267 1044 3351 quaeritur
1058 3288 1135 3331 vero
1153 3289 1195 3333 an
1212 3264 1298 3353 ὄραξ

177 3369 209 3434 h.
236 3370 257 3433 l.
288 3391 355 3432 non
382 3387 454 3430 mus
483 3365 609 3429 dicatur
636 3367 694 3430 sed
725 3388 831 3432 sorex.
859 3389 890 3432 v.
918 3368 1019 3435 Proll.
1047 3369 1121 3433 447.
1145 3366 1219 3433 adn.
1242 3367 1295 3432 20.

176 3469 279 3534 Plura
308 3465 497 3553 Hesychius
528 3466 676 3553 suggerit
703 3467 763 3532 sed
793 3480 946 3552 suspecte
976 3471 1146 3557 pleraque:
1179 3465 1297 3537 Εἴλιον

178 3566 396 3658 παράφερνον
429 3569 465 3633 id
491 3578 541 3633 est
562 3567 705 3650 μείλιον,
734 3562 839 3651 Ἐλίνη
871 3569 987 3656 μελίνη
1018 3568 1084 3638 ὑπὸ
1110 3567 1295 3646 Λακώνων,

172 3665 340 3755 Ἰαιφόνος
365 3668 620 3757 μιαιφόνοςῖἵ),
642 3669 790 3736 Μέλδων
815 3679 847 3732 et
865 3670 1084 3749 Μελόόμενος
1106 3671 1297 3751 ἐπιθυμῶν,

176 3765 320 3843 Μολπίς
342 3767 438 3845 ἐλπίς
452 3770 515 3853 ²⁸).

246 3957 293 4022 213)
308 3956 403 4014 Μίλαξ
422 3952 580 4007 Meinekius
596 3955 674 4008 Com.
688 3953 725 4006 II.
740 3954 797 4005 ³92.
817 3940 875 4018 ἧλιξ
893 3938 1073 4008 scribendum
1090 3961 1180 4024 putat.

245 4042 291 4105 27)
313 4041 358 4092 Ob
382 4040 436 4092 hoc
457 4056 538 4093 neruo
561 4036 712 4092 crediderit
731 4035 882 4108 μιαιηὸυος
902 4039 957 4092 dici
979 4058 1030 4110 pro
1051 4039 1181 4112 ιαιηὸνος
1201 4037 1232 4091 id
1253 4044 1297 4091 est

176 4123 335 4195 ἰαινόμενος
349 4122 428 4196 αόνῳ
443 4125 508 4179 ΕΜ.
523 4127 582 4189 587,
595 4126 638 4179 21.
653 4125 732 4194 quod
746 4122 792 4178 vel
806 4131 939 4178 accentus
954 4125 1073 4193 refellit3
1090 4126 1143 4179 sed
1157 4120 1295 4195 λαοφόνος,

177 4209 201 4263 si
219 4211 322 4264 mendo
338 4219 434 4277 vacat,
453 4229 514 4266 cnm
530 4213 561 4263 ἴα
579 4209 608 4262 id
625 4217 668 4262 est
684 4213 722 4278 u,
741 4215 789 4277 μία
806 4209 990 4280 compositum
1007 4219 1052 4266 est
1070 4218 1100 4265 ut
1116 4206 1260 4282 μιημοίχος.
1322 4258 1325 4264 ,

246 4295 293 4362 28)
307 4293 436 4371 Ὀλὺκραι
451 4295 529 4357 πόλις
544 4297 610 4365 περὶ
623 4291 793 4350 Ναύπακτον
808 4294 907 4366 steph.
922 4314 981 4352 non
998 4296 1108 4352 diverse
1124 4303 1241 4368 putetur
1258 4295 1297 4350 ab
