2736 4778
187 322 261 394 166
551 317 870 385 DISSERTATIO
904 319 932 385 I.

184 503 272 568 unde
294 501 508 590 perspicuum
535 502 572 567 fit
596 525 716 570 nomeu
744 525 819 569 eum
845 500 920 582 ἆκίς
941 525 1017 571 acus
1039 499 1154 595 ἀκωκή
1176 529 1302 596 cogna-

184 616 253 670 tum
284 626 356 671 esse
374 605 439 688 ²⁵).
481 604 684 671 Adverbium
709 599 842 671 ίίκασκα
873 628 893 669 ιι
919 603 1054 671 Cratino
1082 629 1143 694 pro
1170 605 1302 696 ἡσύχως

183 708 234 771 vel
258 701 341 794 ἀκήν
368 704 512 792 positum
541 716 575 771 et
597 705 792 791 adjectivum
813 701 997 785 ἆκαοκαῖος
1022 707 1158 795 insuper
1179 732 1300 778 conso·

182 831 258 873 num
287 807 415 895 aceepit
442 816 479 871 ut
505 803 705 894 ἀιαρτηρός.
755 807 823 874 Sed
852 808 912 872 erit
939 809 1078 874 fortasse
1107 810 1163 895 qui
1187 811 1301 880 literas

181 899 225 978 ιῖνῖ
252 910 295 975 ad
322 907 581 975 terminationem
606 907 769 996 pertinere
801 907 906 987 diost,
938 921 976 975 ut
1004 909 1114 996 θύοκιγ
1142 905 1212 979 ἀπὸ
1238 919 1299 981 τοῦ

181 1007 259 1078 θίαν
291 1011 372 1076 ΕΜ.
402 1009 481 1087 458,
510 1010 563 1074 33.
598 1012 751 1096 θρῆοκος
785 1031 805 1072 a
842 1013 936 1096 θρίω
962 1033 992 1076 v.
1024 1009 1150 1077 Techn.
1176 1011 1219 1078 65
1247 1038 1298 1102 sq.

177 1106 347 1198 Ἀλοίλογξ
378 1106 525 1197 πνιγμός
555 1105 684 1194 ἀπορία
710 1109 840 1175 Anecd.
872 1111 977 1178 Beklr.
1004 1113 1077 1177 374.
1116 1136 1190 1178 eum
1217 1107 1301 1196 ὔλας

182 1214 250 1279 sive
281 1207 429 1296 ἆλοομός
457 1210 609 1276 convenit
635 1221 673 1275 nt
693 1207 862 1298 Ἀλιίλαγξ
886 1211 995 1300 πλάνη
1023 1216 1107 1278 Hes.
1127 1235 1201 1279 eum
1223 1206 1297 1304 ίὶλιγ,

182 1336 321 1399 quorum
347 1311 541 1398 significatio
570 1334 636 1378 nen
664 1314 801 1401 muitum
827 1314 970 1391 diverse,
996 1314 1090 1400 origo
1115 1318 1298 1382 eommunis

182 1415 309 1501 est²⁶).
347 1409 489 1500 Ἀνοίγκη
518 1413 559 1478 ab
580 1405 668 1498 ίίγχω
692 1414 813 1479 factum
840 1437 912 1480 esse
931 1417 1130 1482 Buttmanno
1153 1417 1299 1484 certissi-

179 1540 270 1582 mum
295 1515 424 1581 videtur
452 1515 595 1581 Grumm.
624 1513 671 1579 II.
699 1516 773 1581 314.
803 1516 893 1580 Adn.
920 1516 1021 1600 idque
1051 1516 1298 1601 quodammodo

180 1619 351 1684 confirmat
369 1639 434 1682 vox
454 1617 578 1682 novitia
604 1638 624 1679 a
648 1638 829 1701 synonymo
854 1616 953 1683 verbo
981 1614 1111 1704 σφίγγα
1140 1620 1297 1686 ιτααιίολο

179 1719 327 1806 σιγίκιρα
356 1717 443 1782 idem
470 1717 658 1802 significuus
686 1717 776 1801 quod
799 1713 924 1803 ἀνάγκη
942 1741 972 1782 v.
994 1718 1052 1784 Du
1074 1716 1181 1806 Csng.
1225 1721 1297 1789 Sed

178 1818 399 1885 Doederlinus
427 1818 501 1904 pari
528 1817 766 1883 asseveratione
794 1818 836 1882 ad
864 1813 968 1903 ἆγκάς
996 1818 1104 1885 refert.
1154 1821 1232 1888 Jam
1251 1821 1294 1888 ab

179 1920 278 1985 attice
298 1918 558 2005 reduplicatione
579 1929 710 1983 transeo
726 1918 769 1983 sd
788 1941 869 1995 eam,
893 1941 976 2003 quae
991 1920 1159 1987 vocabulis
1177 1944 1197 1987 a
1213 1945 1293 1989 eon·

178 2042 261 2087 sons
282 2020 512 2107 incipientibus
534 2020 669 2107 propria
691 2030 749 2085 est.
792 2017 938 2098 Βάκινος
960 2014 981 2106 ἢ
1001 2019 1183 2103 βαβοίκινος
1204 2017 1294 2103 ridor

175 2121 297 2209 χύτρας
321 2122 437 2188 Zonar.
463 2123 612 2208 ignotum
634 2133 806 2207 utrumque
827 2120 890 2184 nisi
909 2120 994 2184 forte
1017 2143 1090 2185 eum
1117 2123 1214 2204 βίκος
1235 2146 1292 2191 οο.

176 2222 300 2299 haeret,
324 2223 414 2306 quod
434 2223 469 2287 in
483 2222 612 2289 Anecd.
628 2221 732 2288 Bekk.
747 2221 821 2287 226.
845 2221 1020 2307 exponitur
1041 2215 1191 2304 ίίμβικος.
1222 2229 1292 2292 Βα-

175 2321 301 2409 βύρῥας
324 2319 341 2386 ὁ
366 2318 577 2408 παράμωρος
596 2324 680 2387 Hes.
702 2335 735 2388 et
754 2326 911 2389 baburrus
937 2322 1054 2387 stultus
1076 2324 1228 2389 convenit
1248 2326 1291 2391 sd

176 2423 299 2490 turrae·
324 2422 359 2487 id
389 2433 439 2487 est
463 2443 588 2508 nugae,
623 2425 763 2488 baburra
792 2422 929 2488 stultitia
957 2422 1068 2489 Gloss.
1099 2424 1226 2490 Placidi
1255 2426 1288 2489 in

174 2524 259 2608 Maji
286 2525 385 2589 Auet.
411 2521 517 2589 Cless.
541 2522 582 2587 T.
606 2521 671 2587 ΠΙ.
693 2522 768 2587 435.
804 2523 980 2608 Κοίγχαλος
1001 2523 1116 2610 κρίκος
1138 2523 1196 2592 ἐπὶ
1215 2530 1290 2604 ταῖς

174 2621 300 2709 θίραις
321 2622 455 2690 Σικελοί
475 2625 558 2689 Ηοι.
581 2624 692 2689 neseio
723 2646 766 2689 sn
796 2646 816 2688 a
841 2619 925 2711 χηλή
951 2627 1033 2690 cbele
1055 2624 1090 2689 id
1114 2636 1165 2689 est
1184 2626 1290 2692 meni-

176 2726 249 2790 culs
260 2725 387 2791 Vitruv.
402 2724 535 2788 ductum
554 2725 596 2788 sit
614 2725 812 2812 proprieque
831 2725 984 2810 sepulum
1001 2725 1068 2790 sive
1085 2725 1290 2792 manubrium

175 2826 337 2911 significet
363 2824 422 2890 sed
450 2826 628 2913 praecipue
655 2826 810 2891 annulum
835 2825 940 2904 illum,
971 2848 1037 2910 quo
1064 2826 1151 2894 fores
1174 2827 1216 2892 ab
1238 2828 1290 2893 in·

174 2926 317 2992 troituris
344 2927 525 3013 pultsntur‚
557 2926 597 2992 ab
628 2927 820 2993 exeuntibus
852 2926 1072 3005 attrahuntur,
1101 2926 1289 2995 nominibus

172 3053 233 3119 pro
262 3029 366 3097 formu
395 3040 428 3095 et
450 3053 513 3095 usu
539 3028 652 3108 variis,
681 3026 804 3119 κρίκος,
827 3025 947 3113 κόραξ,
972 3026 1110 3116 κορώνη,
1132 3027 1289 3115 ρόπτρον,

172 3131 480 3216 ἐπίσπαοτρονλῖ).
536 3128 693 3221 Κοίκαρον
726 3127 759 3197 οὶ
789 3130 835 3217 μή
870 3127 954 3194 κατὰ
981 3129 1134 3211 γλῶσσαν
1161 3126 1290 3214 λογάδα

171 3229 365 3314 ὁμιλοῦντες
385 3232 423 3299 τὸ
447 3229 582 3319 κράνιον
604 3234 755 3318 λέγουσιν
769 3234 864 3297 Eust.
884 3228 977 3307 1796,
994 3227 1047 3293 58.
1071 3252 1092 3293 u
1113 3225 1200 3316 κοίρα
1222 3229 1289 3296 1οτ-

171 3342 259 3398 tasse
273 3336 342 3417 ²⁸).
385 3328 547 3418 Κακκοίβη
569 3331 664 3418 παρὰ
688 3331 725 3398 τὸ
752 3330 870 3399 κάπτω
895 3329 981 3415 neith]
1007 3328 1064 3396 καί
1086 3331 1288 3419 πλεονασμῷ

240 3587 285 3650 25)
297 3585 355 3640 Pro
369 3584 480 3644 ἀκαλλίς
497 3582 525 3637 in
536 3579 619 3636 Pauli
632 3581 734 3651 Aegio.
749 3580 813 3634 loeo
827 3579 974 3651 reponitur
988 3580 1115 3636 usitatius
1130 3581 1286 3642 ἂκακαλλίς.

169 3668 274 3724 Minois
294 3669 378 3723 tilium
398 3669 591 3739 Apollodorus
604 3666 657 3720 ΙΙΙ.
674 3668 697 3730 1,
709 3669 734 3720 2.
755 3683 813 3720 non
826 3663 959 3735 Ἀκάλλην
975 3684 1091 3721 vocasse
1107 3666 1219 3721 videtur
1237 3668 1288 3721 sed

166 3753 312 3809 Ἀκαλλίιῐα
330 3754 375 3806 vel
394 3761 425 3806 ut
443 3753 529 3808 ceteri
545 3752 737 3807 Ἀκακαλλίδα.

237 3840 282 3903 26)
303 3838 375 3895 Sunt
395 3837 444 3908 qui
466 3837 587 3908 ἄλιὶλνγξ
608 3838 683 3892 idem
703 3852 764 3892 esse
786 3841 887 3906 putent
908 3854 942 3893 se
961 3833 1030 3907 λῠγξ
1053 3837 1112 3890 sive
1132 3829 1240 3908 λυγμίς
1260 3842 1290 3890 et

169 3922 308 3989 ὀλολύζειν
326 3941 343 3978 ο
360 3919 457 3986 tricem.

237 4011 283 4080 27)
300 4009 395 4065 Hodie
413 4025 527 4081 quoque
542 4007 693 4079 januarum
710 4005 861 4078 pubsbule
878 4008 962 4061 modo
983 4005 1079 4059 annuli
1099 4006 1217 4075 figuram
1238 4007 1294 4059 hs·-

154 4095 251 4172 'bent‚
271 4099 357 4152 modo
376 4094 451 4150 unci.

235 4183 283 4248 28)
301 4181 377 4236 Nihil
402 4179 498 4236 auxilii
520 4179 640 4251 praebet
663 4179 728 4233 ΕΜ.
747 4180 790 4243 15,
812 4181 854 4233 12.
879 4173 979 4248 ίικαρός
999 4175 1067 4244 (sie)
1090 4178 1220 4245 σημαίνει
1240 4173 1290 4228 τὸν

167 4265 324 4336 ἐγκέφαλον
338 4264 352 4335 ἢ
365 4267 412 4335 ιίγν
426 4263 562 4339 κεφαλήν·
575 4270 680 4336 γίνεται
692 4264 725 4319 δὲ
738 4262 793 4319 ἀπὸ
807 4267 857 4320 τοῦ
868 4260 936 4335 κάρη
949 4265 996 4317 καὶ
1009 4263 1055 4318 διὰ
1068 4261 1115 4316 τὸν
1123 4261 1288 4333 χαρακτῆρα
