2736 4778
126 348 190 414 272
490 345 768 414 DISSERTATIO
796 347 886 414 VIII.

125 510 238 574 ocima
254 521 350 596 parte
378 509 517 594 loquelae
551 522 605 572 cal
628 509 720 574 litera
742 507 918 573 detrahitur
950 521 984 573 cl
1006 508 1169 574 Achilli
1203 523 1271 592 aul

125 611 247 700 syllaba
275 624 310 675 ac
332 635 439 676 auam
462 611 508 677 do
521 613 560 697 *).
606 612 697 678 Hanc
718 612 862 679 Donatus
891 615 923 678 in
945 613 1088 679 ArtelII
1112 616 1134 681 5
1157 632 1259 696 para·

126 734 225 799 gogae
248 714 438 782 contrariam
459 735 531 782 csse
553 717 642 796 dicit,
676 714 848 798 Gregorius
871 713 934 782 cco
955 716 1257 798 proschematismo.

126 817 270 901 Utroque
292 818 437 885 subtilior
460 818 700 907 Choeroboscus
719 818 795 885 Can.
818 817 890 885 366.
912 818 955 885 30
976 819 1057 885 duas
1079 819 1258 887 ablationis

126 922 249 1004 species
272 923 338 988 suis
360 923 512 990 discernit
532 921 723 1002 nominibus
758 941 853 988 unam
876 922 1028 1005 syllabae:
1068 920 1155 1011 κάρα
1182 919 1256 991 ἀπὸ

125 1029 185 1093 τοῦ
209 1023 364 1114 κάρηνοη,
389 1023 473 1093 λίπα
498 1020 649 1093 ἀπὸτοῦ
672 1023 831 1113 λιπαρόν,
866 1026 997 1091 alteram
1020 1025 1115 1091 unius
1139 1027 1257 1093 litcrcc

124 1128 248 1195 iactura
263 1128 544 1210 circumscriptam:
568 1121 694 1218 ἶν’λειφα
718 1124 787 1196 ἀπὸ
810 1132 870 1194 τοῦ
893 1123 1037 1218 ἄλειφαρ
1060 1121 1255 1220 {filiaeque

124 1236 267 1317 κρεῖττον
289 1226 347 1298 οὖν
370 1228 515 1299 ἐνταῦθα
538 1225 711 1320 ἀποβολὴν
733 1232 848 1319 λέγειν,
875 1231 992 1316 ἐπειδὴ
1008 1232 1255 1301 τὸτελευταῖον

125 1331 303 1423 σύμφωνον
327 1329 522 1423 ἀπεβλήθη·
545 1333 579 1403 ἒν
601 1335 639 1402 δὲ
662 1342 702 1424 τῇ
723 1329 884 1426 ἀποκοπῇ
906 1335 1039 1415 τελείως
1062 1331 1255 1405 incaluer-

125 1463 182 1504 ναι
206 1432 225 1524 ἡ
248 1434 422 1504 τελευταία
445 1437 593 1524 συλλαβὴ
623 1428 694 1504 οἷον
716 1440 778 1511 δῶ,
813 1441 927 1504 κυκεῶ.
971 1438 1060 1505 Haec
1086 1440 1122 1504 in
1144 1459 1254 1523 gram

124 1541 310 1606 matioorum
332 1526 458 1624 scapos
479 1559 542 1606 non
563 1559 637 1607 raro
659 1559 795 1624 syncope
806 1541 993 1624 appellatur,
1017 1562 1044 1607 v.
1057 1542 1254 1627 Techn.p.5

125 1643 195 1708 adn.
218 1642 248 1708 5.
276 1643 349 1709 Iam
371 1644 399 1708 si
421 1644 507 1709 ultra
528 1644 682 1710 cancellos
705 1644 831 1710 scholae
852 1645 1084 1726 progredimur,
1108 1648 1256 1729 proxime

124 1747 157 1811 in
178 1745 384 1811 Aristotelem
406 1746 587 1828 incidimm,
621 1749 675 1830 qui
704 1748 737 1812 In
758 1746 846 1813 Poei
868 1747 945 1812 XXI
967 1741 1107 1814 omnium
1129 1750 1256 1832 primus

124 1849 229 1914 varias
252 1847 474 1937 vocabulorum
497 1869 517 1915 a
538 1856 626 1916 recto
649 1851 873 1916 declInationes
894 1851 1033 1916 breviter
1055 1856 1088 1917 et
1111 1870 1255 1917 summa-

125 1953 183 2018 tim
205 1951 383 2018 delineavit.
429 1952 460 2018 Is
483 1953 580 2034 igitur
603 1954 664 2020 duo
687 1971 796 2019 eornm
811 1971 929 2035 genera
950 1954 1256 2037 exadversoposita

124 2054 351 2138 complectitur,
375 2055 413 2122 τὸ
435 2055 690 2140 ἔπεκτετομένον
712 2057 767 2122 καὶ
789 2055 827 2122 τὸ
852 2052 1083 2146 ἀφῃρημένον·
1117 2058 1156 2125 τὸ
1181 2057 1254 2144 μὲν,

125 2155 183 2225 ἐὰν
205 2155 368 2247 φωνήεντι
391 2160 587 2248 μακροτέρῳ
609 2159 803 2247 κεχρημένος
834 2151 857 2246 ἢ
886 2164 945 2224 τοῦ
969 2155 1095 2226 οἰκείου
1124 2156 1147 2249 ἢ
1177 2163 1254 2229 ονλ-

125 2256 214 2349 λαβῇ
236 2259 463 2352 ἐμβεβλημένῃ
496 2255 568 2329 οἷον
601 2256 641 2329 νδ
668 2259 792 2341 πόλεος
815 2258 951 2350 πόληος,
981 2259 1149 2351 Πηλείδου
1178 2267 1253 2353 Πη-

125 2358 286 2450 ληϊάδεω·
308 2365 344 2430 τὸ
369 2366 414 2446 δὲ,
439 2362 497 2433 aiv
519 2361 730 2455 ἀφῃρημένον
750 2356 773 2454 ᾖ
796 2389 828 2430 τι
845 2360 947 2431 αὐτοῦ
972 2356 1043 2431 οἷον
1065 2364 1103 2431 τὸ
1120 2370 1178 2453 κρῖ
1199 2367 1253 2433 καὶ

125 2464 163 2531 τὸ
187 2469 235 2533 δῶ
257 2466 312 2534 καὶ
335 2462 395 2555 lp.
440 2467 492 2534 Sic
519 2475 552 2534 et
574 2469 668 2535 schol.
691 2467 727 2533 ll.
751 2467 766 2532 l
792 2465 852 2532 iol
882 2460 961 2535 loca
983 2467 1174 2549 aphaeresin
1197 2488 1253 2553 ap

125 2570 231 2651 pellat,
254 2590 361 2637 veram
374 2579 480 2639 autern
493 2573 680 2655 aphaeresin
694 2566 755 2654 ἠμί
768 2570 862 2636 schol.
876 2568 932 2635 Od.
945 2570 1023 2634 VIII
1039 2570 1098 2636 186
1116 2572 1251 2656 (Anecd⁴

126 2673 253 2738 Baohm.
278 2674 311 2738 T.
334 2675 380 2739 IV
406 2676 479 2757 171)
508 2694 667 2757 apocopae
695 2674 820 2739 nominc
844 2673 956 2754 signat.
1001 2673 1090 2738 Philo
1115 2675 1251 2757 denique

126 2784 165 2841 do
188 2775 283 2857 Legg.
307 2774 414 2858 Specc.
438 2778 453 2842 Ι
477 2778 539 2842 770
562 2779 620 2842 lroc
642 2777 683 2841 ad
704 2776 790 2839 illam
802 2776 984 2841 reticentiae
997 2777 1134 2858 speciem
1146 2783 1252 2844 trans·

125 2877 200 2959 ieri,
234 2897 297 2960 qua
318 2879 460 2945 iurantes
481 2899 594 2947 nomen
623 2880 674 2945 dei
697 2879 821 2944 silentio
843 2878 1077 2944 transmittunt:
1111 2881 1150 2965 νη
1181 2879 1250 2951 τόν,

92 3041 99 3049 .
125 2981 171 3064 μὰ
196 2977 260 3046 τόν.
305 2981 390 3048 Vera
412 2989 519 3049 antem
553 2989 586 3049 ei
606 2983 748 3064 legitima
770 2982 980 3062 appellatione
1008 2985 1110 3048 ulitm·
1134 2982 1250 3049 Strabo

125 3082 203 3148 VIII
226 3082 288 3149 364
311 3090 380 3172 κρῖ,
405 3088 465 3152 cd<
481 3091 514 3151 et
537 3088 599 3151 alia
621 3085 764 3166 exempla
786 3102 988 3165 coacervans,
1016 3104 1105 3167 quae
1128 3086 1180 3152 hic
1203 3088 1249 3153 di·

126 3187 271 3252 stinctius
305 3193 444 3254 tractare
472 3190 668 3271 propositum
691 3193 749 3253 est.
805 3186 868 3252 Sed
895 3188 958 3253 iam
990 3190 1150 3271 exposco,
1185 3210 1248 3273 quo

125 3307 235 3355 cursus
271 3292 395 3371 tendat,
429 3291 507 3357 nihil
541 3299 604 3373 est,
638 3293 721 3374 quod
755 3310 811 3357 nos
844 3293 877 3356 111
908 3292 967 3357 hoc
993 3292 1100 3358 limine
1129 3294 1250 3361 diutius

124 3394 269 3459 retincat.

611 3556 615 3560 .
624 3554 788 3562 -..u-.—

582 3653 730 3788 Caput
761 3705 786 3772 1.

453 3828 512 3941 De
538 3854 703 3934 apocope
729 3823 919 3906 vocalium.

211 3958 271 4045 51.
315 3960 363 4026 De
385 3963 540 4028 roceium
560 3965 663 4045 prima
685 3964 799 4028 inlrum
828 3969 885 4045 est,
908 3964 991 4046 quod
1009 3963 1249 4033 Choeroboscns

124 4063 223 4128 tradit
235 4061 309 4129 Can.
326 4063 394 4131 183.
406 4065 435 4145 5,
458 4070 525 4134 πᾶν
547 4059 650 4149 ὄνομα
661 4064 908 4151 μονοσύλλαβον
927 4075 1252 4155 μακροκαιαληκτεῖν

126 4186 381 4197 --·---,-ι-

194 4252 221 4319 V)
240 4253 354 4321 &psci-li
369 4272 459 4308 nornen
480 4257 509 4310 ia
526 4257 641 4324 marciae
658 4256 814 4324 ademptum
831 4268 877 4322 eat,
905 4261 950 4327 qui
961 4261 1054 4326 plures
1069 4262 1249 4326 prcmmclr‘eo

124 4354 209 4390 aarum
228 4339 381 4393 Ladmram
397 4342 462 4396 locor
478 4343 575 4415 collegit
591 4344 620 4395 in
634 4352 768 4414 grammat.
788 4345 847 4398 Lac.
867 4345 885 4399 1
900 4348 915 4410 9
934 4341 1011 4400 3611·
