2736 4778
138 325 215 399 2⁹⁴
431 319 753 389 DISSERTATIO
780 320 826 387 11.
870 320 910 387 Ρ.
930 318 984 393 1.,
1062 328 1067 339 ·

140 502 355 589 (intentivoi)
388 515 420 569 et
450 499 599 593 πήγνυμι
623 505 841 592 compositum
863 515 960 592 putat
981 502 1065 569 nihil
1084 505 1262 574 attendens

89 676 92 681 .
140 605 289 693 spiritum
311 616 343 670 et
363 615 534 672 accentum
553 627 584 672 v.
606 606 725 672 Parall.
753 606 825 672 131.
848 616 881 671 et
903 605 977 672 279.

600 880 711 949 cAP.
736 880 798 950 IV.

542 1034 601 1108 De
629 1017 845 1107 omt‘cro.

221 1216 247 1297 ξ.
271 1214 301 1277 1.
346 1213 442 1296 Quae
470 1216 513 1281 de
540 1217 640 1304 alpha
669 1229 701 1282 et
732 1216 837 1303 epsilo
865 1225 1049 1299 temporum
1073 1212 1256 1281 verbalium

136 1323 235 1399 etque
262 1314 431 1380 nominum
460 1316 664 1396 dictasunt,
691 1319 805 1383 eadem
836 1315 999 1404 pertinent
1028 1312 1071 1378 ad
1091 1315 1256 1382 vocalium

135 1413 281 1480 brevium
312 1416 454 1483 alteram.
501 1419 587 1484 Nam
613 1442 688 1485 cum
716 1413 850 1505 θνήσκω
877 1426 974 1500 atquo
999 1415 1157 1481 similibus
1178 1439 1256 1481 ver·

134 1513 251 1581 borum
271 1517 496 1584 inchoatorum
517 1521 764 1607 complementis
786 1518 982 1583 conveniunt
1007 1512 1170 1601 θρτόσκω,
1195 1523 1252 1600 βι·

132 1615 275 1701 βριόσκιοΙ
296 1614 484 1706 φιλόβρως,
508 1617 649 1704 βλώσκω
670 1622 795 1705 βλῶσις
814 1613 989 1705 ἆγχιβλιός,
1012 1612 1159 1703 captiosos
1182 1617 1254 1683 sive

132 1711 265 1803 πρώθω
291 1740 322 1782 v.
345 1718 470 1784 Techn.
497 1720 550 1785 91.
579 1717 757 1804 conionum,
784 1716 982 1809 στρώννυμι,
1012 1737 1152 1801 quorum
1178 1740 1253 1783 om·

132 1816 225 1881 nium
253 1818 374 1885 vocalis
401 1831 517 1885 natura
545 1820 652 1886 brevis
681 1832 732 1886 eet
761 1821 820 1886 sed
850 1819 1003 1884 consonis
1033 1818 1076 1880 in‘
1090 1817 1251 1905 syllepsin

133 1918 327 1985 coeuntibus
351 1923 537 1988 necessario
564 1922 772 2009 producitur,
807 1932 916 1986 manet
948 1941 1026 1985 vero
1057 1918 1252 1985 intemerata

131 2017 166 2084 in
194 2042 261 2086 non
291 2024 465 2089 contractis
494 2020 669 2108 οτόρνυμι,
701 2020 882 2108 θόρνυμαι.
931 2021 1067 2085 Illorum
1091 2021 1251 2087 nonnulla

131 2130 281 2192 auctores
306 2147 327 2189 a
350 2123 458 2190 verbis
481 2123 565 2189 fictis
594 2124 760 2217 poticam,
787 2122 941 2210 θορίσκω
965 2131 1151 2198 arcessunt,
1182 2122 1249 2187 alia

131 2243 152 2286 a
172 2223 427 2309 perispomenis:
448 2223 545 2312 παρὰ
564 2223 603 2290 τὰ
627 2225 716 2308 τέμω
737 2220 823 2310 τομή
845 2219 957 2306 τομέω
972 2226 1066 2303 copo
1085 2221 1144 2288 καὶ
1163 2220 1248 2308 κρό-

130 2321 229 2407 ow)
249 2328 324 2406 τμιῦ
340 2321 464 2411 τμητός
485 2323 543 2391 καὶ
564 2318 711 2410 ότμητος
732 2318 779 2401 ὡς
799 2318 948 2407 καμητός
974 2319 1031 2386 καὶ
1059 2313 1244 2408 ἀκόμητος·

130 2417 237 2502 οὕτως
260 2425 372 2490 Φίλων
395 2422 616 2508 (Φιλόξενος)
648 2419 698 2502 εἰς
729 2424 768 2489 τὸ
792 2417 976 2506 ῥηματικόν
995 2420 1074 2484 ΕΜ.
1097 2420 1167 2497 164,
1187 2423 1243 2486 43.

129 2545 216 2608 quae
238 2524 426 2590 auctoribus
447 2524 516 2589 suis
540 2522 742 2588 remittimus.
784 2521 840 2587 Ab
867 2521 918 2586 his
944 2532 1052 2586 autem
1073 2520 1245 2587 verborum

128 2624 384 2703 inclinamentis,
414 2648 499 2710 quae
529 2646 734 2690 communem
752 2624 898 2709 regulam
920 2633 1115 2708 sequuntur,
1146 2647 1244 2711 sepa·

127 2724 231 2789 randa
252 2735 329 2788 sunt
353 2727 419 2791 duo
440 2725 572 2790 nomina
593 2725 774 2811 primitiva,
803 2723 921 2809 quibus
952 2725 1065 2788 eadem
1090 2724 1184 2789 litera
1208 2725 1243 2789 in

129 2822 329 2890 derivatione
355 2826 533 2891 detrahitur
559 2836 716 2910 sequente
746 2824 872 2910 syllaba
894 2847 963 2891 non
995 2826 1174 2912 producta3
1207 2826 1243 2893 ἐκ

126 2929 188 2994 τοῦ
215 2922 293 3010 γόνυ
320 2924 405 2992 κατὰ
433 2924 606 3013 συγκοπὴν
632 2923 774 3011 γίγνεται
800 2926 839 2992 τὸ
867 2924 947 3011 γνόξ
970 2929 1065 2993 Eust.
1087 2927 1167 3005 550,
1189 2927 1242 2993 25.

127 3023 227 3113 γόνυξ
247 3025 303 3095 καὶ
324 3024 402 3111 γνόξ
421 3025 507 3095 κατὰ
531 3053 621 3113 coya.
644 3023 742 3092 ἐνθεν
768 3022 861 3108 ἷγνόα
883 3028 971 3094 Gud.
995 3029 1071 3104 128,
1092 3029 1125 3094 4.
1153 3025 1242 3113 πρό-

123 3155 183 3212 χνυ
208 3128 276 3214 πρὸ
295 3126 371 3212 γόνυ
392 3129 478 3196 κατὰ
496 3154 588 3215 συγκ.
608 3126 663 3194 καὶ
677 3122 807 3214 τροπήν
822 3128 902 3193 ΕΜ.
919 3129 996 3206 691,
1014 3129 1066 3193 50.
1083 3128 1242 3213 Apollon.

125 3229 209 3296 Lex.
235 3231 329 3294 Eust.
357 3228 435 3307 775,
461 3230 512 3294 11.
541 3228 660 3314 quibus
687 3249 870 3293 connexum
896 3239 947 3294 est
968 3227 1144 3313 syntheton
1165 3226 1243 3314 yrei-

124 3354 228 3408 πετος
248 3331 317 3396 sive
340 3325 524 3412 γονόττεσος
543 3341 577 3394 et
597 3334 628 3393 Γ
626 3324 766 3413 νυπήσει
788 3327 1006 3417 γονοπετόσει
1018 3331 1099 3395 Hes.
1123 3333 1244 3414 yponoi

126 3432 203 3516 (sor.
226 3429 357 3515 yvuocoi)
378 3427 417 3495 τό
438 3433 608 3512 γονοττετῶ
629 3428 751 3493 Arcad.
776 3428 847 3506 149,
870 3428 922 3494 26.
944 3435 1050 3514 caitus
1073 3443 1102 3496 ct
1122 3432 1242 3512 octaua

125 3534 293 3613 upeaa'bas
318 3535 419 3613 prisci
446 3533 599 3598 dissuant
622 3527 712 3593 Fest.
734 3529 861 3595 Mansit
886 3531 1008 3597 vocalis
1034 3529 1242 3595 inclinibus

124 3635 243 3717 γοῠνος
268 3626 286 3695 ό
318 3626 449 3719 ὑψηλός
470 3628 579 3710 τόπος
598 3623 667 3696 ἀπὸ
688 3636 885 3718 μεταφορᾶς
906 3639 971 3698 τῶν
992 3631 1139 3717 γονάτων
1159 3630 1242 3695 ΕΜ.

123 3731 204 3808 233,
224 3728 255 3794 5.
288 3733 317 3791 Γ
313 3726 565 3814 duros-ydiota
595 3729 658 3817 γὰρ
685 3728 717 3797 oi
739 3729 884 3807 Αἰολεῖς
912 3731 953 3799 τὰ
975 3730 1097 3816 γόνατα
1122 3728 1242 3816 Steph.

124 3833 244 3922 quibus
267 3829 356 3894 haud
375 3828 522 3894 absimile
545 3853 663 3897 nomen
687 3831 808 3896 montis
830 3830 956 3914 Κινημίς
977 3832 1018 3897 ci.
1042 3831 1169 3898 Techn.
1184 3829 1241 3896 46.

123 3932 228 4022 γωνία
251 3931 346 4017 παρὰ
367 3929 405 3996 τό
432 3927 510 4015 γόνυ
531 3930 586 3997 ότι
607 3928 841 4014 καμπτόμενον
862 3928 983 4012 γωνίαν
1001 3938 1096 4009 ποιεῖ
1118 3931 1241 3998 Orion.

122 4059 157 4122 p.
179 4036 238 4113 39,
262 4034 312 4099 14.
336 4044 369 4098 et
391 4055 425 4119 p.
447 4032 499 4110 42,
525 4032 574 4098 13.
606 4033 648 4097 In
668 4029 856 4116 germanica
871 4052 947 4096 vero
967 4032 1084 4120 lingua
1101 4034 1242 4119 aliisque

194 4252 222 4321 l)
242 4253 392 4326 syncopen
412 4254 506 4309 dicere
523 4251 614 4308 voluit
630 4257 662 4305 ut
677 4249 762 4322 paulo
781 4256 845 4320 post
862 4249 994 4322 appellat.
