2736 4778
337 333 402 400 uu
424 331 702 399 Pnuucrnsr
746 331 786 398 c.
809 333 838 397 1.
871 336 896 418 §-
921 333 950 397 1.
1108 336 1203 409 *too

93 531 125 586 et
144 520 207 585 bae
229 518 379 605 dispares
404 515 584 582 sententiae
606 514 764 602 permixte
787 498 1015 600 proponuntur
1038 515 1072 580 in
1092 515 1202 601 Epim.

91 623 118 685 Ι.
138 620 212 686 206.
236 620 297 685 sed
317 618 385 683 veri
409 617 546 682 similius
568 627 618 681 est
639 615 736 684 άπτω
761 615 960 702 primitivum
983 639 1066 694 esse,
1091 613 1205 683 iniusto

92 721 256 808 prosthesi
273 731 404 786 auctum
418 743 449 784 v.
456 719 547 786 Dias.
554 717 582 782 Ι.
598 739 626 782 c.
635 717 697 784 IV.
708 719 734 800 ξ.
744 718 773 781 1.
796 718 854 782 Ad
868 717 1051 803 pleonasmi
1062 718 1207 802 speeiem

91 824 249 889 inclinant
269 823 402 909 glossae
417 818 578 905 Hesyobii
599 828 632 882 et
651 816 767 883 Photii
783 814 972 902 Ἀραβάλας
993 811 1206 901 ὑποδήματα,Ι

94 930 123 988 Γ
121 920 280 1008 αγγάλιον
300 921 418 1007 νεύρου
435 916 606 1007 συστροφή
619 919 666 1002 ⁴),
684 913 844 1005 Καυαράς
861 914 978 996 κακός,
998 917 1089 1003 quod
1106 918 1206 995 intem

94 1033 203 1108 pretes
226 1045 300 1087 cum
321 1018 442 1107 κασράς
463 1031 678 1106 componunt,
701 1017 869 1103 Κίγκαλσς
891 1011 982 1094 εἶδος
1003 1013 1120 1103 ὀρνέου
1144 1017 1208 1083 boc
1271 1063 1278 1071 -

96 1133 146 1187 est
163 1123 326 1188 motacilla
343 1144 425 1208 quae
442 1122 541 1208 vulgo
560 1119 692 1208 κίρκλος
709 1130 742 1186 et
756 1116 931 1206 κίλλοορος
946 1119 1074 1197 dicitur,
1092 1113 1210 1186 Ὀστά·

94 1223 169 1308 λιγξ
184 1219 357 1307 πλόκαμος
370 1223 442 1304 ἕλιξ
457 1220 653 1310 βόστρυχος,
667 1244 743 1286 nam
758 1222 846 1288 idem
861 1245 981 1288 nomen
997 1231 1048 1288 est
1059 1216 1207 1306 δ’στλιγξ,

94 1316 247 1406 lentare,
270 1316 420 1411 άστρνγξ,
440 1345 525 1409 quae
542 1324 576 1388 in
589 1323 692 1389 Proll.
706 1323 778 1389 140.
796 1323 839 1387 ad
855 1324 989 1411 στρέφω
1005 1323 1101 1389 retuli
1118 1322 1233 1395 unde„

93 1421 254 1507 στρεβλάς
282 1435 314 1490 et
337 1421 541 1513 στρόφαλος.
585 1424 624 1492 si
648 1447 727 1491 vera
753 1435 804 1489 est
829 1423 995 1489 Eustatlrii
1022 1425 1208 1510 conjectura

94 1517 113 1609 ἡ
133 1516 264 1602 Ἰωλκός
284 1521 366 1604 ἴσως
386 1524 483 1613 παρά
504 1525 564 1613 τὴν
584 1517 675 1592 ὦλκα
697 1549 731 1611 p.
751 1526 825 1602 328,
849 1529 879 1591 1.
903 1526 1034 1612 poetico
1051 1523 1208 1603 Ἰαωλκός

92 1633 222 1709 praeter
248 1624 318 1691 iota
345 1626 484 1693 accessit
511 1625 619 1713 alpha.
664 1627 734 1694 Sed
762 1627 803 1692 de
825 1627 888 1692 hoc
911 1637 943 1691 et
963 1627 1035 1692 aliis
1061 1626 1209 1692 locorum

92 1723 259 1791 vocabulis
275 1721 397 1812 ’Ἀρβις
418 1739 452 1793 et
464 1719 625 1813 >Ἀραβις,
647 1724 834 1818 Σελγησσός
853 1740 887 1794 et
907 1723 1124 1812 Σαλαγασσάς
1146 1737 1208 1793 etc.

86 1824 261 1907 judicandi
285 1826 420 1893 laomtas
444 1828 542 1894 nulla
592 1828 766 1896 crebriora
793 1852 871 1896 vero
899 1828 996 1914 hujus
1024 1828 1209 1915 pleonasmi

93 1926 231 2012 vestigia
253 1926 401 1994 videmus
427 1928 764 2017 interminationibus
790 1930 1023 1996 vocabulorum
1062 1953 1207 1995 commn-

94 2026 184 2092 nium
191 2051 201 2105 3
232 2026 359 2107 Συάδες
391 2026 429 2096 αλ
460 2028 517 2107 {leg
549 2029 840 2116 ἑσχηματισμένως
867 2032 949 2095 Hes.
976 2030 1050 2117 λη’λς
1080 2031 1210 2116 captive

94 2128 205 2194 Noun.
221 2128 392 2196 XXXIV.
410 2128 481 2194 167.
503 2141 536 2194 et
555 2124 796 2217 ληιάς,“δμωΐς
817 2129 961 2214 δμωϊάς,
981 2129 1070 2208 Ναῒς
1086 2127 1208 2210 Ναῖάς,

95 2240 165 2292 tum
181 2228 478 2315 patronymicorum
493 2229 730 2319 Τελαμωνίόης
747 2230 804 2296 καὶ
822 2231 1023 2317 πλεονασμῷ
1041 2233 1209 2319 cornarani

99 2325 356 2418 Τελαμωνιάδης
377 2331 487 2416 Epim.
506 2331 534 2396 Ι.
556 2331 629 2396 261.
653 2330 764 2399 Sobol.
785 2330 888 2397 Dion.
911 2330 1054 2399 Grnmm.
1071 2332 1144 2397 849.
1167 2332 1208 2399 el.

95 2428 196 2494 Proll.
216 2428 290 2495 603.
313 2442 346 2495 st
366 2431 514 2496 leminini
533 2433 663 2519 generis
678 2427 795 2517 Ἀρηΐς
815 2432 932 2498 Martis
954 2433 1021 2498 filia
1042 2434 1158 2515 Quint.
1179 2435 1209 2499 L

94 2530 168 2597 206.
187 2525 327 2619 Ἀρηιάς
350 2532 410 2597 187
435 2544 495 2599 etc.
520 2534 622 2601 Proll.
644 2534 708 2599 466
730 2557 779 2619 sq.
802 2543 872 2598 tum
896 2535 1096 2620 topicorum,
1124 2558 1210 2621 quae

95 2630 196 2719 alpha
226 2632 363 2719 longum
392 2632 533 2701 babent:
568 2630 637 2703 άπὸ
669 2639 729 2702 τοῦ
761 2633 901 2721 Σπάρτη
930 2635 1122 2726 Σπαρτίτης
1153 2636 1210 2704 καὶ

95 2736 296 2822 πλεονασμῷ
321 2737 378 2802 τοῦ
398 2723 424 2800 ἆ
444 2735 675 2825 Σπαρτιάτης,
705 2731 824 2818 ὅμοιόν
846 2733 918 2801 ἐστι
942 2740 990 2823 τῷ
1015 2733 1209 2823 Κροτωνιά-

94 2855 168 2923 της·
184 2829 397 2920 Ἡρωδιανὸς
418 2837 497 2923 περὶ
517 2840 643 2904 παθῶν
663 2835 741 2902 ΕΜ.
766 2835 838 2913 782,
856 2836 909 2901 40.
934 2837 1110 2924 Νώνακρις
1131 2845 1210 2904 Νω-

96 2933 252 3022 νακρῖτης
275 2937 333 3003 καὶ
358 2936 444 3005 κατὰ
466 2936 678 3022 πλεονασμὸν
701 2941 759 3003 τοῦ
784 2925 1070 3024 αΝωνακριάτης
1092 2939 1208 3025 Steph.

97 3057 235 3120 quorum
253 3048 404 3103 neutrum
421 3039 515 3105 aliter
532 3039 690 3123 scriptum
705 3036 875 3124 seponitur.
913 3035 969 3102 Sic
988 3048 1020 3101 et
1038 3037 1212 3127 Φασιάτης

96 3138 301 3226 πλεονασμῷ
318 3145 378 3206 τοῦ
401 3127 502 3206 ἆθλα.
545 3140 698 3205 Duorum
714 3135 975 3222 possessivorum
986 3133 1212 3226 Ἀκαδημικός

97 3246 132 3302 et
144 3231 306 3325 Ὀρφικός
320 3239 414 3305 alteri
430 3240 633 3305 consuetudo
650 3260 769 3325 graeca
785 3237 940 3324 praetulit
949 3232 1210 3327 Ἀκαδημαϊκός,

98 3336 190 3402 alteri
219 3341 359 3406 accessit
387 3341 565 3427 ignobilius
591 3334 783 3428 Ὀρφαῖκός.
834 3340 888 3404 Ex
916 3339 1120 3426 appellativis
1148 3339 1212 3407 huc

98 3438 261 3524 pertinent
277 3439 394 3530 ἕρκτης
410 3453 443 3506 et
460 3436 599 3530 ἐργάτης
617 3440 658 3506 ab
675 3438 761 3528 ἔργω
778 3442 919 3508 ductum
929 3452 965 3506 ut
982 3442 1079 3509 r‘irrrw
1097 3436 1211 3531 άπάτρ

96 3540 284 3606 Prolluro.
307 3542 530 3629 novitiumque
550 3539 701 3629 σταάαρα
723 3543 765 3608 τὰ
787 3543 873 3611 κατὰ
896 3541 1031 3632 φθορὰν
1051 3540 1211 3631 λεγόμενα

96 3643 192 3706 Enst
216 3641 309 3721 1358,
331 3643 383 3710 56.
409 3644 445 3710 id
466 3656 518 3710 est
536 3643 678 3730 σταυροί
698 3655 731 3708 et
750 3643 910 3727 adjectiva
931 3666 999 3710 non
1019 3647 1120 3712 multo
1142 3672 1210 3715 me·

96 3743 187 3809 lioris
207 3754 316 3822 notae,
338 3738 516 3831 άργεννάος
534 3744 614 3831 (boc
635 3746 786 3830 accentu)
808 3769 869 3833 pro
892 3741 1048 3834 άργεννάς
1070 3763 1103 3816 et
1124 3749 1212 3819 οἶκό-

98 3869 201 3922 σατος
222 3866 282 3931 pro
306 3841 472 3926 εἰκοστός,
502 3845 584 3912 illud
610 3847 824 3935 Theophanis
849 3850 951 3917 Anth.
972 3851 1052 3920 XV.
1074 3854 1126 3918 33.
1149 3853 1212 3920 boc

166 4099 196 4167 l)
214 4099 278 4154 Hoc
301 4097 482 4170 pleonssticis
506 4099 653 4156 inserimus
677 4101 744 4172 quis
766 4102 854 4172 vulgo
878 4120 935 4157 non
959 4101 999 4156 sie
1022 4112 1139 4159 vocatur
1161 4109 1213 4166 seu

98 4188 250 4255 yayyllor·
267 4202 299 4240 re
316 4201 382 4240 vers
398 4185 507 4256 syllaba
525 4189 578 4255 γαλ
594 4185 736 4259 primitiva
753 4195 808 4252 est,
825 4204 897 4258 quas
915 4188 1072 4254 antecedit,
1088 4194 1212 4266 redupli.

99 4277 163 4324 eata
183 4288 208 4325 v.
229 4270 304 4325 Dias.
319 4270 341 4325 Ι.
362 4287 386 4325 c.
400 4272 425 4324 8.
448 4271 470 4338 ἓ.
488 4273 512 4325 8.
