2736 4778
359 385 424 450 DE
448 382 739 451 METATHESI.
782 382 891 451 e.11.
925 388 950 471 ς.
972 387 1004 452 3.
1166 391 1240 463 515

123 585 193 638 tera
227 571 268 637 ab
302 593 369 635 una
402 567 540 654 incipiat
570 590 731 646 consona,
766 568 866 633 altera
898 591 918 633 a
949 567 1074 634 duabus
1107 571 1242 660 syllepsi

121 673 304 759 colligatis,
335 665 485 755 ἀριθμός
507 680 539 734 et
564 660 747 755 ἀγλαορος,
780 691 919 756 quorum
943 668 1025 734 illud
1048 671 1185 757 primam
1209 684 1242 741 et

125 775 270 852 tertiam,
304 771 368 837 hoc
399 769 575 835 secundam
608 780 641 835 et
669 770 796 836 tertiam
825 781 1023 848 commutct3
1054 772 1243 862 Σιμωνίδης

126 877 183 943 τόν
202 870 352 961 ἀριθμόν
372 866 520 957 ἀμιθρόν
541 863 617 939 alne
637 867 719 938 καθ’
743 867 942 958 ὑπέρθεσιν·
965 871 1003 941 όν
1025 871 1063 938 δὲ
1083 876 1143 940 τοῦ
1163 867 1243 957 ἀμι-

126 976 215 1059 θρός
237 971 428 1061 ἀμιθρῆσαι
449 972 529 1038 ΕΜ.
552 972 603 1049 83,
624 974 677 1038 42.
707 972 797 1059 quod
818 972 1090 1041 Schneidewinus
1113 996 1146 1061 p.
1171 973 1242 1042 125.

126 1078 205 1142 ideo
239 1077 358 1141 lactum
392 1085 486 1161 putat
520 1084 557 1140 ut
591 1072 716 1159 syllaba
750 1073 860 1140 media
892 1075 1144 1162 produceretur,
1182 1075 1244 1142 etsi

127 1174 279 1263 ἀριθμός
300 1175 389 1263 apud
407 1175 546 1262 Lyricos
566 1176 699 1264 saepius
721 1177 916 1262 productum
937 1177 1006 1243 iota
1024 1175 1123 1242 habet
1145 1199 1245 1262 quam

126 1290 322 1364 correptum.
350 1271 535 1363 ’Ἀγλαυρος
551 1286 585 1342 et
601 1268 764 1362 ἀγραυλος
782 1300 882 1363 quum
899 1276 976 1343 alibi
994 1278 1028 1343 in
1046 1277 1144 1344 codd.
1162 1300 1243 1344 con-

128 1381 202 1444 fusa
227 1391 301 1444 sunt
327 1388 395 1443 turn
423 1376 458 1442 in
483 1377 557 1443 Nic.
581 1376 645 1442 Th.
667 1378 719 1443 62.
743 1401 805 1445 nec
830 1379 1116 1466 praetermiserunt
1142 1380 1249 1445 inter·¹

130 1492 256 1570 pretes:
280 1473 443 1566 ἀγλαιιροι
464 1476 618 1563 ποταμοὶ
643 1476 675 1546 ολ
698 1481 849 1564 λαμπροί
869 1479 956 1546 κατά
976 1476 1158 1562 μετάθεσιν
1179 1487 1245 1548 τῶν

127 1579 301 1663 στοιχείων
323 1571 395 1648 οἷον
419 1575 583 1665 ἀγραυλοι
607 1576 639 1646 ol
666 1579 765 1648 καλοί
790 1577 811 1667 ἢ
836 1580 895 1647 καὶ
920 1576 954 1647 oi
983 1573 1115 1666 ἀγλαὰς
1140 1571 1245 1664 αἰίρας

125 1679 253 1766 ἔχοντες
279 1675 300 1768 ἢ
328 1678 361 1746 oi
388 1681 617 1762 ὁιαλελυμένοι
639 1679 698 1746 καὶ
720 1678 887 1769 τρυφεροί.
930 1682 1060 1746 Harum
1082 1680 1243 1768 interpre-

126 1784 285 1849 tationum
319 1782 408 1847 nulla
442 1793 493 1846 est
527 1804 612 1866 quae
648 1805 716 1847 non
748 1781 791 1846 ad
827 1782 1019 1869 scripturam
1056 1782 1245 1850 tralaticium

126 1879 294 1971 ἀγλαιιρος
314 1883 485 1958 referatur,
514 1883 581 1948 sive
603 1883 638 1947 id
660 1884 800 1971 simplex
821 1906 894 1949 esse
917 1894 1050 1971 putatur
1075 1885 1143 1950 sive
1171 1907 1245 1950 cum

129 1981 217 2070 αάρα
240 1983 458 2072 compositum
481 1983 528 2048 sic
549 1994 587 2047 ut
608 1985 659 2049 vel
685 1985 814 2071 limpidi
837 1985 928 2050 fluvii
949 1985 1173 2071 significentur
1193 1988 1246 2053 vel

127 2088 233 2175 aprici
249 2086 420 2171 ventisque
439 2084 592 2171 expositi.
635 2087 681 2150 Et
695 2086 752 2170 qui
769 2086 811 2151 de
826 2085 996 2151 metathesi
1013 2086 1140 2172 loquuti
1159 2100 1246 2167 sunt,

129 2185 296 2276 ἀγραυλος
318 2187 451 2274 quidem
472 2186 629 2272 scriptum
651 2187 843 2252 invenerunt
863 2187 922 2253 sed
942 2187 978 2252 id
999 2209 1060 2275 pro
1081 2180 1247 2275 ἀγλααρος

129 2292 273 2378 positum
301 2313 373 2355 esse
402 2298 596 2353 sumserunt.
640 2288 861 2356 Schneiderus
890 2313 967 2357 vero
989 2291 1065 2375 jure
1094 2290 1247 2376 praetulit

130 2388 313 2478 ἀγλαυρος,
346 2391 437 2475 quod
464 2389 553 2454 idem
580 2400 681 2477 poeta
707 2413 736 2456 v.
758 2390 833 2457 441.
863 2415 923 2479 pro
951 2390 1091 2478 simplici
1119 2386 1247 2476 ἀγλαός

129 2493 300 2581 usurpavit
320 2490 565 2556 cf.Pr011.259.
609 2493 728 2577 Aeque
747 2493 872 2557 fluxum
886 2503 936 2556 est
955 2491 1108 2556 herolnae
1125 2513 1246 2557 nomen

127 2619 159 2661 v.
182 2595 271 2661 Keil.
301 2594 423 2660 Ouom.
445 2592 498 2657 42.
529 2592 618 2657 unde
648 2592 778 2656 demum
805 2593 939 2658 atticum
961 2586 1145 2678 Ἀγρααλήν
1177 2592 1246 2659 sive

122 2693 285 2783 Ἀγρυλήν
302 2694 544 2760 denominatum
562 2693 683 2758 dicunt.
721 2693 825 2777 Quod
840 2694 961 2761 Suidas
982 2693 1112 2780 scripsit
1127 2687 1245 2779 Ἀβρι-

128 2799 284 2882 κέστερον
306 2791 543 2882 ἀληθέστερον,
567 2818 609 2860 ex
631 2817 739 2859 errore
760 2807 872 2861 natum
894 2795 1032 2861 habetur
1058 2818 1119 2882 pro
1146 2793 1245 2879 ἀκρι-

128 2899 296 2983 βέστερον.
340 2896 439 2961 Nulla
459 2918 536 2961 vero
558 2895 702 2982 suspicio
724 2897 886 2982 contingit
905 2895 1005 2961 verba
1023 2894 1195 2984 ψαθάλλιι
1214 2906 1247 2962 et

130 2996 308 3083 ψαλάτειο,
345 3019 484 3081 quorum
512 3007 685 3080 utrumque
715 3018 734 3059 a
763 2994 846 3080 ψάιο
878 2998 1055 3061 derivatum
1083 3006 1150 3072 est,
1183 2995 1247 3062 hoc

130 3108 308 3186 praeeunte
325 3097 425 3163 verbo
445 3095 577 3185 ψάλλω,
598 3095 679 3160 illud
698 3096 791 3182 quasi
815 3095 969 3185 οψήθιο,
991 3097 1083 3182 cujus
1103 3096 1255 3183 speciem-

129 3199 228 3264 refert
254 3221 373 3263 nomen
402 3187 570 3282 ψαθαρός
598 3197 666 3262 sive
693 3193 864 3286 ψαθυρός.
909 3199 1032 3266 Verum
1054 3222 1120 3263 non
1142 3197 1248 3264 solum

128 3300 306 3367 continuae
328 3297 472 3386 syllabae
494 3318 655 3364 consonas
676 3298 761 3364 inter
776 3321 811 3365 se
831 3299 1059 3365 transfundunt
1074 3298 1133 3365 sed
1150 3299 1248 3365 etiam

130 3403 328 3487 disjunctae:
356 3398 453 3487 παρὰ
480 3398 519 3466 τό
548 3393 727 3484 ἀμαλδόνω
750 3392 945 3483 ἀμάλδανον
976 3399 1015 3468 τό
1041 3397 1168 3489 ἀφανές
1189 3399 1249 3468 καὶ

129 3497 325 3586 ἀμόνόαλον
352 3496 439 3589 παρ’
462 3495 608 3590 Ἀλκαίῳ
642 3501 722 3566 ΕΜ.
750 3501 806 3579 76,
835 3501 887 3568 51.
915 3503 1004 3568 unde
1036 3513 1086 3567 est
1113 3501 1249 3569 verbum

122 3598 333 3687 Ἅμανόαλοῖ
358 3595 511 3691 ἀφανίζει
523 3602 606 3667 Hes.
634 3602 668 3667 Ν
669 3625 712 3668 on
730 3602 776 3668 its
790 3602 917 3669 facilem
933 3602 1131 3693 explicatum
1149 3604 1249 3671 habet

126 3705 281 3769 alterum:
303 3698 458 3787 βόλιμος·
477 3700 537 3791 τὴν
558 3702 765 3790 παραγωγὴν
785 3697 958 3774 ἀπέδωκε·
986 3705 1042 3773 ναὶ
1062 3705 1101 3773 τό
1127 3729 1249 3795 σημαι-

128 3804 267 3887 νόμενον
283 3802 389 3882 οἱίεως
408 3791 505 3892 εὗρον
522 3800 571 3882 εἷς
586 3803 623 3870 τό
642 3804 820 3893 ῥητορικόν
840 3805 978 3887 λεξικόν.
994 3797 1089 3872 ’Ἐστι
1105 3803 1250 3888 μόλιβος

128 3906 186 3972 καὶ
207 3901 291 3972 κατὰ
306 3901 488 3992 ἐναλλαγὴν
502 3901 645 3987 βόλιμσς
658 3901 755 3990 παρὰ
769 3903 1011 3990 Συρακουσίοις
1020 3905 1098 3970 ΕΜ.
1110 3905 1183 3982 204,
1194 3905 1249 3972 39.

130 4007 199 4072 Ηίο
229 4027 419 4094 paragogae
448 4005 572 4072 mentio
602 4003 724 4069 clarum
749 4004 829 4069 iacit
851 4004 1105 4074 Grammatioum
1128 4028 1249 4072 nomen

129 4108 273 4193 βόλιμος
294 4129 354 4194 pro
379 4105 522 4171 derivato
540 4103 704 4171 habuisse.
749 4104 991 4188 Quaerentibus
1010 4129 1086 4173 vero
1108 4108 1198 4173 unde
1214 4107 1249 4174 id

129 4208 310 4273 derivatum
342 4206 532 4284 crediderit,
565 4206 647 4271 nihil
678 4207 773 4272 citius
806 4208 841 4272 in
869 4220 1009 4273 mentem
1038 4208 1124 4273 venit
1150 4231 1250 4295 quam

128 4306 250 4393 βόλος,
274 4309 367 4393 cujus
388 4307 536 4395 proxima
559 4330 709 4394 propago
734 4317 783 4373 est
804 4307 909 4391 βολίς.
954 4312 1029 4374 Hoc
1058 4323 1166 4376 autem
1187 4333 1249 4377 no-

975 4411 1042 4478 ,p
