2736 4778
125 351 190 419 acc
504 296 878 416 nnssnnmmovn.

125 514 199 582 tivi
219 514 410 597 plurales:
444 512 587 601 πικροὺς
608 511 672 600 ἐγώ
695 496 776 602 σφιν1
803 510 862 581 καί
884 508 968 580 Man
991 510 1055 580 393
1078 508 1261 580 Eimsleiss

127 636 189 686 non
209 618 314 683 solum
345 617 378 682 in
400 616 460 684 boc
480 634 592 684 versos
614 618 691 697 loco,
723 619 783 684 sed
804 616 921 700 ubique
943 616 1030 701 apud
1050 621 1171 698 poetes
1193 621 1260 683 tna»

126 721 212 804 gicos
232 720 448 801 reponendum
469 727 587 801 censet
609 723 677 787 sive
692 722 834 787 adnuant
853 721 987 801 codices,
1010 720 1077 786 sive
1100 726 1260 799 renuant3

127 822 184 891 sed
205 840 318 905 wem
340 823 441 902 evicit
463 841 491 889 v.
513 822 644 890 Ellendt
665 824 740 891 Len.
763 824 798 890 Τ.
821 824 838 889 Ι
859 823 922 891 825
945 829 980 890 et
1000 823 1036 889 L.
1053 818 1207 890 Dindcrt
1227 824 1260 890 in

127 926 219 994 Thes
241 927 310 992 Vol
333 925 395 991 VII
420 925 562 995 15941).
607 926 774 994 Difficilius
793 946 832 994 se
852 927 987 1011 praebet
1001 927 1259 1011 pronomenpri·

126 1048 197 1097 mac
229 1033 264 1096 et
294 1028 452 1095 secamdac
483 1046 647 1112 personae.
691 1031 752 1098 Hic
773 1032 858 1098 enim
885 1028 1009 1103 accedit¹
1031 1030 1185 1115 quaestio
1218 1030 1259 1099 oc

125 1134 277 1216 caiusque
297 1130 540 1215 significasne
572 1152 612 1201 ea
639 1139 747 1201 eutem
773 1136 891 1219 pendet
921 1150 962 1200 ex
982 1150 1079 1200 senen
1103 1133 1258 1213 cumbria

125 1236 181 1319 qni
201 1235 295 1302 claris
316 1235 439 1301 indiciis
462 1238 606 1318 cognosci
627 1239 812 1322 plerumque
833 1239 952 1322 nequit
995 1237 1060 1303 Res
1081 1241 1120 1303 et
1139 1240 1259 1303 nam

126 1338 173 1405 ita
194 1337 278 1404 ierne
298 1337 455 1420 sidentur,
477 1345 524 1421 nt
546 1341 600 1406 obi
621 1359 793 1424 pronomen
814 1343 878 1408 vim
900 1358 992 1407 snam
1012 1340 1180 1423 propriam
1202 1338 1258 1407 eb

126 1441 221 1522 tinet,
255 1441 378 1524 syllaba
405 1440 509 1508 finalis
536 1449 701 1510 occentum
723 1445 854 1525 habeat,
892 1445 921 1510 si
952 1448 1089 1509 menum
1123 1443 1259 1511 mevam

126 1544 280 1628 syllohom
300 1545 418 1627 poscit,
441 1550 583 1626 annnam,
612 1548 640 1613 si
661 1549 787 1631 longam
810 1547 964 1628 comittit,
996 1564 1070 1613 enm
1090 1562 1158 1629 qno
1181 1562 1258 1613 con·

126 1637 456 1730 amoenabantur,
479 1649 615 1732 exempli
636 1666 733 1716 cansa
754 1645 850 1718 τοῦθ’
874 1646 949 1733 ὑμὶν
971 1646 1065 1729 Αἴας
1088 1680 1127 1697 -
1151 1650 1262 1736 babet

125 1745 360 1834 11861111
383 1746 463 1838 ἡμῖν
486 1742 554 1819 aba
577 1750 633 1818 καὶ
659 1788 694 1800 -
723 1751 801 1820 000.
823 1752 889 1819 001.
914 1752 1012 1837 1201,
1042 1750 1138 1837 quod¹
1163 1752 1259 1822 111011·

124 1852 264 1920 nandum
286 1871 357 1920 esse
378 1854 539 1920 Ellendtio
560 1854 757 1922 meoLexie
780 1855 815 1922 Τ.
832 1856 848 1922 I
869 1855 933 1922 478
954 1857 1041 1922 baud
1061 1852 1156 1923 facile
1180 1874 1257 1923 con-

125 1957 285 2023 cesserim
329 1956 369 2023 ln
390 1958 474 2023 enim
495 1962 581 2026 recte
603 1955 673 2025 fieri
693 1960 821 2026 videtur
842 1961 876 2025 in
897 1960 1052 2042 ejusmoni
1072 1959 1169 2039 locis,
1199 1958 1258 2027 nbi

125 2077 297 2143 pronomen
319 2055 450 2149 ἠθικῶς
470 2062 651 2144 appositum
672 2068 737 2143 est,
771 2062 989 2129 tantummodo
1016 2062 1058 2129 ad
1085 2061 1258 2131 declaran-

126 2165 201 2233 dum
222 2165 381 2248 loquentis
402 2162 565 2243 affectum
596 2180 697 2248 qnam
729 2166 762 2231 ln
783 2166 832 2248 Ay‘.
859 2185 888 2233 v.
912 2165 975 2232 788
1007 2166 1206 2249 scripturam
1238 2184 1260 2234 s

125 2268 267 2335 Plannde
289 2272 449 2334 servatam
470 2260 542 2333 ἀλλ’
566 2255 645 2354 ἧμιν
666 2262 763 2347 Αἴας
783 2264 867 2335 ποῦ’
892 2291 945 2337 στι
960 2268 1142 2352 praeferam
1157 2270 1259 2355 selgo

124 2377 273 2455 receptae
304 2365 391 2457 psa
435 2366 623 2437 Inditiercns
655 2386 730 2437 vero
753 2370 874 2455 syllaba
893 2370 1153 2453 circumducitur,
1185 2373 1259 2441 sive

125 2490 297 2558 pronomen
319 2474 440 2558 aliquid
460 2468 689 2556 significantes
710 2473 808 2540 babet
829 2471 1003 2556 01111886
1025 2472 1169 2559 πέμψον
1193 2466 1256 2543 ω’

125 2573 203 2665 ἡμῖν
229 2571 379 2663 byrsica,
411 2577 522 2644 Aesclt
546 2574 654 2659 Suppl.
676 2574 739 2641 185
773 2577 907 2643 πολλῶν
940 2572 1016 2644 τάδ’
1050 2571 1129 2664 ἡμῖν
1161 2577 1258 2647 ἐστιν

126 2676 306 2768 ἠξιωμένα,
341 2682 408 2746 sive
429 2681 533 2747 minus
556 2685 592 2746 ut
613 2679 661 2763 ij.
683 2677 748 2746 898
768 2676 864 2758 Αἴας
886 2673 938 2746 b'd'
968 2675 1046 2767 ἡμῖν
1072 2716 1107 2727 -
1144 2687 1257 2750 reim

125 2779 310 2871 νεοσφαγής
332 2788 366 2850 eb
387 2783 460 2849 Ant
485 2781 567 2849 1016
596 2783 707 2865 βωμοὶ
734 2784 797 2869 γὰρ
821 2781 898 2870 ἡμῖν
922 2819 957 2830 -
985 2779 1126 2868 πλήρεις
1147 2789 1257 2870 βορᾶς

126 2883 204 2966 sior,
236 2887 323 2970 quod
345 2884 454 2953 dubito
475 2901 552 2952 nnm
573 2884 775 2953 Hermannus
796 2892 882 2951 recta
910 2885 1115 2952 inclinaverit
1160 2885 1256 2955 lolem

124 2990 210 3056 velet
236 2991 277 3057 (la
304 2990 449 3073 dipodiae
475 2992 591 3058 tertiae
617 2990 739 3074 syllaba
765 2990 881 3072 prima:
921 2992 997 3065 νοῦς
1030 2982 1091 3055 οὐκ
1125 2986 1255 3057 ἔνεστιν

123 3087 200 3174 ὑμῖν
222 3089 353 3180 ἐγγενής
377 3094 426 3159 ΕΙ.
453 3093 548 3175 1828,
580 3093 637 3160 nbi
668 3093 718 3157 vir
750 3109 891 3157 summus
925 3081 1002 3175 ὗμιν
1029 3092 1159 3173 scripsit
1186 3099 1254 3161 trc-

124 3196 270 3277 cbaeum,
304 3198 440 3264 sirecte
467 3198 610 3276 mniicio,
644 3195 718 3261 huic
739 3213 850 3260 versus
872 3195 941 3261 loco
962 3195 1117 3277 aptiorem
1144 3201 1255 3275 ratns;

123 3316 198 3365 nam
220 3301 356 3367 otiosum
379 3301 441 3366 ttici
463 3301 581 3382 nequit
625 3299 670 3365 Et
690 3298 730 3365 ob
752 3299 887 3364 eandem
899 3314 1028 3364 causam
1039 3295 1253 3366 00800125

124 3408 193 3481 πᾶς
214 3404 277 3491 γάρ
300 3424 352 3483 τις
373 3396 458 3491 siba
481 3399 580 3469 colito
604 3397 630 3489 γ’
655 3397 733 3488 ἡμῖν
755 3398 914 3488 ἐμπόρων
936 3401 1101 3483 scripsisse
1123 3400 1255 3468 videtui·

124 3525 181 3586 pro
204 3500 296 3593 ἡμῖν,
324 3513 434 3573 contra
454 3525 529 3572 vcro
551 3506 599 3571 El.
626 3504 707 3571 1332
730 3500 843 3587 (1324)
873 3501 1025 3588 πρόσθεν
1048 3495 1087 3590 ἢν
1109 3497 1151 3567 ἂν
1174 3492 1255 3586 ὗμιν

125 3606 160 3674 ἐν
182 3605 300 3691 δόμοις
324 3647 360 3658 -
386 3610 427 3675 τὰ
451 3603 587 3694 δρώμεν’
612 3603 696 3696 {fui
720 3604 858 3689 σώματα
880 3624 938 3687 pro
961 3599 1046 3688 ὑμῖν.
1091 3604 1253 3674 0181111010

126 3711 253 3793 quidem
276 3712 343 3778 sive
364 3715 605 3789 διασταλτικῶς
626 3716 740 3777 neutro
767 3709 834 3776 loco
856 3709 995 3791 positum
1017 3714 1081 3789 est,
1114 3709 1173 3774 sed
1196 3728 1253 3778 vs·

125 3821 234 3882 center
256 3815 398 3881 additum
419 3835 482 3882 non
504 3815 645 3894 dixerim,
668 3813 785 3879 nedum
796 3813 892 3879 Arist
915 3811 987 3877 Pan
1004 3812 1066 3880 273
1090 3811 1148 3877 τὸν
1167 3837 1254 3896 μυι-

125 3919 230 3986 τωτὸν
253 3915 330 4008 ἡμῖν
352 3915 458 4003 ἐγχέαι
486 3923 519 3983 et
541 3916 622 3983 Plan
645 3916 708 3984 286
736 3915 807 3983 ἔστι
830 3912 1001 3993 πλουσίοις
1023 3910 1152 3982 ἅπασιν
1174 3912 1255 4004 ἡμῖν

125 4012 227 4099 εἶναι,
251 4022 304 4087 ubi
328 4021 485 4104 Bergkius
508 4011 585 4109 ἧμιν
609 4021 750 4102 scripsit,
773 4037 855 4102 quae
878 4017 1005 4083 enclisis
1026 4036 1066 4083 ne
1088 4022 1158 4085 tum
1180 4020 1254 4104 qui·

126 4127 197 4191 dem
219 4126 386 4207 reperitur,
409 4125 463 4191 ubi
485 4142 657 4206 pronomen
680 4125 773 4206 plane
796 4121 898 4190 omitti
920 4126 1055 4204 poterat
1077 4128 1114 4187 ut
1131 4118 1251 4190 const

121 4230 263 4317 βέβηκεν
286 4228 363 4315 ἡμῖν
386 4223 404 4294 ὁ
429 4227 518 4308 ξένος
540 4234 573 4294 et
596 4227 679 4294 1038
703 4227 742 4294 σὺ
765 4225 794 4295 δ’
818 4223 907 4313 ἡμῖν,
936 4220 1109 4303 Οἰδίπους,
1134 4223 1255 4309 ἕκηλος

125 4328 230 4399 αὐτοῦ
255 4333 368 4416 μίμνε,
427 4332 629 4398 Hermannus
654 4331 713 4396 hoc
745 4331 814 4397 1000
844 4324 939 4417 ἡμίν,
973 4329 1028 4396 1110
1060 4318 1139 4417 ἧμιν
1172 4332 1254 4398 scri·
