2736 4778
131 318 196 387 DE
217 313 484 385 PROSTHESI
505 310 567 380 ΕΤ
591 313 853 383 APIIAERESI.
880 312 918 382 C.
931 313 976 382 11.
999 318 1024 400 ξ.
1036 312 1067 378 4.
1116 312 1164 391 63

54 504 140 570 inter
167 527 203 571 sa
230 504 355 572 collatis
384 500 591 568 manifestum
618 500 655 565 fit
681 500 821 587 primum
847 501 920 580 hoc,
941 501 1166 589 pleonasmum

55 607 91 673 in
115 606 180 674 hoc
208 629 329 694 genere
362 606 462 692 longe
489 603 585 668 latius
617 602 776 668 dominari
807 623 904 689 quam
934 603 1108 681 diaeresin,
1137 601 1166 667 si

55 708 247 796 praesertim
275 709 339 774 hoc
367 728 484 772 nomen
508 703 711 770 continemus
738 701 857 770 linibus
884 725 905 767 a
926 704 1051 769 ratione
1070 725 1165 791 prae·

56 810 197 896 scriptis,
221 831 306 895 quoe
327 809 427 894 longe
446 807 606 874 excedunt
615 804 832 874 Grammatici
847 826 915 870 non
930 804 1035 869 solum
1049 804 1166 869 tonnas

54 911 290 978 vocabulorum
305 910 453 998 proprias
470 920 502 976 et
516 910 641 975 nativas
661 908 836 985 Μουσέων,
851 905 962 998 φιλέῃ,
978 905 1089 994 φιλέοι
1107 915 1166 970 etc.

54 1012 101 1077 ad
120 1011 207 1076 hanc
230 1010 431 1077 affectionem
451 1010 617 1077 trahentes
640 1010 717 1097 quia
743 1006 946 1091 consuetudo
966 1006 1067 1071 utitur
1088 1027 1167 1071 con-

54 1112 181 1190 tractis,
204 1111 378 1178 sedetiam
399 1112 551 1179 diectasis
571 1113 676 1177 varias
699 1110 825 1198 species
847 1108 1021 1197 complexi,
1043 1108 1168 1186 θέειον,

55 1210 233 1299 πεπηγός,
261 1211 356 1302 φόως
384 1226 445 1281 etc.
493 1215 626 1282 Deinde
655 1213 782 1301 epsilon
810 1210 977 1278 vocalibus
1008 1209 1168 1299 praeponi

55 1313 208 1380 omnibus
236 1325 366 1403 praeter
391 1303 419 1384 ἶ
440 1327 471 1382 et
499 1315 669 1416 omnibu-p-
683 1312 895 1415 diphthonffl's
927 1336 994 1399 qua
1024 1313 1167 1401 propriis

56 1439 123 1502 qua
154 1416 356 1505 impropriis,
388 1428 516 1505 praeter
543 1443 589 1497 αι,
616 1443 670 1497 αα,
693 1444 726 1507 ῃ,
758 1442 809 1503 po,
831 1441 877 1494 av,
899 1414 962 1480 nisi
984 1416 1168 1482 accedimus

55 1517 115 1595 iis,
147 1516 204 1603 qui
231 1530 269 1583 ut
293 1519 485 1586 Eustathius
513 1519 560 1584 ait
582 1519 655 1597 318,
680 1520 709 1584 1.
731 1516 909 1605 genitivum
933 1513 1010 1604 ἑῆος
1030 1517 1074 1582 ad
1097 1515 1169 1597 iulg

54 1617 217 1698 referunt,
246 1619 282 1684 id
309 1630 417 1687 autem
449 1620 529 1687 nihil
557 1620 741 1687 aliudesse
765 1618 880 1685 volunt
901 1640 999 1705 quam
1018 1611 1082 1697 εὖς,
1105 1616 1167 1697 ἐῢς.

142 1758 168 1842 ξ.
189 1756 221 1821 4.
264 1754 467 1845 Aphseresis
490 1757 640 1846 exempla
660 1779 766 1844 pauca
783 1756 991 1844 proferuntur
1012 1764 1044 1820 et
1059 1754 1167 1841 plera-

31 1872 122 1942 ·qu'e
144 1855 276 1922 incerta.
322 1856 407 1925 Cum
429 1860 521 1927 θέλω
544 1872 577 1924 et
596 1866 704 1939 κεῖνος
725 1858 906 1945 Gregorius
927 1881 961 1945 p.
983 1855 1057 1921 474.
1079 1878 1168 1921 com-

56 1957 152 2045 ponit
181 1953 263 2047 ὀρτὴ
293 1969 446 2044 tauquam
472 1960 579 2026 ionice
605 1960 826 2038 imminutum,
856 1970 889 2024 et
913 1958 995 2024 EM.
1017 1956 1091 2021 634.
1118 1956 1168 2020 12.

55 2054 140 2145 ὀρτή
164 2052 318 2125 ἀπὸτοῦ
342 2055 440 2147 ἑορτή
464 2055 539 2126 κατ’
565 2055 758 2147 ἀφαίρεσιν·
782 2058 870 2144 Περὶ
887 2060 1020 2123 παθῶν.
1053 2055 1169 2139 Neque

57 2159 150 2224 aliter
180 2158 244 2226 dici
277 2170 389 2246 potest
417 2159 446 2223 si
480 2160 523 2225 ad
556 2159 824 2225 consuetudinem
856 2157 961 2243 magis
995 2178 1093 2242 quam
1127 2157 1169 2223 ad

56 2262 226 2327 veritatem
252 2261 403 2348 exigitur.
453 2261 539 2326 Nam
564 2283 601 2326 re
627 2282 703 2326 vera
731 2260 787 2325 illa
811 2280 965 2348 germana
1001 2268 1051 2324 est
1089 2281 1167 2346 pro-

57 2363 171 2448 genies
185 2360 275 2429 verbi
297 2359 393 2445 ἔρδω,
419 2362 510 2447 quod
527 2362 728 2429 catcxochen
746 2362 863 2429 dicitur
880 2384 940 2448 pro
963 2357 1038 2445 ἱερὰ
1061 2356 1169 2447 ἔρδειν

55 2473 92 2527 ut
118 2462 235 2548 τελετή
268 2473 301 2527 et
327 2462 428 2528 latina
458 2466 561 2547 {acm
594 2474 692 2550 atque
725 2466 853 2547 operari
886 2484 946 2548 pro
980 2483 1048 2526 rem
1085 2461 1166 2527 divi·

56 2587 132 2630 nam
164 2564 272 2631 lacere
298 2588 329 2630 v.
359 2564 517 2631 Technol.
540 2565 613 2632 263.
662 2565 751 2630 Hinc
780 2585 900 2631 nomen
927 2560 1057 2628 verbale
1087 2554 1168 2650 ὀρτή

56 2664 160 2755 epsilo
182 2652 266 2734 in‘o'
282 2665 406 2732 micron
426 2689 520 2733 verso
542 2678 579 2731 ut
599 2661 702 2754 ἀείρω
730 2660 846 2756 ἆορτή,
871 2664 1050 2751 additoque
1075 2663 1169 2750 quasi

56 2777 233 2854 augmento
267 2763 366 2855 ἑορτή
394 2790 469 2834 cum
498 2767 696 2856 aspiratione
722 2766 812 2835 verbi
832 2767 920 2854 ἔρδω
941 2766 1049 2833 attica.
1091 2766 1169 2832 Hoc

56 2880 166 2935 autem
187 2867 264 2953 quia
280 2867 315 2933 in
332 2891 394 2935 usu
411 2870 601 2957 praevaluit,
622 2892 681 2957 pro
699 2882 788 2938 recto
805 2880 837 2936 et
854 2869 982 2956 integro
1001 2867 1168 2955 accipitur,

55 2964 140 3057 δρτή
162 2990 224 3055 pro
247 2967 367 3036 acciso.
411 2969 589 3038 Consimile
618 2984 668 3038 est
695 2970 795 3058 ἕδργη
823 2970 969 3038 tudicula
989 2969 1041 3036 vel
1062 2969 1168 3056 pistil-

55 3071 123 3136 lum
149 3092 215 3156 quo
237 3093 345 3137 massa
364 3071 454 3137 rudis
476 3066 655 3157 δργδζεται
681 3070 746 3137 hoc
768 3081 818 3136 est
839 3067 1074 3155 κατεργάζεται
1095 3091 1169 3137 eoa-

54 3176 180 3258 βοίδια,
210 3172 298 3239 unde
325 3184 416 3261 patet
444 3196 518 3238 cum
541 3171 686 3260 perlecto
713 3169 813 3257 ἔοργα
836 3181 1012 3256 cognatum
1033 3173 1168 3256 essen)

55 3284 92 3339 ut
113 3268 213 3361 ἑορτή
237 3296 310 3340 cum
336 3275 437 3341 ultera
460 3272 550 3339 verbi
572 3273 676 3339 forma
699 3271 784 3359 ἔρδω
807 3271 875 3337 sive
898 3267 1001 3355 ἔρδω,
1028 3268 1169 3337 homeri·

56 3397 196 3460 cumque
229 3372 409 3460 σονεογμδς
438 3397 511 3441 cum
538 3370 620 3460 ἔχω,
651 3375 743 3461 cujus
768 3371 947 3461 perlectum
970 3394 1041 3438 esse
1063 3373 1170 3461 potuit

56 3473 134 3559 ἔοχα
156 3485 194 3540 ut
220 3473 339 3543 ἔολπα.
382 3477 459 3542 Hoc
479 3472 658 3558 οωεοχμός
682 3487 714 3543 et
735 3471 835 3563 ἑορτή
861 3497 903 3540 ne
925 3484 1094 3544 accentum
1116 3499 1168 3546 re·

56 3578 220 3644 traherent
242 3590 279 3643 ut
299 3577 459 3663 bisyllaba
484 3578 604 3656 solent,
635 3576 803 3664 prohibuit
827 3574 990 3643 character
1011 3576 1168 3657 verbalis3

55 3673 139 3768 δργη
163 3679 191 3745 si
214 3677 248 3744 in
269 3701 330 3744 usu
354 3691 450 3758 esset,
472 3689 674 3766 gravaretur,
697 3679 862 3764 quianon
885 3680 1045 3747 actionem
1065 3681 1168 3769 signi·

123 3923 170 3993 22)
185 3923 314 3979 Bustath.
331 3924 397 3991 alt,
414 3927 457 3979 25.
479 3923 495 3994 'l
516 3918 597 3999 ἰδργη
617 3923 647 3979 ἔκ
666 3928 715 3981 τοῦ
733 3927 827 3999 ἔοργα.
865 3925 1051 3983 Callimachus
1069 3935 1100 3982 ct
1116 3926 1167 3982 Ni·

55 4012 162 4065 cander
177 4018 269 4065 troam
283 4009 396 4084 εὐεργέα
409 4008 504 4065 λύκων
521 4017 623 4065 vocant
642 4028 726 4066 sensu
745 4011 851 4082 activ03
875 4030 976 4085 panem
992 4015 1083 4086 probe
1101 4014 1166 4068 sub·

54 4105 148 4151 actum
165 4096 379 4151 Andromachus
398 4095 512 4169 εὐεργέα
531 4090 630 4169 ἄρτον,
651 4098 794 4169 verbaque
812 4093 975 4172 ἐργάζεσθαι
994 4104 1024 4152 st
1042 4094 1168 4171 δργδζων

54 4183 218 4256 (δοργίζεω)
238 4197 293 4236 non
313 4180 424 4251 longius
440 4180 514 4236 inter
531 4198 562 4236 se
579 4180 696 4247 dhone,
717 4199 801 4253 quam
818 4199 907 4256 apere
925 4191 954 4238 et
973 4179 1120 4255 raltyere,
1139 4182 1168 4242 id

55 4276 98 4323 eat
116 4268 247 4342 dcpsero,
265 4268 341 4339 quod
360 4265 520 4338 germanice
540 4267 642 4324 dicitur
659 4266 776 4325 eom
