<?xml version="1.0" encoding="UTF-8"?>
<!DOCTYPE html PUBLIC "-//W3C//DTD XHTML 1.0 Transitional//EN"
    "http://www.w3.org/TR/xhtml1/DTD/xhtml1-transitional.dtd">
<html xmlns="http://www.w3.org/1999/xhtml" xml:lang="en" lang="en">
 <head>
  <title>
</title>
<meta http-equiv="Content-Type" content="text/html;charset=utf-8" />
  <meta name='ocr-system' content='tesseract 3.04.00' />
  <meta name='ocr-capabilities' content='ocr_page ocr_carea ocr_par ocr_line ocrx_word'/>
</head>
<body>
  <div class='ocr_page' id='page_1' title='image "./pathologiaegrae00lobegoog_0726.png"; bbox 0 0 2736 4778; ppageno 0'>
   <div class='ocr_carea' id='block_1_1' title="bbox 190 365 946 435">
    <p class='ocr_par' dir='ltr' id='par_1_1' title="bbox 190 365 946 435">
     <span class='ocr_line' id='line_1_1' title="bbox 190 365 946 435; baseline -0.001 -1"><span class='ocrx_word' id='word_1_1' title='bbox 190 368 233 435; x_wconf 79' lang='lat'><strong>52</strong></span> <span class='ocrx_word' id='word_1_2' title='bbox 580 365 860 434; x_wconf 79' lang='lat' dir='ltr'>DISSERTATIO</span> <span class='ocrx_word' id='word_1_3' title='bbox 890 366 946 433; x_wconf 77' lang='lat' dir='ltr'><strong>Vl</strong></span> 
     </span>
    </p>
   </div>
   <div class='ocr_carea' id='block_1_2' title="bbox 187 525 1327 2158">
    <p class='ocr_par' dir='ltr' id='par_1_2' title="bbox 187 525 1327 2158">
     <span class='ocr_line' id='line_1_2' title="bbox 189 525 1327 618; baseline -0.001 -24"><span class='ocrx_word' id='word_1_4' title='bbox 189 531 270 614; x_wconf 79' lang='grc' dir='ltr'><strong><em>κρέα</em></strong></span> <span class='ocrx_word' id='word_1_5' title='bbox 293 525 339 608; x_wconf 72' lang='grc' dir='ltr'><strong>ὡς</strong></span> <span class='ocrx_word' id='word_1_6' title='bbox 360 534 515 608; x_wconf 65' lang='lat' dir='ltr'><strong>Napeae</strong></span> <span class='ocrx_word' id='word_1_7' title='bbox 536 529 689 597; x_wconf 81' lang='lat' dir='ltr'><strong>Choerub.</strong></span> <span class='ocrx_word' id='word_1_8' title='bbox 712 528 784 597; x_wconf 81' lang='grc'><strong>389.</strong></span> <span class='ocrx_word' id='word_1_9' title='bbox 826 527 980 618; x_wconf 71' lang='lat' dir='ltr'><strong>&#39;Adprda</strong></span> <span class='ocrx_word' id='word_1_10' title='bbox 1002 529 1095 595; x_wconf 84' lang='lat' dir='ltr'><strong>hodie</strong></span> <span class='ocrx_word' id='word_1_11' title='bbox 1115 548 1179 594; x_wconf 85' lang='lat' dir='ltr'><strong>non</strong></span> <span class='ocrx_word' id='word_1_12' title='bbox 1197 529 1327 612; x_wconf 76' lang='lat' dir='ltr'><strong>legitm</strong></span> 
     </span>
     <span class='ocr_line' id='line_1_3' title="bbox 189 633 1325 718; baseline 0.001 -18"><span class='ocrx_word' id='word_1_13' title='bbox 189 634 251 700; x_wconf 91' lang='lat' dir='ltr'><strong>nisi</strong></span> <span class='ocrx_word' id='word_1_14' title='bbox 272 635 305 698; x_wconf 93' lang='lat' dir='ltr'><strong>in</strong></span> <span class='ocrx_word' id='word_1_15' title='bbox 326 633 465 699; x_wconf 80' lang='lat' dir='ltr'>carmine</span> <span class='ocrx_word' id='word_1_16' title='bbox 487 633 617 714; x_wconf 87' lang='lat' dir='ltr'><strong>Dorico,</strong></span> <span class='ocrx_word' id='word_1_17' title='bbox 640 642 788 717; x_wconf 92' lang='lat' dir='ltr'><strong>correpta</strong></span> <span class='ocrx_word' id='word_1_18' title='bbox 808 633 1002 718; x_wconf 87' lang='lat' dir='ltr'><strong>penultima,</strong></span> <span class='ocrx_word' id='word_1_19' title='bbox 1024 633 1083 698; x_wconf 89' lang='lat' dir='ltr'><strong>sed</strong></span> <span class='ocrx_word' id='word_1_20' title='bbox 1104 633 1177 698; x_wconf 91' lang='lat' dir='ltr'><strong>hinc</strong></span> <span class='ocrx_word' id='word_1_21' title='bbox 1199 652 1325 701; x_wconf 89' lang='lat' dir='ltr'><strong>nomen</strong></span> 
     </span>
     <span class='ocr_line' id='line_1_4' title="bbox 191 730 1321 823; baseline 0.001 -22"><span class='ocrx_word' id='word_1_22' title='bbox 191 734 270 811; x_wconf 88' lang='lat' dir='ltr'><strong>deae</strong></span> <span class='ocrx_word' id='word_1_23' title='bbox 302 737 456 801; x_wconf 87' lang='lat' dir='ltr'><strong>usitatum</strong></span> <span class='ocrx_word' id='word_1_24' title='bbox 487 738 643 818; x_wconf 87' lang='lat' dir='ltr'><strong>repetitur</strong></span> <span class='ocrx_word' id='word_1_25' title='bbox 674 738 708 802; x_wconf 94' lang='lat' dir='ltr'><strong>in</strong></span> <span class='ocrx_word' id='word_1_26' title='bbox 739 737 856 803; x_wconf 79' lang='lat' dir='ltr'><strong>Lexico</strong></span> <span class='ocrx_word' id='word_1_27' title='bbox 877 736 986 802; x_wconf 86' lang='lat' dir='ltr'><strong>Herm</strong></span> <span class='ocrx_word' id='word_1_28' title='bbox 1019 736 1048 822; x_wconf 63' lang='lat' dir='ltr'><strong>g.</strong></span> <span class='ocrx_word' id='word_1_29' title='bbox 1070 735 1113 800; x_wconf 87' lang='grc'><strong>70</strong></span> <span class='ocrx_word' id='word_1_30' title='bbox 1139 755 1170 819; x_wconf 93' lang='lat' dir='ltr'><strong>p.</strong></span> <span class='ocrx_word' id='word_1_31' title='bbox 1193 734 1261 802; x_wconf 79' lang='grc'><strong>329</strong></span> <span class='ocrx_word' id='word_1_32' title='bbox 1298 730 1321 823; x_wconf 72' lang='grc' dir='ltr'><em>ἢ</em></span> 
     </span>
     <span class='ocr_line' id='line_1_5' title="bbox 187 834 1325 928; baseline 0.004 -26"><span class='ocrx_word' id='word_1_33' title='bbox 187 834 309 926; x_wconf 72' lang='grc' dir='ltr'><em>Ἀθήνη</em></span> <span class='ocrx_word' id='word_1_34' title='bbox 341 839 427 905; x_wconf 76' lang='grc' dir='ltr'><strong>κατὰ</strong></span> <span class='ocrx_word' id='word_1_35' title='bbox 460 839 663 927; x_wconf 75' lang='grc' dir='ltr'><em>παραγωγὴν</em></span> <span class='ocrx_word' id='word_1_36' title='bbox 684 839 807 928; x_wconf 73' lang='grc' dir='ltr'><strong><em>ἐλέχθη</em></strong></span> <span class='ocrx_word' id='word_1_37' title='bbox 828 835 1001 926; x_wconf 64' lang='grc' dir='ltr'><strong>Ἀθηναία·</strong></span> <span class='ocrx_word' id='word_1_38' title='bbox 1034 836 1200 918; x_wconf 76' lang='grc' dir='ltr'><strong><em>ἐξελόντες</em></strong></span> <span class='ocrx_word' id='word_1_39' title='bbox 1222 839 1265 908; x_wconf 71' lang='grc' dir='ltr'><strong>δὲ</strong></span> <span class='ocrx_word' id='word_1_40' title='bbox 1287 835 1325 907; x_wconf 76' lang='lat' dir='ltr'><strong>oi</strong></span> 
     </span>
     <span class='ocr_line' id='line_1_6' title="bbox 190 934 1322 1031; baseline 0.002 -23"><span class='ocrx_word' id='word_1_41' title='bbox 190 939 326 1029; x_wconf 66' lang='grc' dir='ltr'><strong>ὕστερον</strong></span> <span class='ocrx_word' id='word_1_42' title='bbox 348 943 385 1008; x_wconf 77' lang='grc' dir='ltr'><strong>τὸ</strong></span> <span class='ocrx_word' id='word_1_43' title='bbox 410 947 435 1012; x_wconf 75' lang='grc' dir='ltr'>ἶ</span> <span class='ocrx_word' id='word_1_44' title='bbox 456 939 610 1031; x_wconf 73' lang='lat' dir='ltr'><strong>&#39;Adpvdu</strong></span> <span class='ocrx_word' id='word_1_45' title='bbox 632 934 740 1009; x_wconf 71' lang='grc' dir='ltr'><em>εἶπον·</em></span> <span class='ocrx_word' id='word_1_46' title='bbox 770 946 867 1008; x_wconf 78' lang='grc' dir='ltr'><strong>τοῦτο</strong></span> <span class='ocrx_word' id='word_1_47' title='bbox 892 943 956 1026; x_wconf 72' lang='grc' dir='ltr'><strong>μὲν</strong></span> <span class='ocrx_word' id='word_1_48' title='bbox 976 935 1036 1009; x_wconf 62' lang='grc' dir='ltr'><strong>οὖν</strong></span> <span class='ocrx_word' id='word_1_49' title='bbox 1057 937 1224 1030; x_wconf 69' lang='grc' dir='ltr'><strong>ἄχρηστον</strong></span> <span class='ocrx_word' id='word_1_50' title='bbox 1245 939 1322 1010; x_wconf 74' lang='grc' dir='ltr'><strong>εἴα-</strong></span> 
     </span>
     <span class='ocr_line' id='line_1_7' title="bbox 191 1040 1322 1134; baseline -0.002 -22"><span class='ocrx_word' id='word_1_51' title='bbox 191 1065 264 1112; x_wconf 74' lang='grc' dir='ltr'><em>σαν·</em></span> <span class='ocrx_word' id='word_1_52' title='bbox 287 1049 404 1131; x_wconf 75' lang='grc' dir='ltr'><strong><em>κρᾶσιν</em></strong></span> <span class='ocrx_word' id='word_1_53' title='bbox 426 1047 464 1113; x_wconf 78' lang='grc' dir='ltr'><strong>δὲ</strong></span> <span class='ocrx_word' id='word_1_54' title='bbox 486 1040 862 1134; x_wconf 71' lang='grc' dir='ltr'><strong>ποιησόμενοιἎθηνᾶν</strong></span> <span class='ocrx_word' id='word_1_55' title='bbox 884 1050 1021 1112; x_wconf 74' lang='grc' dir='ltr'><strong><em>καλοῦσι</em></strong></span> <span class='ocrx_word' id='word_1_56' title='bbox 1040 1046 1322 1132; x_wconf 69' lang='grc' dir='ltr'><strong><em>περισπωμένως.</em></strong></span> 
     </span>
     <span class='ocr_line' id='line_1_8' title="bbox 192 1147 1322 1231; baseline 0.003 -18"><span class='ocrx_word' id='word_1_57' title='bbox 192 1147 396 1215; x_wconf 85' lang='lat' dir='ltr'><strong>Contractum</strong></span> <span class='ocrx_word' id='word_1_58' title='bbox 412 1154 567 1216; x_wconf 76' lang='grc' dir='ltr'><strong><em>Ναυσικᾶ</em></strong></span> <span class='ocrx_word' id='word_1_59' title='bbox 590 1149 675 1231; x_wconf 91' lang='lat' dir='ltr'><strong>apud</strong></span> <span class='ocrx_word' id='word_1_60' title='bbox 686 1148 877 1215; x_wconf 87' lang='lat' dir='ltr'><strong>Pausaniam</strong></span> <span class='ocrx_word' id='word_1_61' title='bbox 898 1148 1067 1231; x_wconf 72' lang='lat' dir='ltr'><strong>legitur-</strong></span> <span class='ocrx_word' id='word_1_62' title='bbox 1079 1148 1322 1231; x_wconf 81' lang='lat' dir='ltr'><strong>Appellatirum</strong></span> 
     </span>
     <span class='ocr_line' id='line_1_9' title="bbox 192 1248 1321 1337; baseline 0 -19"><span class='ocrx_word' id='word_1_63' title='bbox 192 1251 282 1318; x_wconf 75' lang='lat' dir='ltr'><strong>addit</strong></span> <span class='ocrx_word' id='word_1_64' title='bbox 302 1251 491 1318; x_wconf 79' lang='lat' dir='ltr'><strong>Eustathius</strong></span> <span class='ocrx_word' id='word_1_65' title='bbox 516 1248 777 1331; x_wconf 65' lang='lat' dir='ltr'><strong>lilitilAitmg</strong></span> <span class='ocrx_word' id='word_1_66' title='bbox 798 1249 977 1331; x_wconf 71' lang='grc' dir='ltr'><strong><em>Διονύσιος</em></strong></span> <span class='ocrx_word' id='word_1_67' title='bbox 999 1252 1097 1337; x_wconf 79' lang='grc' dir='ltr'><strong><em>λέγει,</em></strong></span> <span class='ocrx_word' id='word_1_68' title='bbox 1121 1249 1172 1316; x_wconf 78' lang='grc' dir='ltr'><strong>ὅτι</strong></span> <span class='ocrx_word' id='word_1_69' title='bbox 1197 1250 1321 1332; x_wconf 74' lang='grc' dir='ltr'><em>ἐλαίας</em></span> 
     </span>
     <span class='ocr_line' id='line_1_10' title="bbox 190 1351 1319 1442; baseline 0.003 -24"><span class='ocrx_word' id='word_1_70' title='bbox 190 1354 244 1419; x_wconf 78' lang='grc' dir='ltr'><strong>καὶ</strong></span> <span class='ocrx_word' id='word_1_71' title='bbox 266 1351 368 1433; x_wconf 76' lang='grc' dir='ltr'><strong><em>ἐλάας</em></strong></span> <span class='ocrx_word' id='word_1_72' title='bbox 379 1351 523 1420; x_wconf 77' lang='grc' dir='ltr'><strong>Ἀττικοὶ</strong></span> <span class='ocrx_word' id='word_1_73' title='bbox 548 1354 603 1419; x_wconf 71' lang='lat' dir='ltr'><strong>cdv</strong></span> <span class='ocrx_word' id='word_1_74' title='bbox 625 1355 756 1441; x_wconf 78' lang='grc' dir='ltr'><strong><em>καρτὸν</em></strong></span> <span class='ocrx_word' id='word_1_75' title='bbox 778 1354 892 1442; x_wconf 68' lang='grc' dir='ltr'><em>ἔλεγον</em></span> <span class='ocrx_word' id='word_1_76' title='bbox 914 1357 971 1423; x_wconf 79' lang='grc' dir='ltr'><strong>καὶ</strong></span> <span class='ocrx_word' id='word_1_77' title='bbox 994 1356 1072 1434; x_wconf 77' lang='grc' dir='ltr'><strong>ἕλᾶς</strong></span> <span class='ocrx_word' id='word_1_78' title='bbox 1095 1351 1319 1438; x_wconf 77' lang='grc' dir='ltr'><strong><em>δισυλλάβως.</em></strong></span> 
     </span>
     <span class='ocr_line' id='line_1_11' title="bbox 191 1455 1318 1538; baseline 0.003 -16"><span class='ocrx_word' id='word_1_79' title='bbox 191 1455 262 1523; x_wconf 91' lang='lat' dir='ltr'><strong>Hoc</strong></span> <span class='ocrx_word' id='word_1_80' title='bbox 283 1457 367 1523; x_wconf 92' lang='lat' dir='ltr'><strong>docti</strong></span> <span class='ocrx_word' id='word_1_81' title='bbox 389 1458 515 1524; x_wconf 82' lang='lat' dir='ltr'><strong>Alexidi</strong></span> <span class='ocrx_word' id='word_1_82' title='bbox 537 1458 722 1524; x_wconf 75' lang='lat' dir='ltr'><strong>restitutum</strong></span> <span class='ocrx_word' id='word_1_83' title='bbox 743 1465 830 1538; x_wconf 85' lang='lat' dir='ltr'><strong>eunt,</strong></span> <span class='ocrx_word' id='word_1_84' title='bbox 852 1478 881 1524; x_wconf 85' lang='lat' dir='ltr'><strong>v.</strong></span> <span class='ocrx_word' id='word_1_85' title='bbox 903 1459 1040 1525; x_wconf 82' lang='lat' dir='ltr'><strong>Meinelc</strong></span> <span class='ocrx_word' id='word_1_86' title='bbox 1062 1459 1104 1524; x_wconf 93' lang='lat' dir='ltr'><strong>ad</strong></span> <span class='ocrx_word' id='word_1_87' title='bbox 1126 1457 1214 1524; x_wconf 82' lang='lat' dir='ltr'><strong>Coun</strong></span> <span class='ocrx_word' id='word_1_88' title='bbox 1236 1456 1318 1525; x_wconf 77' lang='lat' dir='ltr'><strong>lum</strong></span> 
     </span>
     <span class='ocr_line' id='line_1_12' title="bbox 192 1558 1320 1644; baseline 0.001 -19"><span class='ocrx_word' id='word_1_89' title='bbox 192 1558 225 1625; x_wconf 90' lang='grc' dir='ltr'>Π</span> <span class='ocrx_word' id='word_1_90' title='bbox 237 1559 308 1626; x_wconf 84' lang='grc'><strong>756.</strong></span> <span class='ocrx_word' id='word_1_91' title='bbox 324 1597 360 1609; x_wconf 88' lang='grc'><strong>-</strong></span> <span class='ocrx_word' id='word_1_92' title='bbox 375 1561 444 1628; x_wconf 92' lang='lat' dir='ltr'><strong>Iam</strong></span> <span class='ocrx_word' id='word_1_93' title='bbox 466 1563 499 1627; x_wconf 92' lang='lat' dir='ltr'><strong>in</strong></span> <span class='ocrx_word' id='word_1_94' title='bbox 520 1561 636 1627; x_wconf 87' lang='lat' dir='ltr'><strong>Parall.</strong></span> <span class='ocrx_word' id='word_1_95' title='bbox 647 1580 677 1644; x_wconf 90' lang='lat' dir='ltr'><strong>p.</strong></span> <span class='ocrx_word' id='word_1_96' title='bbox 696 1561 715 1625; x_wconf 86' lang='grc'><strong>7</strong></span> <span class='ocrx_word' id='word_1_97' title='bbox 739 1561 833 1627; x_wconf 58' lang='lat' dir='ltr'><strong>anuli</strong></span> <span class='ocrx_word' id='word_1_98' title='bbox 853 1581 968 1628; x_wconf 88' lang='lat' dir='ltr'><strong>nomen</strong></span> <span class='ocrx_word' id='word_1_99' title='bbox 989 1560 1106 1644; x_wconf 84' lang='lat' dir='ltr'>duplex</span> <span class='ocrx_word' id='word_1_100' title='bbox 1126 1560 1208 1643; x_wconf 80' lang='lat' dir='ltr'><strong>Lagi</strong></span> <span class='ocrx_word' id='word_1_101' title='bbox 1227 1561 1320 1644; x_wconf 81' lang='lat' dir='ltr'><strong>regis</strong></span> 
     </span>
     <span class='ocr_line' id='line_1_13' title="bbox 189 1661 1318 1750; baseline 0.002 -22"><span class='ocrx_word' id='word_1_102' title='bbox 189 1667 308 1748; x_wconf 77' lang='grc' dir='ltr'><em>Λᾶγος</em></span> <span class='ocrx_word' id='word_1_103' title='bbox 330 1670 364 1730; x_wconf 88' lang='lat' dir='ltr'><strong>et</strong></span> <span class='ocrx_word' id='word_1_104' title='bbox 382 1661 532 1750; x_wconf 78' lang='grc' dir='ltr'><em>Λάαγος,</em></span> <span class='ocrx_word' id='word_1_105' title='bbox 555 1682 637 1747; x_wconf 87' lang='lat' dir='ltr'><strong>quae</strong></span> <span class='ocrx_word' id='word_1_106' title='bbox 660 1665 689 1729; x_wconf 91' lang='lat' dir='ltr'><strong>si</strong></span> <span class='ocrx_word' id='word_1_107' title='bbox 710 1683 749 1730; x_wconf 81' lang='lat' dir='ltr'><strong>ex</strong></span> <span class='ocrx_word' id='word_1_108' title='bbox 771 1665 916 1748; x_wconf 80' lang='lat' dir='ltr'><strong>analogia</strong></span> <span class='ocrx_word' id='word_1_109' title='bbox 936 1666 1150 1743; x_wconf 74' lang='lat' dir='ltr'><strong>aestimamus,</strong></span> <span class='ocrx_word' id='word_1_110' title='bbox 1173 1663 1318 1747; x_wconf 81' lang='lat' dir='ltr'><strong>trisylla-</strong></span> 
     </span>
     <span class='ocr_line' id='line_1_14' title="bbox 189 1766 1317 1856; baseline 0.002 -25"><span class='ocrx_word' id='word_1_111' title='bbox 189 1766 265 1831; x_wconf 90' lang='lat' dir='ltr'><strong>bum</strong></span> <span class='ocrx_word' id='word_1_112' title='bbox 286 1786 344 1850; x_wconf 92' lang='lat' dir='ltr'><strong>pro</strong></span> <span class='ocrx_word' id='word_1_113' title='bbox 365 1775 452 1834; x_wconf 89' lang='lat' dir='ltr'><strong>recto</strong></span> <span class='ocrx_word' id='word_1_114' title='bbox 474 1774 508 1833; x_wconf 91' lang='lat' dir='ltr'><strong>et</strong></span> <span class='ocrx_word' id='word_1_115' title='bbox 528 1767 677 1832; x_wconf 90' lang='lat' dir='ltr'><strong>incolumi</strong></span> <span class='ocrx_word' id='word_1_116' title='bbox 699 1769 890 1850; x_wconf 78' lang='lat' dir='ltr'><strong>accipiamus</strong></span> <span class='ocrx_word' id='word_1_117' title='bbox 911 1787 1041 1834; x_wconf 91' lang='lat' dir='ltr'><strong>necesse</strong></span> <span class='ocrx_word' id='word_1_118' title='bbox 1063 1773 1171 1835; x_wconf 88' lang='lat' dir='ltr'><strong>estut</strong></span> <span class='ocrx_word' id='word_1_119' title='bbox 1191 1766 1317 1856; x_wconf 75' lang='grc' dir='ltr'><em>Λάαρ-</em></span> 
     </span>
     <span class='ocr_line' id='line_1_15' title="bbox 187 1870 1319 1957; baseline 0.003 -22"><span class='ocrx_word' id='word_1_120' title='bbox 187 1894 256 1952; x_wconf 79' lang='grc' dir='ltr'><em>χος,</em></span> <span class='ocrx_word' id='word_1_121' title='bbox 279 1871 415 1936; x_wconf 86' lang='lat' dir='ltr'><strong>alterum</strong></span> <span class='ocrx_word' id='word_1_122' title='bbox 435 1890 493 1953; x_wconf 94' lang='lat' dir='ltr'><strong>pro</strong></span> <span class='ocrx_word' id='word_1_123' title='bbox 514 1876 637 1936; x_wconf 88' lang='lat' dir='ltr'><strong>mutato</strong></span> <span class='ocrx_word' id='word_1_124' title='bbox 658 1875 696 1935; x_wconf 91' lang='lat' dir='ltr'><strong>ut</strong></span> <span class='ocrx_word' id='word_1_125' title='bbox 718 1872 876 1957; x_wconf 57' lang='lat' dir='ltr'><strong>hydrope,-</strong></span> <span class='ocrx_word' id='word_1_126' title='bbox 898 1872 1091 1944; x_wconf 86' lang='lat' dir='ltr'><strong>contrarium</strong></span> <span class='ocrx_word' id='word_1_127' title='bbox 1112 1889 1198 1951; x_wconf 85' lang='lat' dir='ltr'><strong>vero,</strong></span> <span class='ocrx_word' id='word_1_128' title='bbox 1221 1870 1250 1936; x_wconf 89' lang='lat' dir='ltr'><strong>si</strong></span> <span class='ocrx_word' id='word_1_129' title='bbox 1274 1870 1319 1938; x_wconf 77' lang='lat' dir='ltr'><strong>ad</strong></span> 
     </span>
     <span class='ocr_line' id='line_1_16' title="bbox 189 1974 1317 2058; baseline 0.002 -20"><span class='ocrx_word' id='word_1_130' title='bbox 189 1991 282 2038; x_wconf 91' lang='lat' dir='ltr'><strong>usum</strong></span> <span class='ocrx_word' id='word_1_131' title='bbox 316 1975 503 2055; x_wconf 85' lang='lat' dir='ltr'><strong>respicimus</strong></span> <span class='ocrx_word' id='word_1_132' title='bbox 525 1993 730 2057; x_wconf 87' lang='lat' dir='ltr'><strong>communem,</strong></span> <span class='ocrx_word' id='word_1_133' title='bbox 748 1992 858 2056; x_wconf 18' lang='lat' dir='ltr'><strong>*quem</strong></span> <span class='ocrx_word' id='word_1_134' title='bbox 890 1975 1086 2058; x_wconf 83' lang='lat' dir='ltr'><strong>grammatici</strong></span> <span class='ocrx_word' id='word_1_135' title='bbox 1106 1974 1259 2057; x_wconf 88' lang='lat' dir='ltr'><strong>plerique</strong></span> <span class='ocrx_word' id='word_1_136' title='bbox 1282 1975 1317 2040; x_wconf 92' lang='lat' dir='ltr'><strong>in</strong></span> 
     </span>
     <span class='ocr_line' id='line_1_17' title="bbox 191 2073 831 2158; baseline 0.002 -16"><span class='ocrx_word' id='word_1_137' title='bbox 191 2073 394 2158; x_wconf 83' lang='lat' dir='ltr'><strong>designandis</strong></span> <span class='ocrx_word' id='word_1_138' title='bbox 418 2076 604 2143; x_wconf 83' lang='lat' dir='ltr'><strong>biformibus</strong></span> <span class='ocrx_word' id='word_1_139' title='bbox 627 2077 831 2143; x_wconf 83' lang='lat' dir='ltr'><strong>observitant</strong></span> 
     </span>
    </p>
   </div>
   <div class='ocr_carea' id='block_1_3' title="bbox 189 2178 1316 2371">
    <p class='ocr_par' dir='ltr' id='par_1_3' title="bbox 189 2178 1316 2371">
     <span class='ocr_line' id='line_1_18' title="bbox 276 2178 1315 2264; baseline 0.002 -19"><span class='ocrx_word' id='word_1_140' title='bbox 276 2179 451 2260; x_wconf 88' lang='lat' dir='ltr'><strong>Vocabula,</strong></span> <span class='ocrx_word' id='word_1_141' title='bbox 484 2199 566 2263; x_wconf 90' lang='lat' dir='ltr'><strong>quac</strong></span> <span class='ocrx_word' id='word_1_142' title='bbox 588 2200 609 2245; x_wconf 92' lang='lat' dir='ltr'><strong>a</strong></span> <span class='ocrx_word' id='word_1_143' title='bbox 629 2181 758 2263; x_wconf 86' lang='lat' dir='ltr'><strong>propria</strong></span> <span class='ocrx_word' id='word_1_144' title='bbox 790 2181 894 2263; x_wconf 89' lang='lat' dir='ltr'><strong>specie</strong></span> <span class='ocrx_word' id='word_1_145' title='bbox 916 2199 1041 2264; x_wconf 86' lang='lat' dir='ltr'><strong>quoquo</strong></span> <span class='ocrx_word' id='word_1_146' title='bbox 1073 2180 1166 2246; x_wconf 91' lang='lat' dir='ltr'><strong>modo</strong></span> <span class='ocrx_word' id='word_1_147' title='bbox 1189 2178 1315 2247; x_wconf 82' lang='lat' dir='ltr'><strong>deflexa</strong></span> 
     </span>
     <span class='ocr_line' id='line_1_19' title="bbox 189 2279 1316 2371; baseline 0.002 -23"><span class='ocrx_word' id='word_1_148' title='bbox 189 2300 259 2348; x_wconf 89' lang='lat' dir='ltr'><strong>eam</strong></span> <span class='ocrx_word' id='word_1_149' title='bbox 280 2283 331 2348; x_wconf 86' lang='lat' dir='ltr'><strong>vel</strong></span> <span class='ocrx_word' id='word_1_150' title='bbox 352 2302 513 2366; x_wconf 86' lang='lat' dir='ltr'><strong>nunquam</strong></span> <span class='ocrx_word' id='word_1_151' title='bbox 533 2289 724 2366; x_wconf 85' lang='lat' dir='ltr'><strong>recuperant</strong></span> <span class='ocrx_word' id='word_1_152' title='bbox 744 2290 781 2349; x_wconf 90' lang='lat' dir='ltr'><strong>ut</strong></span> <span class='ocrx_word' id='word_1_153' title='bbox 803 2279 888 2371; x_wconf 78' lang='grc' dir='ltr'><strong>ἧσᾶ,</strong></span> <span class='ocrx_word' id='word_1_154' title='bbox 912 2285 1017 2365; x_wconf 71' lang='lat' dir='ltr'><strong>ahod,</strong></span> <span class='ocrx_word' id='word_1_155' title='bbox 1039 2284 1091 2349; x_wconf 89' lang='lat' dir='ltr'><strong>vel</strong></span> <span class='ocrx_word' id='word_1_156' title='bbox 1107 2284 1239 2350; x_wconf 86' lang='lat' dir='ltr'><strong>certein</strong></span> <span class='ocrx_word' id='word_1_157' title='bbox 1252 2301 1316 2350; x_wconf 84' lang='lat' dir='ltr'><strong>usu</strong></span> 
     </span>
    </p>
   </div>
   <div class='ocr_carea' id='block_1_4' title="bbox 108 2385 1349 4431">
    <p class='ocr_par' dir='ltr' id='par_1_4' title="bbox 188 2385 1315 2674">
     <span class='ocr_line' id='line_1_20' title="bbox 188 2385 1315 2470; baseline 0.003 -20"><span class='ocrx_word' id='word_1_158' title='bbox 188 2385 314 2467; x_wconf 89' lang='lat' dir='ltr'><strong>publico</strong></span> <span class='ocrx_word' id='word_1_159' title='bbox 344 2392 526 2452; x_wconf 85' lang='lat' dir='ltr'><strong>constanter</strong></span> <span class='ocrx_word' id='word_1_160' title='bbox 558 2386 736 2452; x_wconf 88' lang='lat' dir='ltr'><strong>detrectant</strong></span> <span class='ocrx_word' id='word_1_161' title='bbox 768 2395 805 2453; x_wconf 94' lang='lat' dir='ltr'><strong>ut</strong></span> <span class='ocrx_word' id='word_1_162' title='bbox 835 2392 972 2470; x_wconf 75' lang='grc' dir='ltr'><strong><em>βεβᾶσι,</em></strong></span> <span class='ocrx_word' id='word_1_163' title='bbox 1006 2387 1095 2453; x_wconf 89' lang='lat' dir='ltr'><strong>cuius</strong></span> <span class='ocrx_word' id='word_1_164' title='bbox 1127 2387 1315 2470; x_wconf 74' lang='lat' dir='ltr'><strong>hconupu</strong></span> 
     </span>
     <span class='ocr_line' id='line_1_21' title="bbox 188 2486 1315 2572; baseline 0.004 -20"><span class='ocrx_word' id='word_1_165' title='bbox 188 2486 289 2553; x_wconf 82' lang='lat' dir='ltr'><strong>forma</strong></span> <span class='ocrx_word' id='word_1_166' title='bbox 311 2489 369 2556; x_wconf 91' lang='lat' dir='ltr'><strong>soli</strong></span> <span class='ocrx_word' id='word_1_167' title='bbox 390 2495 524 2555; x_wconf 91' lang='lat' dir='ltr'><strong>utuntur</strong></span> <span class='ocrx_word' id='word_1_168' title='bbox 550 2496 664 2571; x_wconf 87' lang='lat' dir='ltr'><strong>poetae</strong></span> <span class='ocrx_word' id='word_1_169' title='bbox 696 2489 792 2572; x_wconf 84' lang='lat' dir='ltr'><strong>epici,</strong></span> <span class='ocrx_word' id='word_1_170' title='bbox 826 2490 1005 2556; x_wconf 90' lang='lat' dir='ltr'><strong>huiusmodi</strong></span> <span class='ocrx_word' id='word_1_171' title='bbox 1041 2491 1137 2572; x_wconf 83' lang='lat' dir='ltr'><strong>igitur</strong></span> <span class='ocrx_word' id='word_1_172' title='bbox 1158 2490 1315 2558; x_wconf 89' lang='lat' dir='ltr'><strong>vocabula</strong></span> 
     </span>
     <span class='ocr_line' id='line_1_22' title="bbox 191 2589 935 2674; baseline 0.004 -19"><span class='ocrx_word' id='word_1_173' title='bbox 191 2589 375 2656; x_wconf 89' lang='lat' dir='ltr'><strong>affectorum</strong></span> <span class='ocrx_word' id='word_1_174' title='bbox 396 2611 510 2658; x_wconf 92' lang='lat' dir='ltr'><strong>nomen</strong></span> <span class='ocrx_word' id='word_1_175' title='bbox 532 2592 730 2674; x_wconf 88' lang='lat' dir='ltr'><strong>coloremque</strong></span> <span class='ocrx_word' id='word_1_176' title='bbox 753 2595 935 2658; x_wconf 83' lang='lat' dir='ltr'><strong>amiserunt</strong></span> 
     </span>
    </p>

    <p class='ocr_par' dir='ltr' id='par_1_5' title="bbox 108 2694 1349 4328">
     <span class='ocr_line' id='line_1_23' title="bbox 276 2694 1312 2779; baseline 0.006 -22"><span class='ocrx_word' id='word_1_177' title='bbox 276 2695 302 2779; x_wconf 63' lang='grc' dir='ltr'><strong>ξ.</strong></span> <span class='ocrx_word' id='word_1_178' title='bbox 326 2695 355 2758; x_wconf 84' lang='grc'><strong>2.</strong></span> <span class='ocrx_word' id='word_1_179' title='bbox 400 2694 598 2761; x_wconf 86' lang='lat' dir='ltr'><strong>Manifestior</strong></span> <span class='ocrx_word' id='word_1_180' title='bbox 620 2702 670 2762; x_wconf 88' lang='lat' dir='ltr'><strong>est</strong></span> <span class='ocrx_word' id='word_1_181' title='bbox 692 2697 790 2763; x_wconf 88' lang='lat' dir='ltr'><strong>crasis</strong></span> <span class='ocrx_word' id='word_1_182' title='bbox 813 2697 946 2762; x_wconf 90' lang='lat' dir='ltr'><strong>duorum</strong></span> <span class='ocrx_word' id='word_1_183' title='bbox 968 2703 1010 2776; x_wconf 69' lang='grc' dir='ltr'><strong>ἵε,</strong></span> <span class='ocrx_word' id='word_1_184' title='bbox 1033 2698 1164 2778; x_wconf 91' lang='lat' dir='ltr'><strong>eiusque</strong></span> <span class='ocrx_word' id='word_1_185' title='bbox 1187 2699 1312 2779; x_wconf 88' lang='lat' dir='ltr'><strong>specics</strong></span> 
     </span>
     <span class='ocr_line' id='line_1_24' title="bbox 189 2797 1311 2880; baseline 0.003 -17"><span class='ocrx_word' id='word_1_186' title='bbox 189 2797 451 2863; x_wconf 84' lang='lat' dir='ltr'><strong>circumferuntur</strong></span> <span class='ocrx_word' id='word_1_187' title='bbox 473 2797 564 2878; x_wconf 84' lang='lat' dir='ltr'><strong>duae,</strong></span> <span class='ocrx_word' id='word_1_188' title='bbox 599 2818 678 2880; x_wconf 87' lang='lat' dir='ltr'><strong>quas</strong></span> <span class='ocrx_word' id='word_1_189' title='bbox 701 2799 937 2864; x_wconf 85' lang='lat' dir='ltr'><strong>Choeroboscus</strong></span> <span class='ocrx_word' id='word_1_190' title='bbox 960 2799 1034 2865; x_wconf 84' lang='lat' dir='ltr'><strong>Can.</strong></span> <span class='ocrx_word' id='word_1_191' title='bbox 1058 2800 1121 2864; x_wconf 84' lang='grc'><strong>217</strong></span> <span class='ocrx_word' id='word_1_192' title='bbox 1145 2800 1311 2868; x_wconf 89' lang='lat' dir='ltr'><strong>discernit:</strong></span> 
     </span>
     <span class='ocr_line' id='line_1_25' title="bbox 188 2895 1310 2989; baseline 0.004 -24"><span class='ocrx_word' id='word_1_193' title='bbox 188 2895 208 2986; x_wconf 80' lang='grc' dir='ltr'>ἡ</span> <span class='ocrx_word' id='word_1_194' title='bbox 233 2897 398 2988; x_wconf 69' lang='lat' dir='ltr'><strong>alricum)</strong></span> <span class='ocrx_word' id='word_1_195' title='bbox 423 2906 487 2967; x_wconf 78' lang='grc' dir='ltr'><strong>τῶν</strong></span> <span class='ocrx_word' id='word_1_196' title='bbox 510 2899 558 2980; x_wconf 75' lang='grc' dir='ltr'><strong>εἷς</strong></span> <span class='ocrx_word' id='word_1_197' title='bbox 580 2905 630 2979; x_wconf 65' lang='lat' dir='ltr'><strong>{v}</strong></span> <span class='ocrx_word' id='word_1_198' title='bbox 657 2906 888 2989; x_wconf 68' lang='grc' dir='ltr'><strong>πληθυντικῶν</strong></span> <span class='ocrx_word' id='word_1_199' title='bbox 912 2903 967 2968; x_wconf 79' lang='grc' dir='ltr'><strong>διὰ</strong></span> <span class='ocrx_word' id='word_1_200' title='bbox 991 2907 1049 2989; x_wconf 76' lang='grc' dir='ltr'><strong>τῆς</strong></span> <span class='ocrx_word' id='word_1_201' title='bbox 1073 2907 1107 2974; x_wconf 69' lang='grc' dir='ltr'><strong>εἶ</strong></span> <span class='ocrx_word' id='word_1_202' title='bbox 1123 2898 1234 2985; x_wconf 80' lang='grc' dir='ltr'>μόνως</span> <span class='ocrx_word' id='word_1_203' title='bbox 1258 2905 1310 2970; x_wconf 79' lang='grc' dir='ltr'><strong>λέ·</strong></span> 
     </span>
     <span class='ocr_line' id='line_1_26' title="bbox 188 2999 1312 3096; baseline 0.004 -28"><span class='ocrx_word' id='word_1_204' title='bbox 188 3026 289 3088; x_wconf 82' lang='lat' dir='ltr'><strong>yecoe,</strong></span> <span class='ocrx_word' id='word_1_205' title='bbox 315 2999 354 3069; x_wconf 79' lang='grc' dir='ltr'><strong>οὐ</strong></span> <span class='ocrx_word' id='word_1_206' title='bbox 377 3005 515 3071; x_wconf 77' lang='grc' dir='ltr'><strong>(1ιᾶτοῦ</strong></span> <span class='ocrx_word' id='word_1_207' title='bbox 537 3007 563 3089; x_wconf 55' lang='grc' dir='ltr'><em>ᾗ</em></span> <span class='ocrx_word' id='word_1_208' title='bbox 596 3003 713 3090; x_wconf 70' lang='grc' dir='ltr'><em>ἐπειδὴ</em></span> <span class='ocrx_word' id='word_1_209' title='bbox 737 3000 815 3071; x_wconf 79' lang='grc' dir='ltr'><strong>οὐδὲ</strong></span> <span class='ocrx_word' id='word_1_210' title='bbox 837 3004 871 3071; x_wconf 74' lang='grc' dir='ltr'><strong>ἐν</strong></span> <span class='ocrx_word' id='word_1_211' title='bbox 894 3010 934 3095; x_wconf 74' lang='grc' dir='ltr'><strong>τῇ</strong></span> <span class='ocrx_word' id='word_1_212' title='bbox 956 3005 1077 3096; x_wconf 69' lang='grc' dir='ltr'><strong><em>εὐθείᾳ</em></strong></span> <span class='ocrx_word' id='word_1_213' title='bbox 1100 3006 1169 3073; x_wconf 75' lang='grc' dir='ltr'><strong>ἐστὶ</strong></span> <span class='ocrx_word' id='word_1_214' title='bbox 1192 3006 1312 3093; x_wconf 74' lang='grc' dir='ltr'><em>γνησία</em></span> 
     </span>
     <span class='ocr_line' id='line_1_27' title="bbox 188 3100 1309 3193; baseline 0.004 -23"><span class='ocrx_word' id='word_1_215' title='bbox 188 3100 208 3192; x_wconf 80' lang='grc' dir='ltr'><em>ἢ</em></span> <span class='ocrx_word' id='word_1_216' title='bbox 232 3112 347 3193; x_wconf 75' lang='grc' dir='ltr'><strong><em>κρᾶσις</em></strong></span> <span class='ocrx_word' id='word_1_217' title='bbox 368 3103 387 3190; x_wconf 77' lang='grc' dir='ltr'>ἡ</span> <span class='ocrx_word' id='word_1_218' title='bbox 412 3112 476 3173; x_wconf 75' lang='grc' dir='ltr'><strong>τῶν</strong></span> <span class='ocrx_word' id='word_1_219' title='bbox 499 3108 558 3174; x_wconf 72' lang='lat' dir='ltr'><strong>dio</strong></span> <span class='ocrx_word' id='word_1_220' title='bbox 582 3107 614 3180; x_wconf 63' lang='lat' dir='ltr'><strong>a]</strong></span> <span class='ocrx_word' id='word_1_221' title='bbox 637 3104 684 3184; x_wconf 79' lang='grc' dir='ltr'><strong>εἰς</strong></span> <span class='ocrx_word' id='word_1_222' title='bbox 707 3111 792 3191; x_wconf 44' lang='lat' dir='ltr'><strong>ze,</strong></span> <span class='ocrx_word' id='word_1_223' title='bbox 837 3107 939 3174; x_wconf 90' lang='lat' dir='ltr'><strong>Huius</strong></span> <span class='ocrx_word' id='word_1_224' title='bbox 968 3112 1126 3191; x_wconf 85' lang='lat' dir='ltr'><strong>specimen</strong></span> <span class='ocrx_word' id='word_1_225' title='bbox 1154 3116 1206 3175; x_wconf 92' lang='lat' dir='ltr'><strong>est</strong></span> <span class='ocrx_word' id='word_1_226' title='bbox 1227 3110 1309 3175; x_wconf 89' lang='lat' dir='ltr'><strong>dati·</strong></span> 
     </span>
     <span class='ocr_line' id='line_1_28' title="bbox 188 3207 1312 3294; baseline 0.005 -22"><span class='ocrx_word' id='word_1_227' title='bbox 188 3227 246 3273; x_wconf 89' lang='lat' dir='ltr'><strong>vus</strong></span> <span class='ocrx_word' id='word_1_228' title='bbox 268 3211 401 3275; x_wconf 87' lang='lat' dir='ltr'><strong>nominis</strong></span> <span class='ocrx_word' id='word_1_229' title='bbox 425 3211 539 3291; x_wconf 81' lang='grc' dir='ltr'><em>σπέος,</em></span> <span class='ocrx_word' id='word_1_230' title='bbox 573 3212 662 3277; x_wconf 92' lang='lat' dir='ltr'><strong>cuius</strong></span> <span class='ocrx_word' id='word_1_231' title='bbox 684 3229 782 3292; x_wconf 86' lang='lat' dir='ltr'><strong>quum</strong></span> <span class='ocrx_word' id='word_1_232' title='bbox 805 3212 885 3277; x_wconf 88' lang='lat' dir='ltr'><strong>duae</strong></span> <span class='ocrx_word' id='word_1_233' title='bbox 907 3213 1061 3294; x_wconf 84' lang='lat' dir='ltr'><strong>primores</strong></span> <span class='ocrx_word' id='word_1_234' title='bbox 1083 3207 1312 3286; x_wconf 65' lang='grc' dir='ltr'><strong>’10111θείῃῇ</strong></span> 
     </span>
     <span class='ocr_line' id='line_1_29' title="bbox 187 3313 1311 3398; baseline 0.005 -21"><span class='ocrx_word' id='word_1_235' title='bbox 187 3313 329 3377; x_wconf 88' lang='lat' dir='ltr'><strong>contrahi</strong></span> <span class='ocrx_word' id='word_1_236' title='bbox 351 3318 494 3394; x_wconf 80' lang='lat' dir='ltr'><strong>possent,</strong></span> <span class='ocrx_word' id='word_1_237' title='bbox 529 3316 631 3380; x_wconf 72' lang='grc' dir='ltr'>σπὲιϊ</span> <span class='ocrx_word' id='word_1_238' title='bbox 650 3321 759 3395; x_wconf 75' lang='lat' dir='ltr'><strong>cacia,</strong></span> <span class='ocrx_word' id='word_1_239' title='bbox 787 3314 846 3379; x_wconf 92' lang='lat' dir='ltr'><strong>hoc</strong></span> <span class='ocrx_word' id='word_1_240' title='bbox 868 3321 954 3382; x_wconf 75' lang='grc' dir='ltr'><strong><em>σηεῖι</em></strong></span> <span class='ocrx_word' id='word_1_241' title='bbox 977 3317 1101 3381; x_wconf 89' lang='lat' dir='ltr'><strong>aurium</strong></span> <span class='ocrx_word' id='word_1_242' title='bbox 1119 3315 1237 3398; x_wconf 89' lang='lat' dir='ltr'><strong>judicio</strong></span> <span class='ocrx_word' id='word_1_243' title='bbox 1259 3336 1311 3383; x_wconf 90' lang='lat' dir='ltr'><strong>re·</strong></span> 
     </span>
     <span class='ocr_line' id='line_1_30' title="bbox 186 3414 1349 3502; baseline 0.005 -23"><span class='ocrx_word' id='word_1_244' title='bbox 186 3414 353 3497; x_wconf 85' lang='lat' dir='ltr'><strong>probatum</strong></span> <span class='ocrx_word' id='word_1_245' title='bbox 377 3421 435 3492; x_wconf 92' lang='lat' dir='ltr'><strong>est,</strong></span> <span class='ocrx_word' id='word_1_246' title='bbox 458 3414 612 3481; x_wconf 80' lang='lat' dir='ltr'><strong>uParall.</strong></span> <span class='ocrx_word' id='word_1_247' title='bbox 628 3414 810 3499; x_wconf 59' lang='lat' dir='ltr'><strong>ltproque</strong></span> <span class='ocrx_word' id='word_1_248' title='bbox 833 3437 870 3483; x_wconf 92' lang='lat' dir='ltr'><strong>eo</strong></span> <span class='ocrx_word' id='word_1_249' title='bbox 892 3419 1011 3499; x_wconf 86' lang='lat' dir='ltr'><strong>placuit</strong></span> <span class='ocrx_word' id='word_1_250' title='bbox 1022 3420 1101 3486; x_wconf 90' lang='lat' dir='ltr'><strong>duas</strong></span> <span class='ocrx_word' id='word_1_251' title='bbox 1117 3420 1311 3502; x_wconf 83' lang='lat' dir='ltr'><strong>posteriores</strong></span> <span class='ocrx_word' id='word_1_252' title='bbox 1340 3437 1349 3458; x_wconf 94' lang='lat'><strong>·</strong></span> 
     </span>
     <span class='ocr_line' id='line_1_31' title="bbox 188 3516 1312 3606; baseline 0.006 -25"><span class='ocrx_word' id='word_1_253' title='bbox 188 3517 372 3582; x_wconf 86' lang='lat' dir='ltr'><strong>contrahere</strong></span> <span class='ocrx_word' id='word_1_254' title='bbox 395 3516 489 3583; x_wconf 78' lang='grc' dir='ltr'><em>σπέει</em></span> <span class='ocrx_word' id='word_1_255' title='bbox 514 3523 550 3582; x_wconf 91' lang='lat' dir='ltr'><strong>ut</strong></span> <span class='ocrx_word' id='word_1_256' title='bbox 573 3521 640 3586; x_wconf 81' lang='grc' dir='ltr'><em>δέει</em></span> <span class='ocrx_word' id='word_1_257' title='bbox 664 3526 697 3585; x_wconf 91' lang='lat' dir='ltr'><strong>et</strong></span> <span class='ocrx_word' id='word_1_258' title='bbox 717 3523 1067 3599; x_wconf 51' lang='lat' dir='ltr'><strong>ceuramffineutra</strong></span> <span class='ocrx_word' id='word_1_259' title='bbox 1112 3521 1220 3588; x_wconf 82' lang='lat' dir='ltr'><strong>Sedid</strong></span> <span class='ocrx_word' id='word_1_260' title='bbox 1234 3524 1312 3606; x_wconf 89' lang='lat' dir='ltr'><strong>quia</strong></span> 
     </span>
     <span class='ocr_line' id='line_1_32' title="bbox 108 3620 1311 3713; baseline 0.005 -29"><span class='ocrx_word' id='word_1_261' title='bbox 108 3620 109 3623; x_wconf 73' lang='grc'>’</span> <span class='ocrx_word' id='word_1_262' title='bbox 187 3626 288 3685; x_wconf 91' lang='lat' dir='ltr'><strong>metro</strong></span> <span class='ocrx_word' id='word_1_263' title='bbox 310 3620 491 3700; x_wconf 87' lang='lat' dir='ltr'><strong>reluctatur,</strong></span> <span class='ocrx_word' id='word_1_264' title='bbox 514 3620 672 3688; x_wconf 86' lang='lat' dir='ltr'><strong>Homerus</strong></span> <span class='ocrx_word' id='word_1_265' title='bbox 694 3625 727 3689; x_wconf 90' lang='lat' dir='ltr'><strong>in</strong></span> <span class='ocrx_word' id='word_1_266' title='bbox 750 3629 833 3713; x_wconf 73' lang='grc' dir='ltr'><em>σπῆι</em></span> <span class='ocrx_word' id='word_1_267' title='bbox 856 3627 990 3690; x_wconf 89' lang='lat' dir='ltr'><strong>mutavit</strong></span> <span class='ocrx_word' id='word_1_268' title='bbox 1012 3625 1096 3691; x_wconf 75' lang='grc' dir='ltr'><strong><em>κατὰ</em></strong></span> <span class='ocrx_word' id='word_1_269' title='bbox 1114 3630 1231 3711; x_wconf 75' lang='grc' dir='ltr'><strong><em>κρᾶσιν</em></strong></span> <span class='ocrx_word' id='word_1_270' title='bbox 1243 3630 1311 3692; x_wconf 70' lang='grc' dir='ltr'><strong>τῶν</strong></span> 
     </span>
     <span class='ocr_line' id='line_1_33' title="bbox 188 3718 1310 3812; baseline 0.004 -23"><span class='ocrx_word' id='word_1_271' title='bbox 188 3721 298 3792; x_wconf 59' lang='lat' dir='ltr'><strong>otini}</strong></span> <span class='ocrx_word' id='word_1_272' title='bbox 332 3718 426 3806; x_wconf 55' lang='grc' dir='ltr'><strong>εἶςῇ</strong></span> <span class='ocrx_word' id='word_1_273' title='bbox 458 3721 616 3808; x_wconf 66' lang='grc' dir='ltr'><em>καθάπερ</em></span> <span class='ocrx_word' id='word_1_274' title='bbox 639 3722 826 3812; x_wconf 73' lang='grc' dir='ltr'><strong>Ἡρακλῆος</strong></span> <span class='ocrx_word' id='word_1_275' title='bbox 860 3727 972 3793; x_wconf 84' lang='lat' dir='ltr'><strong>Choer.</strong></span> <span class='ocrx_word' id='word_1_276' title='bbox 1000 3728 1040 3793; x_wconf 84' lang='lat' dir='ltr'><strong>de</strong></span> <span class='ocrx_word' id='word_1_277' title='bbox 1063 3728 1139 3795; x_wconf 86' lang='lat' dir='ltr'><strong>Tou.</strong></span> <span class='ocrx_word' id='word_1_278' title='bbox 1161 3727 1234 3795; x_wconf 72' lang='grc'><strong>117.</strong></span> <span class='ocrx_word' id='word_1_279' title='bbox 1261 3731 1310 3797; x_wconf 86' lang='grc'><strong>15.</strong></span> 
     </span>
     <span class='ocr_line' id='line_1_34' title="bbox 186 3825 1310 3914; baseline 0.007 -25"><span class='ocrx_word' id='word_1_280' title='bbox 186 3825 277 3890; x_wconf 92' lang='lat' dir='ltr'><strong>Hanc</strong></span> <span class='ocrx_word' id='word_1_281' title='bbox 299 3826 504 3891; x_wconf 86' lang='lat' dir='ltr'><strong>mutationem</strong></span> <span class='ocrx_word' id='word_1_282' title='bbox 539 3828 592 3892; x_wconf 82' lang='lat' dir='ltr'><strong>alii</strong></span> <span class='ocrx_word' id='word_1_283' title='bbox 625 3829 814 3895; x_wconf 88' lang='lat' dir='ltr'><strong>metathesin</strong></span> <span class='ocrx_word' id='word_1_284' title='bbox 837 3838 962 3913; x_wconf 83' lang='lat' dir='ltr'><strong>vocant,</strong></span> <span class='ocrx_word' id='word_1_285' title='bbox 997 3832 1050 3898; x_wconf 89' lang='lat' dir='ltr'><strong>alli</strong></span> <span class='ocrx_word' id='word_1_286' title='bbox 1072 3838 1194 3914; x_wconf 89' lang='lat' dir='ltr'><strong>tropen.</strong></span> <span class='ocrx_word' id='word_1_287' title='bbox 1260 3831 1310 3897; x_wconf 91' lang='lat' dir='ltr'><strong>De</strong></span> 
     </span>
     <span class='ocr_line' id='line_1_35' title="bbox 186 3929 1312 4014; baseline 0.007 -21"><span class='ocrx_word' id='word_1_288' title='bbox 186 3936 320 4010; x_wconf 86' lang='lat' dir='ltr'><strong>utraque</strong></span> <span class='ocrx_word' id='word_1_289' title='bbox 354 3931 435 3994; x_wconf 89' lang='lat' dir='ltr'><strong>crasi</strong></span> <span class='ocrx_word' id='word_1_290' title='bbox 467 3929 520 3994; x_wconf 90' lang='lat' dir='ltr'><strong>ille</strong></span> <span class='ocrx_word' id='word_1_291' title='bbox 543 3931 658 3996; x_wconf 85' lang='lat' dir='ltr'><strong>iterum</strong></span> <span class='ocrx_word' id='word_1_292' title='bbox 692 3933 869 4014; x_wconf 90' lang='lat' dir='ltr'><strong>iterumque</strong></span> <span class='ocrx_word' id='word_1_293' title='bbox 897 3936 1125 4001; x_wconf 90' lang='lat' dir='ltr'><strong>sermocinatur</strong></span> <span class='ocrx_word' id='word_1_294' title='bbox 1158 3934 1312 4001; x_wconf 87' lang='lat' dir='ltr'><strong>subiectis</strong></span> 
     </span>
     <span class='ocr_line' id='line_1_36' title="bbox 187 4034 1310 4116; baseline 0.006 -21"><span class='ocrx_word' id='word_1_295' title='bbox 187 4037 328 4100; x_wconf 86' lang='lat' dir='ltr'><strong>veterum</strong></span> <span class='ocrx_word' id='word_1_296' title='bbox 352 4034 539 4113; x_wconf 87' lang='lat' dir='ltr'><strong>scriptorum</strong></span> <span class='ocrx_word' id='word_1_297' title='bbox 562 4034 721 4116; x_wconf 86' lang='lat' dir='ltr'><strong>exemplis,</strong></span> <span class='ocrx_word' id='word_1_298' title='bbox 745 4053 825 4115; x_wconf 81' lang='lat' dir='ltr'><strong>quae</strong></span> <span class='ocrx_word' id='word_1_299' title='bbox 849 4036 916 4101; x_wconf 91' lang='lat' dir='ltr'><strong>sine</strong></span> <span class='ocrx_word' id='word_1_300' title='bbox 939 4038 1033 4103; x_wconf 89' lang='lat' dir='ltr'><strong>dubio</strong></span> <span class='ocrx_word' id='word_1_301' title='bbox 1055 4039 1159 4104; x_wconf 87' lang='lat' dir='ltr'><strong>omnia</strong></span> <span class='ocrx_word' id='word_1_302' title='bbox 1181 4057 1221 4103; x_wconf 79' lang='lat' dir='ltr'><strong>ex</strong></span> <span class='ocrx_word' id='word_1_303' title='bbox 1243 4038 1310 4103; x_wconf 88' lang='lat' dir='ltr'><strong>lle·</strong></span> 
     </span>
     <span class='ocr_line' id='line_1_37' title="bbox 186 4135 1310 4224; baseline 0.01 -27"><span class='ocrx_word' id='word_1_304' title='bbox 186 4135 307 4198; x_wconf 89' lang='lat' dir='ltr'><strong>rodiani</strong></span> <span class='ocrx_word' id='word_1_305' title='bbox 330 4135 465 4200; x_wconf 88' lang='lat' dir='ltr'><strong>diatribe</strong></span> <span class='ocrx_word' id='word_1_306' title='bbox 489 4139 565 4220; x_wconf 74' lang='lat' dir='ltr'><strong>napi</strong></span> <span class='ocrx_word' id='word_1_307' title='bbox 580 4139 880 4219; x_wconf 62' lang='lat' dir='ltr'><strong>crotonexcerpsit.</strong></span> <span class='ocrx_word' id='word_1_308' title='bbox 925 4140 1012 4206; x_wconf 89' lang='lat' dir='ltr'><strong>Haec</strong></span> <span class='ocrx_word' id='word_1_309' title='bbox 1035 4143 1130 4224; x_wconf 82' lang='lat' dir='ltr'><strong>igitur</strong></span> <span class='ocrx_word' id='word_1_310' title='bbox 1147 4142 1310 4209; x_wconf 81' lang='lat' dir='ltr'><strong>exordine</strong></span> 
     </span>
     <span class='ocr_line' id='line_1_38' title="bbox 186 4236 1312 4328; baseline 0.01 -28"><span class='ocrx_word' id='word_1_311' title='bbox 186 4236 339 4301; x_wconf 86' lang='lat' dir='ltr'><strong>enarrabo</strong></span> <span class='ocrx_word' id='word_1_312' title='bbox 361 4239 450 4303; x_wconf 91' lang='lat' dir='ltr'><strong>initio</strong></span> <span class='ocrx_word' id='word_1_313' title='bbox 473 4245 577 4304; x_wconf 88' lang='lat' dir='ltr'><strong>sumto</strong></span> <span class='ocrx_word' id='word_1_314' title='bbox 599 4259 619 4305; x_wconf 89' lang='lat' dir='ltr'><strong>a</strong></span> <span class='ocrx_word' id='word_1_315' title='bbox 640 4241 808 4322; x_wconf 89' lang='lat' dir='ltr'><strong>vocabuhs,</strong></span> <span class='ocrx_word' id='word_1_316' title='bbox 831 4262 912 4324; x_wconf 89' lang='lat' dir='ltr'><strong>quae</strong></span> <span class='ocrx_word' id='word_1_317' title='bbox 932 4245 982 4310; x_wconf 90' lang='lat' dir='ltr'><strong>vel</strong></span> <span class='ocrx_word' id='word_1_318' title='bbox 1005 4245 1236 4328; x_wconf 82' lang='lat' dir='ltr'><strong>diphthongum</strong></span> <span class='ocrx_word' id='word_1_319' title='bbox 1258 4245 1312 4311; x_wconf 81' lang='lat' dir='ltr'><strong>vel</strong></span> 
     </span>
    </p>

    <p class='ocr_par' dir='ltr' id='par_1_6' title="bbox 185 4340 1146 4431">
     <span class='ocr_line' id='line_1_39' title="bbox 185 4340 1146 4431; baseline 0.01 -28"><span class='ocrx_word' id='word_1_320' title='bbox 185 4340 473 4423; x_wconf 81' lang='lat' dir='ltr'><strong>monophthongum</strong></span> <span class='ocrx_word' id='word_1_321' title='bbox 494 4342 526 4406; x_wconf 92' lang='lat' dir='ltr'><strong>in</strong></span> <span class='ocrx_word' id='word_1_322' title='bbox 549 4341 677 4425; x_wconf 82' lang='lat' dir='ltr'><strong>syllabis</strong></span> <span class='ocrx_word' id='word_1_323' title='bbox 700 4344 925 4427; x_wconf 89' lang='lat' dir='ltr'><strong>principalibus</strong></span> <span class='ocrx_word' id='word_1_324' title='bbox 948 4354 1146 4431; x_wconf 87' lang='lat' dir='ltr'><strong>acceperunt</strong></span> 
     </span>
    </p>
   </div>
   <div class='ocr_carea' id='block_1_5' title="bbox 0 0 1372 4778">
    <p class='ocr_par' dir='ltr' id='par_1_7' title="bbox 0 0 1372 4778">
     <span class='ocr_line' id='line_1_40' title="bbox 0 0 1372 4778; baseline 0 1"><span class='ocrx_word' id='word_1_325' title='bbox 0 0 1372 4778; x_wconf 95' lang='lat' dir='ltr'><strong> </strong></span> 
     </span>
    </p>
   </div>
  </div>
 </body>
</html>
