<?xml version="1.0" encoding="UTF-8"?>
<!DOCTYPE html PUBLIC "-//W3C//DTD XHTML 1.0 Transitional//EN"
    "http://www.w3.org/TR/xhtml1/DTD/xhtml1-transitional.dtd">
<html xmlns="http://www.w3.org/1999/xhtml" xml:lang="en" lang="en">
 <head>
  <title>
</title>
<meta http-equiv="Content-Type" content="text/html;charset=utf-8" />
  <meta name='ocr-system' content='tesseract 3.04.00' />
  <meta name='ocr-capabilities' content='ocr_page ocr_carea ocr_par ocr_line ocrx_word'/>
</head>
<body>
  <div class='ocr_page' id='page_1' title='image "./pathologiaegrae00lobegoog_0689.png"; bbox 0 0 2736 4778; ppageno 0'>
   <div class='ocr_carea' id='block_1_1' title="bbox 214 302 1240 444">
    <p class='ocr_par' dir='ltr' id='par_1_1' title="bbox 214 302 1240 444">
     <span class='ocr_line' id='line_1_1' title="bbox 214 302 1240 444; baseline 0.001 -18"><span class='ocrx_word' id='word_1_1' title='bbox 214 361 272 426; x_wconf 83' lang='lat' dir='ltr'><strong>DE</strong></span> <span class='ocrx_word' id='word_1_2' title='bbox 295 359 539 439; x_wconf 79' lang='lat' dir='ltr'>SYNAERESI,</span> <span class='ocrx_word' id='word_1_3' title='bbox 560 357 762 426; x_wconf 72' lang='lat' dir='ltr'><strong>nmmum</strong></span> <span class='ocrx_word' id='word_1_4' title='bbox 785 361 846 424; x_wconf 73' lang='lat' dir='ltr'><strong>etc</strong></span> <span class='ocrx_word' id='word_1_5' title='bbox 873 302 949 425; x_wconf 24' lang='lat'>&#39;1³.1.</span> <span class='ocrx_word' id='word_1_6' title='bbox 971 357 1041 425; x_wconf 79' lang='lat' dir='ltr'><strong>ol</strong></span> <span class='ocrx_word' id='word_1_7' title='bbox 1064 359 1133 444; x_wconf 73' lang='lat'><strong>§.2</strong></span> <span class='ocrx_word' id='word_1_8' title='bbox 1201 360 1240 427; x_wconf 80' lang='lat'><strong>15</strong></span> 
     </span>
    </p>
   </div>
   <div class='ocr_carea' id='block_1_2' title="bbox 80 519 1283 1635">
    <p class='ocr_par' dir='ltr' id='par_1_2' title="bbox 120 519 1240 710">
     <span class='ocr_line' id='line_1_2' title="bbox 120 519 1240 610; baseline -0.003 -19"><span class='ocrx_word' id='word_1_9' title='bbox 120 525 359 607; x_wconf 65' lang='lat' dir='ltr'><strong>synecdromen</strong></span> <span class='ocrx_word' id='word_1_10' title='bbox 396 530 433 589; x_wconf 84' lang='lat' dir='ltr'><strong>ut</strong></span> <span class='ocrx_word' id='word_1_11' title='bbox 464 522 624 603; x_wconf 80' lang='lat' dir='ltr'><strong>Stephano</strong></span> <span class='ocrx_word' id='word_1_12' title='bbox 656 523 798 600; x_wconf 77' lang='lat' dir='ltr'><strong>videtur,</strong></span> <span class='ocrx_word' id='word_1_13' title='bbox 836 521 930 586; x_wconf 86' lang='lat' dir='ltr'><strong>modo</strong></span> <span class='ocrx_word' id='word_1_14' title='bbox 963 519 1240 610; x_wconf 69' lang='grc' dir='ltr'><strong><em>Βορυσθενεΐτης,</em></strong></span> 
     </span>
     <span class='ocr_line' id='line_1_3' title="bbox 121 623 1115 710; baseline -0.005 -17"><span class='ocrx_word' id='word_1_15' title='bbox 121 628 205 710; x_wconf 89' lang='lat' dir='ltr'><strong>quod</strong></span> <span class='ocrx_word' id='word_1_16' title='bbox 227 629 330 693; x_wconf 87' lang='lat' dir='ltr'><strong>solum</strong></span> <span class='ocrx_word' id='word_1_17' title='bbox 352 625 466 708; x_wconf 87' lang='lat' dir='ltr'><strong>probat</strong></span> <span class='ocrx_word' id='word_1_18' title='bbox 487 625 662 690; x_wconf 85' lang='lat' dir='ltr'><strong>Bredoviua</strong></span> <span class='ocrx_word' id='word_1_19' title='bbox 683 624 766 689; x_wconf 87' lang='lat' dir='ltr'><strong>Dial.</strong></span> <span class='ocrx_word' id='word_1_20' title='bbox 789 623 865 688; x_wconf 88' lang='lat' dir='ltr'><strong>Her.</strong></span> <span class='ocrx_word' id='word_1_21' title='bbox 892 623 960 689; x_wconf 84' lang='lat'>190.</span> <span class='ocrx_word' id='word_1_22' title='bbox 1112 658 1115 663; x_wconf 30' lang='grc' dir='ltr'><strong><em>ν</em></strong></span> 
     </span>
    </p>

    <p class='ocr_par' dir='ltr' id='par_1_3' title="bbox 80 726 1283 1635">
     <span class='ocr_line' id='line_1_4' title="bbox 207 726 1241 810; baseline -0.005 -14"><span class='ocrx_word' id='word_1_23' title='bbox 207 731 290 796; x_wconf 88' lang='lat' dir='ltr'><strong>Hinc</strong></span> <span class='ocrx_word' id='word_1_24' title='bbox 311 731 375 794; x_wconf 86' lang='lat' dir='ltr'><strong>iam</strong></span> <span class='ocrx_word' id='word_1_25' title='bbox 397 729 565 810; x_wconf 80' lang='lat' dir='ltr'><strong>degredior</strong></span> <span class='ocrx_word' id='word_1_26' title='bbox 597 728 639 792; x_wconf 92' lang='lat' dir='ltr'><strong>ad</strong></span> <span class='ocrx_word' id='word_1_27' title='bbox 661 727 860 793; x_wconf 85' lang='lat' dir='ltr'><strong>substantiva</strong></span> <span class='ocrx_word' id='word_1_28' title='bbox 880 727 1002 810; x_wconf 89' lang='lat' dir='ltr'><strong>primae</strong></span> <span class='ocrx_word' id='word_1_29' title='bbox 1024 726 1241 792; x_wconf 77' lang='lat' dir='ltr'><strong>declinationis</strong></span> 
     </span>
     <span class='ocr_line' id='line_1_5' title="bbox 120 829 1242 916; baseline -0.004 -17"><span class='ocrx_word' id='word_1_30' title='bbox 120 853 201 916; x_wconf 89' lang='lat' dir='ltr'><strong>quae</strong></span> <span class='ocrx_word' id='word_1_31' title='bbox 235 832 276 898; x_wconf 91' lang='lat' dir='ltr'><strong>ab</strong></span> <span class='ocrx_word' id='word_1_32' title='bbox 305 832 468 897; x_wconf 79' lang='lat' dir='ltr'><strong>adiectiria</strong></span> <span class='ocrx_word' id='word_1_33' title='bbox 500 832 534 896; x_wconf 89' lang='lat' dir='ltr'><strong>in</strong></span> <span class='ocrx_word' id='word_1_34' title='bbox 561 831 605 916; x_wconf 59' lang='lat' dir='ltr'><strong>{ra</strong></span> <span class='ocrx_word' id='word_1_35' title='bbox 627 837 731 896; x_wconf 80' lang='lat' dir='ltr'><strong>orturm</strong></span> <span class='ocrx_word' id='word_1_36' title='bbox 751 830 884 911; x_wconf 84' lang='lat' dir='ltr'><strong>habeut,</strong></span> <span class='ocrx_word' id='word_1_37' title='bbox 918 849 1016 896; x_wconf 89' lang='lat' dir='ltr'><strong>unum</strong></span> <span class='ocrx_word' id='word_1_38' title='bbox 1046 846 1117 896; x_wconf 85' lang='lat' dir='ltr'><strong>cum</strong></span> <span class='ocrx_word' id='word_1_39' title='bbox 1145 829 1242 895; x_wconf 83' lang='lat' dir='ltr'><strong>verbo</strong></span> 
     </span>
     <span class='ocr_line' id='line_1_6' title="bbox 123 932 1283 1019; baseline -0.006 -16"><span class='ocrx_word' id='word_1_40' title='bbox 123 937 242 1019; x_wconf 81' lang='grc' dir='ltr'><strong><em>δέομαι</em></strong></span> <span class='ocrx_word' id='word_1_41' title='bbox 265 954 451 1014; x_wconf 84' lang='lat' dir='ltr'><strong>connexum,</strong></span> <span class='ocrx_word' id='word_1_42' title='bbox 486 936 621 1000; x_wconf 85' lang='lat' dir='ltr'><strong>alterum</strong></span> <span class='ocrx_word' id='word_1_43' title='bbox 641 952 713 1000; x_wconf 89' lang='lat' dir='ltr'><strong>cum</strong></span> <span class='ocrx_word' id='word_1_44' title='bbox 734 933 859 999; x_wconf 91' lang='lat' dir='ltr'><strong>nomine</strong></span> <span class='ocrx_word' id='word_1_45' title='bbox 886 932 925 999; x_wconf 84' lang='grc' dir='ltr'><strong>τὸ</strong></span> <span class='ocrx_word' id='word_1_46' title='bbox 949 933 1033 1012; x_wconf 78' lang='grc' dir='ltr'><strong><em>δίας.</em></strong></span> <span class='ocrx_word' id='word_1_47' title='bbox 1054 960 1059 970; x_wconf 93' lang='grc'><em>·</em></span> <span class='ocrx_word' id='word_1_48' title='bbox 1077 932 1167 997; x_wconf 85' lang='lat' dir='ltr'><strong>llliua</strong></span> <span class='ocrx_word' id='word_1_49' title='bbox 1188 949 1242 1014; x_wconf 78' lang='lat' dir='ltr'><strong>ge·</strong></span> <span class='ocrx_word' id='word_1_50' title='bbox 1280 936 1283 944; x_wconf 86' lang='lat'>&#39;</span> 
     </span>
     <span class='ocr_line' id='line_1_7' title="bbox 121 1035 1245 1118; baseline -0.004 -14"><span class='ocrx_word' id='word_1_51' title='bbox 121 1039 207 1104; x_wconf 86' lang='lat' dir='ltr'><strong>neria</strong></span> <span class='ocrx_word' id='word_1_52' title='bbox 229 1038 483 1103; x_wconf 83' lang='lat' dir='ltr'><strong>constantissima</strong></span> <span class='ocrx_word' id='word_1_53' title='bbox 509 1045 586 1103; x_wconf 84' lang='lat' dir='ltr'><strong>aunt</strong></span> <span class='ocrx_word' id='word_1_54' title='bbox 613 1036 724 1104; x_wconf 75' lang='grc' dir='ltr'><strong><em>ἔνδεια</em></strong></span> <span class='ocrx_word' id='word_1_55' title='bbox 759 1043 794 1102; x_wconf 89' lang='lat' dir='ltr'><strong>et</strong></span> <span class='ocrx_word' id='word_1_56' title='bbox 820 1036 880 1102; x_wconf 84' lang='lat' dir='ltr'><strong>lroc</strong></span> <span class='ocrx_word' id='word_1_57' title='bbox 906 1035 1151 1118; x_wconf 77' lang='lat' dir='ltr'><strong>infr-equandus,</strong></span> <span class='ocrx_word' id='word_1_58' title='bbox 1186 1035 1245 1100; x_wconf 80' lang='lat' dir='ltr'><strong>aad</strong></span> 
     </span>
     <span class='ocr_line' id='line_1_8' title="bbox 80 1136 1242 1223; baseline -0.002 -17"><span class='ocrx_word' id='word_1_59' title='bbox 80 1214 85 1222; x_wconf 52' lang='grc'><em>,</em></span> <span class='ocrx_word' id='word_1_60' title='bbox 121 1141 235 1206; x_wconf 82' lang='lat' dir='ltr'><strong>Atticis</strong></span> <span class='ocrx_word' id='word_1_61' title='bbox 257 1159 357 1221; x_wconf 84' lang='lat' dir='ltr'><strong>aeque</strong></span> <span class='ocrx_word' id='word_1_62' title='bbox 379 1140 546 1222; x_wconf 82' lang='lat' dir='ltr'><strong>probatum</strong></span> <span class='ocrx_word' id='word_1_63' title='bbox 569 1138 692 1223; x_wconf 77' lang='grc' dir='ltr'><strong><em>ἔνδεια,</em></strong></span> <span class='ocrx_word' id='word_1_64' title='bbox 714 1157 774 1206; x_wconf 90' lang='lat' dir='ltr'><strong>nec</strong></span> <span class='ocrx_word' id='word_1_65' title='bbox 796 1139 1135 1205; x_wconf 86' lang='lat' dir='ltr'><strong>minorisauotoritatia</strong></span> <span class='ocrx_word' id='word_1_66' title='bbox 1153 1136 1242 1206; x_wconf 82' lang='grc' dir='ltr'><strong><em>σιτό-</em></strong></span> 
     </span>
     <span class='ocr_line' id='line_1_9' title="bbox 123 1241 1243 1324; baseline -0.004 -14"><span class='ocrx_word' id='word_1_67' title='bbox 123 1246 197 1311; x_wconf 85' lang='grc' dir='ltr'><strong><em>δεια</em></strong></span> <span class='ocrx_word' id='word_1_68' title='bbox 225 1244 305 1323; x_wconf 82' lang='lat' dir='ltr'><strong>sive,</strong></span> <span class='ocrx_word' id='word_1_69' title='bbox 339 1249 376 1308; x_wconf 90' lang='lat' dir='ltr'><strong>ut</strong></span> <span class='ocrx_word' id='word_1_70' title='bbox 408 1248 533 1309; x_wconf 82' lang='lat' dir='ltr'><strong>veteres</strong></span> <span class='ocrx_word' id='word_1_71' title='bbox 555 1243 653 1309; x_wconf 80' lang='lat' dir='ltr'><strong>Attici</strong></span> <span class='ocrx_word' id='word_1_72' title='bbox 683 1243 847 1324; x_wconf 74' lang='lat' dir='ltr'><strong>dixerim,</strong></span> <span class='ocrx_word' id='word_1_73' title='bbox 880 1242 1030 1311; x_wconf 79' lang='grc' dir='ltr'><strong><em>σιτοδεία</em></strong></span> <span class='ocrx_word' id='word_1_74' title='bbox 1062 1249 1097 1308; x_wconf 91' lang='lat' dir='ltr'><strong>et</strong></span> <span class='ocrx_word' id='word_1_75' title='bbox 1128 1241 1243 1323; x_wconf 89' lang='lat' dir='ltr'><strong>triplici</strong></span> 
     </span>
     <span class='ocr_line' id='line_1_10' title="bbox 121 1341 1243 1432; baseline -0.003 -21"><span class='ocrx_word' id='word_1_76' title='bbox 121 1347 294 1412; x_wconf 77' lang='lat' dir='ltr'><strong>variadone</strong></span> <span class='ocrx_word' id='word_1_77' title='bbox 317 1341 503 1432; x_wconf 75' lang='grc' dir='ltr'><strong><em>ὀλιγόδεια,</em></strong></span> <span class='ocrx_word' id='word_1_78' title='bbox 539 1341 723 1431; x_wconf 71' lang='grc' dir='ltr'><strong><em>ὀλιγοδεία,</em></strong></span> <span class='ocrx_word' id='word_1_79' title='bbox 758 1343 942 1432; x_wconf 76' lang='grc' dir='ltr'><strong><em>ὀλιγοδεία,</em></strong></span> <span class='ocrx_word' id='word_1_80' title='bbox 975 1347 1008 1411; x_wconf 94' lang='lat' dir='ltr'><strong>in</strong></span> <span class='ocrx_word' id='word_1_81' title='bbox 1038 1364 1101 1428; x_wconf 86' lang='lat' dir='ltr'><strong>quo</strong></span> <span class='ocrx_word' id='word_1_82' title='bbox 1123 1344 1243 1426; x_wconf 85' lang='lat' dir='ltr'><strong>epailon</strong></span> 
     </span>
     <span class='ocr_line' id='line_1_11' title="bbox 121 1448 1243 1534; baseline -0.003 -19"><span class='ocrx_word' id='word_1_83' title='bbox 121 1449 210 1516; x_wconf 81' lang='lat' dir='ltr'><strong>vorbi</strong></span> <span class='ocrx_word' id='word_1_84' title='bbox 230 1450 436 1515; x_wconf 89' lang='lat' dir='ltr'><strong>thematicum</strong></span> <span class='ocrx_word' id='word_1_85' title='bbox 457 1449 590 1515; x_wconf 84' lang='lat' dir='ltr'><strong>firmiter</strong></span> <span class='ocrx_word' id='word_1_86' title='bbox 612 1449 725 1534; x_wconf 80' lang='lat' dir='ltr'><strong>haesit,</strong></span> <span class='ocrx_word' id='word_1_87' title='bbox 747 1451 779 1515; x_wconf 91' lang='lat' dir='ltr'><strong>in</strong></span> <span class='ocrx_word' id='word_1_88' title='bbox 792 1451 905 1515; x_wconf 84' lang='lat' dir='ltr'><strong>celeria</strong></span> <span class='ocrx_word' id='word_1_89' title='bbox 917 1449 1065 1515; x_wconf 87' lang='lat' dir='ltr'><strong>confluxit</strong></span> <span class='ocrx_word' id='word_1_90' title='bbox 1087 1448 1243 1526; x_wconf 71' lang='lat' dir='ltr'><strong>corniola</strong></span> 
     </span>
     <span class='ocr_line' id='line_1_12' title="bbox 121 1544 1246 1635; baseline -0.003 -16"><span class='ocrx_word' id='word_1_91' title='bbox 121 1553 204 1635; x_wconf 89' lang='lat' dir='ltr'><strong>quod</strong></span> <span class='ocrx_word' id='word_1_92' title='bbox 227 1553 270 1617; x_wconf 87' lang='lat' dir='ltr'><strong>ad</strong></span> <span class='ocrx_word' id='word_1_93' title='bbox 285 1553 538 1619; x_wconf 87' lang='lat' dir='ltr'><strong>terminationem</strong></span> <span class='ocrx_word' id='word_1_94' title='bbox 560 1554 706 1635; x_wconf 87' lang='lat' dir='ltr'><strong>pertinet</strong></span> <span class='ocrx_word' id='word_1_95' title='bbox 735 1553 763 1617; x_wconf 78' lang='lat' dir='ltr'><strong>A</strong></span> <span class='ocrx_word' id='word_1_96' title='bbox 780 1555 905 1618; x_wconf 91' lang='lat' dir='ltr'><strong>nomine</strong></span> <span class='ocrx_word' id='word_1_97' title='bbox 922 1571 997 1619; x_wconf 85' lang='lat' dir='ltr'><strong>vero</strong></span> <span class='ocrx_word' id='word_1_98' title='bbox 1009 1553 1130 1617; x_wconf 84' lang='lat' dir='ltr'><strong>exstitit</strong></span> <span class='ocrx_word' id='word_1_99' title='bbox 1146 1544 1246 1618; x_wconf 77' lang='grc' dir='ltr'><strong><em>ι’ίδεια</em></strong></span> 
     </span>
    </p>
   </div>
   <div class='ocr_carea' id='block_1_3' title="bbox 120 1653 1244 2251">
    <p class='ocr_par' dir='ltr' id='par_1_4' title="bbox 120 1653 1244 1949">
     <span class='ocr_line' id='line_1_13' title="bbox 121 1653 1242 1738; baseline -0.004 -17"><span class='ocrx_word' id='word_1_100' title='bbox 121 1656 213 1737; x_wconf 79' lang='lat' dir='ltr'><strong>longe</strong></span> <span class='ocrx_word' id='word_1_101' title='bbox 235 1656 519 1723; x_wconf 78' lang='lat' dir='ltr'><strong>celebratissimum</strong></span> <span class='ocrx_word' id='word_1_102' title='bbox 540 1660 573 1720; x_wconf 90' lang='lat' dir='ltr'><strong>et</strong></span> <span class='ocrx_word' id='word_1_103' title='bbox 588 1656 671 1737; x_wconf 91' lang='lat' dir='ltr'><strong>quod</strong></span> <span class='ocrx_word' id='word_1_104' title='bbox 693 1674 731 1721; x_wconf 86' lang='lat' dir='ltr'><strong>ex</strong></span> <span class='ocrx_word' id='word_1_105' title='bbox 743 1674 805 1721; x_wconf 94' lang='lat' dir='ltr'><strong>uno</strong></span> <span class='ocrx_word' id='word_1_106' title='bbox 818 1655 917 1721; x_wconf 85' lang='lat' dir='ltr'><strong>Suida</strong></span> <span class='ocrx_word' id='word_1_107' title='bbox 927 1654 1051 1721; x_wconf 89' lang='lat' dir='ltr'><strong>enotuit</strong></span> <span class='ocrx_word' id='word_1_108' title='bbox 1061 1653 1242 1738; x_wconf 84' lang='grc' dir='ltr'><strong><em>περιδέεια.</em></strong></span> 
     </span>
     <span class='ocr_line' id='line_1_14' title="bbox 120 1754 1244 1846; baseline -0.004 -21"><span class='ocrx_word' id='word_1_109' title='bbox 120 1754 253 1846; x_wconf 74' lang='grc' dir='ltr'><strong><em>Ἀιιλείρ</em></strong></span> <span class='ocrx_word' id='word_1_110' title='bbox 275 1765 509 1840; x_wconf 86' lang='lat' dir='ltr'><strong>pentametrum</strong></span> <span class='ocrx_word' id='word_1_111' title='bbox 531 1760 650 1824; x_wconf 87' lang='lat' dir='ltr'><strong>claudit</strong></span> <span class='ocrx_word' id='word_1_112' title='bbox 671 1760 704 1824; x_wconf 93' lang='lat' dir='ltr'><strong>in</strong></span> <span class='ocrx_word' id='word_1_113' title='bbox 725 1759 886 1824; x_wconf 84' lang='lat' dir='ltr'><strong>Leonidae</strong></span> <span class='ocrx_word' id='word_1_114' title='bbox 907 1757 1015 1839; x_wconf 82' lang='lat' dir='ltr'><strong>Epigr.</strong></span> <span class='ocrx_word' id='word_1_115' title='bbox 1038 1756 1132 1822; x_wconf 89' lang='lat' dir='ltr'><strong>Anth.</strong></span> <span class='ocrx_word' id='word_1_116' title='bbox 1144 1755 1244 1822; x_wconf 81' lang='lat' dir='ltr'>1x80</span> 
     </span>
     <span class='ocr_line' id='line_1_15' title="bbox 123 1847 1130 1949; baseline -0.002 -22"><span class='ocrx_word' id='word_1_117' title='bbox 123 1871 155 1927; x_wconf 87' lang='lat' dir='ltr'><strong>et</strong></span> <span class='ocrx_word' id='word_1_118' title='bbox 177 1857 328 1949; x_wconf 76' lang='grc' dir='ltr'><strong><em>είιιιλεΐην</em></strong></span> <span class='ocrx_word' id='word_1_119' title='bbox 351 1863 507 1949; x_wconf 78' lang='grc' dir='ltr'><strong><em>παρέχεις</em></strong></span> <span class='ocrx_word' id='word_1_120' title='bbox 527 1847 669 1944; x_wconf 75' lang='lat' dir='ltr'><strong>prend.</strong></span> <span class='ocrx_word' id='word_1_121' title='bbox 692 1881 722 1926; x_wconf 88' lang='lat' dir='ltr'><strong>n.</strong></span> <span class='ocrx_word' id='word_1_122' title='bbox 745 1862 817 1927; x_wconf 82' lang='grc'>215.</span> <span class='ocrx_word' id='word_1_123' title='bbox 842 1861 923 1946; x_wconf 83' lang='lat' dir='ltr'><strong>[Vol.</strong></span> <span class='ocrx_word' id='word_1_124' title='bbox 945 1860 962 1925; x_wconf 93' lang='lat' dir='ltr'>I</span> <span class='ocrx_word' id='word_1_125' title='bbox 984 1849 1048 1926; x_wconf 61' lang='grc'><strong>242</strong></span> <span class='ocrx_word' id='word_1_126' title='bbox 1070 1860 1130 1945; x_wconf 68' lang='grc' dir='ltr'><strong>εδ]</strong></span> 
     </span>
    </p>

    <p class='ocr_par' dir='ltr' id='par_1_5' title="bbox 122 1962 1244 2251">
     <span class='ocr_line' id='line_1_16' title="bbox 209 1962 1243 2046; baseline -0.005 -15"><span class='ocrx_word' id='word_1_127' title='bbox 209 1966 246 2031; x_wconf 94' lang='lat' dir='ltr'><strong>ln</strong></span> <span class='ocrx_word' id='word_1_128' title='bbox 267 1964 351 2032; x_wconf 84' lang='lat' dir='ltr'><strong>flexu</strong></span> <span class='ocrx_word' id='word_1_129' title='bbox 373 1965 595 2031; x_wconf 85' lang='lat' dir='ltr'><strong>vocabulorum</strong></span> <span class='ocrx_word' id='word_1_130' title='bbox 630 1965 712 2029; x_wconf 85' lang='lat' dir='ltr'><strong>duae</strong></span> <span class='ocrx_word' id='word_1_131' title='bbox 744 1980 827 2046; x_wconf 86' lang='lat' dir='ltr'><strong>quae</strong></span> <span class='ocrx_word' id='word_1_132' title='bbox 853 1964 905 2029; x_wconf 87' lang='lat' dir='ltr'><strong>hic</strong></span> <span class='ocrx_word' id='word_1_133' title='bbox 931 1968 1111 2029; x_wconf 82' lang='lat' dir='ltr'><strong>tractantur</strong></span> <span class='ocrx_word' id='word_1_134' title='bbox 1132 1962 1243 2026; x_wconf 87' lang='lat' dir='ltr'><strong>literae</strong></span> 
     </span>
     <span class='ocr_line' id='line_1_17' title="bbox 122 2053 1244 2150; baseline -0.004 -17"><span class='ocrx_word' id='word_1_135' title='bbox 122 2087 184 2134; x_wconf 93' lang='lat' dir='ltr'><strong>non</strong></span> <span class='ocrx_word' id='word_1_136' title='bbox 217 2074 407 2135; x_wconf 89' lang='lat' dir='ltr'><strong>concurrunt</strong></span> <span class='ocrx_word' id='word_1_137' title='bbox 436 2073 565 2150; x_wconf 87' lang='lat' dir='ltr'><strong>praeter</strong></span> <span class='ocrx_word' id='word_1_138' title='bbox 598 2068 721 2133; x_wconf 83' lang='lat' dir='ltr'><strong>dativus</strong></span> <span class='ocrx_word' id='word_1_139' title='bbox 753 2069 868 2132; x_wconf 85' lang='lat' dir='ltr'><strong>tertiae</strong></span> <span class='ocrx_word' id='word_1_140' title='bbox 901 2053 1127 2132; x_wconf 76' lang='lat' dir='ltr'><strong>declinationis.</strong></span> <span class='ocrx_word' id='word_1_141' title='bbox 1175 2064 1244 2129; x_wconf 84' lang='lat' dir='ltr'><strong>Hos</strong></span> 
     </span>
     <span class='ocr_line' id='line_1_18' title="bbox 123 2166 1244 2251; baseline -0.006 -12"><span class='ocrx_word' id='word_1_142' title='bbox 123 2172 295 2239; x_wconf 84' lang='lat' dir='ltr'><strong>Homerum</strong></span> <span class='ocrx_word' id='word_1_143' title='bbox 317 2170 485 2251; x_wconf 88' lang='lat' dir='ltr'><strong>dupliciter</strong></span> <span class='ocrx_word' id='word_1_144' title='bbox 505 2171 677 2235; x_wconf 87' lang='lat' dir='ltr'><strong>terminare</strong></span> <span class='ocrx_word' id='word_1_145' title='bbox 698 2170 792 2235; x_wconf 86' lang='lat' dir='ltr'><strong>docet</strong></span> <span class='ocrx_word' id='word_1_146' title='bbox 806 2170 940 2251; x_wconf 87' lang='lat' dir='ltr'><strong>Epiml</strong></span> <span class='ocrx_word' id='word_1_147' title='bbox 961 2171 1012 2248; x_wconf 54' lang='lat'><strong>22</strong></span> <span class='ocrx_word' id='word_1_148' title='bbox 1034 2168 1106 2234; x_wconf 87' lang='lat' dir='ltr'><strong>EM.</strong></span> <span class='ocrx_word' id='word_1_149' title='bbox 1121 2166 1190 2235; x_wconf 78' lang='lat'><strong>136.</strong></span> <span class='ocrx_word' id='word_1_150' title='bbox 1204 2166 1244 2235; x_wconf 84' lang='lat'><strong>12</strong></span> 
     </span>
    </p>
   </div>
   <div class='ocr_carea' id='block_1_4' title="bbox 124 2263 1241 2366">
    <p class='ocr_par' dir='ltr' id='par_1_6' title="bbox 124 2263 1241 2366">
     <span class='ocr_line' id='line_1_19' title="bbox 124 2263 1241 2366; baseline -0.004 -26"><span class='ocrx_word' id='word_1_151' title='bbox 124 2263 223 2340; x_wconf 79' lang='grc' dir='ltr'><strong><em>οὗτοι</em></strong></span> <span class='ocrx_word' id='word_1_152' title='bbox 250 2271 284 2341; x_wconf 76' lang='lat' dir='ltr'><strong>ai</strong></span> <span class='ocrx_word' id='word_1_153' title='bbox 306 2273 435 2340; x_wconf 81' lang='grc' dir='ltr'><strong><em>δοτικσί</em></strong></span> <span class='ocrx_word' id='word_1_154' title='bbox 463 2268 521 2341; x_wconf 78' lang='grc' dir='ltr'><strong><em>ἐιίν</em></strong></span> <span class='ocrx_word' id='word_1_155' title='bbox 552 2272 613 2366; x_wconf 83' lang='grc' dir='ltr'><strong>μὲν</strong></span> <span class='ocrx_word' id='word_1_156' title='bbox 641 2271 757 2353; x_wconf 82' lang='grc' dir='ltr'><strong><em>ἔχωσιν</em></strong></span> <span class='ocrx_word' id='word_1_157' title='bbox 786 2266 1031 2357; x_wconf 76' lang='grc' dir='ltr'><strong><em>ἐπιφερόμενον</em></strong></span> <span class='ocrx_word' id='word_1_158' title='bbox 1052 2268 1241 2359; x_wconf 78' lang='grc' dir='ltr'><strong><em>σύμφωνον,</em></strong></span> 
     </span>
    </p>
   </div>
   <div class='ocr_carea' id='block_1_5' title="bbox 115 2370 1303 4409">
    <p class='ocr_par' dir='ltr' id='par_1_7' title="bbox 115 2370 1303 4409">
     <span class='ocr_line' id='line_1_20' title="bbox 124 2370 1241 2463; baseline -0.004 -21"><span class='ocrx_word' id='word_1_159' title='bbox 124 2380 330 2463; x_wconf 75' lang='grc' dir='ltr'><strong><em>διαιροῦνται</em></strong></span> <span class='ocrx_word' id='word_1_160' title='bbox 353 2372 560 2463; x_wconf 79' lang='grc' dir='ltr'><strong><em>Διομήδεϊ</em></strong></span> <span class='ocrx_word' id='word_1_161' title='bbox 579 2370 747 2453; x_wconf 75' lang='grc' dir='ltr'><strong><em>Πάλλας</em></strong></span> <span class='ocrx_word' id='word_1_162' title='bbox 774 2373 824 2458; x_wconf 88' lang='lat' dir='ltr'><strong>(Il.</strong></span> <span class='ocrx_word' id='word_1_163' title='bbox 847 2373 875 2437; x_wconf 89' lang='lat' dir='ltr'>V</span> <span class='ocrx_word' id='word_1_164' title='bbox 897 2373 941 2455; x_wconf 86' lang='lat'><strong>1),</strong></span> <span class='ocrx_word' id='word_1_165' title='bbox 975 2370 1006 2440; x_wconf 75' lang='grc' dir='ltr'><strong><em>εἰ</em></strong></span> <span class='ocrx_word' id='word_1_166' title='bbox 1034 2373 1071 2442; x_wconf 78' lang='lat' dir='ltr'><strong>dd</strong></span> <span class='ocrx_word' id='word_1_167' title='bbox 1101 2377 1241 2460; x_wconf 82' lang='grc' dir='ltr'><strong><em>φωνῆεν,</em></strong></span> 
     </span>
     <span class='ocr_line' id='line_1_21' title="bbox 124 2471 1244 2566; baseline -0.002 -24"><span class='ocrx_word' id='word_1_168' title='bbox 124 2473 164 2544; x_wconf 78' lang='grc' dir='ltr'><strong>οὐ</strong></span> <span class='ocrx_word' id='word_1_169' title='bbox 176 2480 381 2560; x_wconf 81' lang='grc' dir='ltr'><strong><em>διαιροῦνται</em></strong></span> <span class='ocrx_word' id='word_1_170' title='bbox 403 2482 464 2566; x_wconf 62' lang='lat' dir='ltr'><strong>ro</strong></span> <span class='ocrx_word' id='word_1_171' title='bbox 487 2474 633 2563; x_wconf 76' lang='grc' dir='ltr'><strong><em>θάρσει</em></strong></span> <span class='ocrx_word' id='word_1_172' title='bbox 658 2471 710 2542; x_wconf 76' lang='grc' dir='ltr'><strong>ὅτ’</strong></span> <span class='ocrx_word' id='word_1_173' title='bbox 735 2473 834 2560; x_wconf 73' lang='grc' dir='ltr'><strong><em>ἐμόν</em></strong></span> <span class='ocrx_word' id='word_1_174' title='bbox 856 2471 1244 2564; x_wconf 74' lang='grc' dir='ltr'><strong><em>(Ἧ126),ίι“νμὴιιωλίιῃ</em></strong></span> 
     </span>
     <span class='ocr_line' id='line_1_22' title="bbox 122 2568 1244 2668; baseline -0.004 -20"><span class='ocrx_word' id='word_1_175' title='bbox 122 2581 161 2649; x_wconf 84' lang='grc' dir='ltr'><strong>τὸ</strong></span> <span class='ocrx_word' id='word_1_176' title='bbox 183 2580 304 2665; x_wconf 77' lang='grc' dir='ltr'><strong>μέτρον</strong></span> <span class='ocrx_word' id='word_1_177' title='bbox 326 2576 372 2659; x_wconf 84' lang='grc' dir='ltr'><strong>ὡς</strong></span> <span class='ocrx_word' id='word_1_178' title='bbox 391 2582 430 2647; x_wconf 84' lang='grc' dir='ltr'><strong>τὸ</strong></span> <span class='ocrx_word' id='word_1_179' title='bbox 456 2580 719 2668; x_wconf 78' lang='grc' dir='ltr'><strong><em>Χαριζομένη</em></strong></span> <span class='ocrx_word' id='word_1_180' title='bbox 744 2568 915 2665; x_wconf 82' lang='grc' dir='ltr'><strong><em>πόσεϊῷ</em></strong></span> <span class='ocrx_word' id='word_1_181' title='bbox 938 2579 980 2662; x_wconf 89' lang='lat' dir='ltr'><strong>(V</strong></span> <span class='ocrx_word' id='word_1_182' title='bbox 1004 2578 1069 2660; x_wconf 74' lang='lat'><strong>71).</strong></span> <span class='ocrx_word' id='word_1_183' title='bbox 1100 2577 1184 2643; x_wconf 85' lang='grc' dir='ltr'><strong><em>Τινὰ</em></strong></span> <span class='ocrx_word' id='word_1_184' title='bbox 1207 2579 1244 2644; x_wconf 82' lang='grc' dir='ltr'><strong>δέ</strong></span> 
     </span>
     <span class='ocr_line' id='line_1_23' title="bbox 123 2676 1252 2771; baseline -0.001 -25"><span class='ocrx_word' id='word_1_185' title='bbox 123 2682 178 2749; x_wconf 85' lang='grc' dir='ltr'><strong><em>καί</em></strong></span> <span class='ocrx_word' id='word_1_186' title='bbox 188 2683 289 2770; x_wconf 84' lang='grc' dir='ltr'><strong><em>χωρίς</em></strong></span> <span class='ocrx_word' id='word_1_187' title='bbox 299 2683 423 2771; x_wconf 83' lang='grc' dir='ltr'><strong><em>μέτρον</em></strong></span> <span class='ocrx_word' id='word_1_188' title='bbox 440 2680 670 2770; x_wconf 77' lang='grc' dir='ltr'><strong><em>πορήίλαιιται</em></strong></span> <span class='ocrx_word' id='word_1_189' title='bbox 693 2676 766 2750; x_wconf 82' lang='grc' dir='ltr'><strong><em>οἷον</em></strong></span> <span class='ocrx_word' id='word_1_190' title='bbox 783 2676 896 2749; x_wconf 68' lang='lat' dir='ltr'><strong>‘Heli&#39;</strong></span> <span class='ocrx_word' id='word_1_191' title='bbox 916 2677 1015 2768; x_wconf 73' lang='grc' dir='ltr'><strong><em>οἴνῳ</em></strong></span> <span class='ocrx_word' id='word_1_192' title='bbox 1031 2678 1252 2763; x_wconf 80' lang='lat' dir='ltr'>(de519).·</span> 
     </span>
     <span class='ocr_line' id='line_1_24' title="bbox 123 2779 1244 2868; baseline 0 -20"><span class='ocrx_word' id='word_1_193' title='bbox 123 2784 320 2851; x_wconf 86' lang='lat' dir='ltr'><strong>Vocabulum</strong></span> <span class='ocrx_word' id='word_1_194' title='bbox 341 2787 447 2853; x_wconf 72' lang='lat' dir='ltr'><strong>dativo</strong></span> <span class='ocrx_word' id='word_1_195' title='bbox 470 2779 670 2853; x_wconf 74' lang='lat' dir='ltr'><strong>subiunctum</strong></span> <span class='ocrx_word' id='word_1_196' title='bbox 692 2792 799 2851; x_wconf 77' lang='lat' dir='ltr'><strong>utrumn</strong></span> <span class='ocrx_word' id='word_1_197' title='bbox 821 2786 1138 2868; x_wconf 77' lang='lat' dir='ltr'><strong>commaculatur,</strong></span> <span class='ocrx_word' id='word_1_198' title='bbox 1162 2804 1202 2849; x_wconf 90' lang='lat' dir='ltr'><strong>an</strong></span> <span class='ocrx_word' id='word_1_199' title='bbox 1224 2803 1244 2848; x_wconf 90' lang='lat' dir='ltr'><strong>a</strong></span> 
     </span>
     <span class='ocr_line' id='line_1_25' title="bbox 125 2887 1243 2971; baseline 0.002 -20"><span class='ocrx_word' id='word_1_200' title='bbox 125 2888 238 2967; x_wconf 86' lang='lat' dir='ltr'><strong>vocali,</strong></span> <span class='ocrx_word' id='word_1_201' title='bbox 271 2907 495 2971; x_wconf 90' lang='lat' dir='ltr'><strong>nonnunquam</strong></span> <span class='ocrx_word' id='word_1_202' title='bbox 525 2889 603 2954; x_wconf 92' lang='lat' dir='ltr'><strong>nihil</strong></span> <span class='ocrx_word' id='word_1_203' title='bbox 630 2888 750 2954; x_wconf 82' lang='lat' dir='ltr'><strong>referre</strong></span> <span class='ocrx_word' id='word_1_204' title='bbox 783 2906 856 2952; x_wconf 85' lang='lat' dir='ltr'><strong>mor</strong></span> <span class='ocrx_word' id='word_1_205' title='bbox 878 2887 1088 2953; x_wconf 81' lang='lat' dir='ltr'><strong>ostendemua</strong></span> <span class='ocrx_word' id='word_1_206' title='bbox 1132 2887 1243 2969; x_wconf 89' lang='lat' dir='ltr'><strong>Neque</strong></span> 
     </span>
     <span class='ocr_line' id='line_1_26' title="bbox 124 2987 1244 3075; baseline 0.001 -21"><span class='ocrx_word' id='word_1_207' title='bbox 124 3007 163 3054; x_wconf 89' lang='lat' dir='ltr'><strong>ea</strong></span> <span class='ocrx_word' id='word_1_208' title='bbox 184 2995 260 3055; x_wconf 85' lang='lat' dir='ltr'><strong>nota</strong></span> <span class='ocrx_word' id='word_1_209' title='bbox 281 2990 481 3057; x_wconf 89' lang='lat' dir='ltr'><strong>Herodianus</strong></span> <span class='ocrx_word' id='word_1_210' title='bbox 503 2993 605 3057; x_wconf 88' lang='lat' dir='ltr'><strong>utitur</strong></span> <span class='ocrx_word' id='word_1_211' title='bbox 632 3010 668 3056; x_wconf 93' lang='lat' dir='ltr'><strong>eo</strong></span> <span class='ocrx_word' id='word_1_212' title='bbox 691 2992 758 3055; x_wconf 93' lang='lat' dir='ltr'><strong>loco</strong></span> <span class='ocrx_word' id='word_1_213' title='bbox 786 3008 848 3070; x_wconf 87' lang='lat' dir='ltr'><strong>quo</strong></span> <span class='ocrx_word' id='word_1_214' title='bbox 876 2989 915 3054; x_wconf 91' lang='lat' dir='ltr'><strong>de</strong></span> <span class='ocrx_word' id='word_1_215' title='bbox 938 2987 1048 3072; x_wconf 75' lang='grc' dir='ltr'><strong><em>ἔγχεϊ</em></strong></span> <span class='ocrx_word' id='word_1_216' title='bbox 1065 2988 1244 3075; x_wconf 77' lang='grc' dir='ltr'><strong><em>χαλκείῳ</em></strong></span> 
     </span>
     <span class='ocr_line' id='line_1_27' title="bbox 124 3089 1244 3174; baseline -0.001 -18"><span class='ocrx_word' id='word_1_217' title='bbox 124 3093 161 3157; x_wconf 89' lang='lat'><strong>11.</strong></span> <span class='ocrx_word' id='word_1_218' title='bbox 183 3093 211 3158; x_wconf 92' lang='lat' dir='ltr'>V</span> <span class='ocrx_word' id='word_1_219' title='bbox 233 3091 297 3158; x_wconf 86' lang='grc'><strong>856</strong></span> <span class='ocrx_word' id='word_1_220' title='bbox 324 3095 467 3173; x_wconf 84' lang='lat' dir='ltr'><strong>disserit,</strong></span> <span class='ocrx_word' id='word_1_221' title='bbox 500 3094 558 3159; x_wconf 86' lang='lat' dir='ltr'><strong>sed</strong></span> <span class='ocrx_word' id='word_1_222' title='bbox 590 3110 718 3159; x_wconf 87' lang='lat' dir='ltr'><strong>causam</strong></span> <span class='ocrx_word' id='word_1_223' title='bbox 745 3091 889 3156; x_wconf 86' lang='lat' dir='ltr'><strong>diversae</strong></span> <span class='ocrx_word' id='word_1_224' title='bbox 916 3089 1036 3172; x_wconf 85' lang='lat' dir='ltr'><strong>figurae</strong></span> <span class='ocrx_word' id='word_1_225' title='bbox 1064 3091 1179 3174; x_wconf 78' lang='lat' dir='ltr'><strong>partim</strong></span> <span class='ocrx_word' id='word_1_226' title='bbox 1212 3093 1244 3155; x_wconf 93' lang='lat' dir='ltr'><strong>in</strong></span> 
     </span>
     <span class='ocr_line' id='line_1_28' title="bbox 122 3193 1243 3279; baseline -0.002 -18"><span class='ocrx_word' id='word_1_227' title='bbox 122 3200 239 3275; x_wconf 77' lang='lat' dir='ltr'><strong>metro,</strong></span> <span class='ocrx_word' id='word_1_228' title='bbox 272 3198 389 3279; x_wconf 88' lang='lat' dir='ltr'><strong>partim</strong></span> <span class='ocrx_word' id='word_1_229' title='bbox 421 3197 455 3261; x_wconf 93' lang='lat' dir='ltr'><strong>in</strong></span> <span class='ocrx_word' id='word_1_230' title='bbox 481 3197 694 3263; x_wconf 86' lang='lat' dir='ltr'><strong>modulatione</strong></span> <span class='ocrx_word' id='word_1_231' title='bbox 714 3211 917 3259; x_wconf 88' lang='lat' dir='ltr'><strong>numerorum</strong></span> <span class='ocrx_word' id='word_1_232' title='bbox 939 3193 1081 3274; x_wconf 80' lang='lat' dir='ltr'><strong>pouitum¹</strong></span> <span class='ocrx_word' id='word_1_233' title='bbox 1103 3211 1174 3258; x_wconf 87' lang='lat' dir='ltr'><strong>esae</strong></span> <span class='ocrx_word' id='word_1_234' title='bbox 1196 3194 1243 3259; x_wconf 92' lang='lat' dir='ltr'><strong>in-</strong></span> 
     </span>
     <span class='ocr_line' id='line_1_29' title="bbox 123 3291 1244 3399; baseline 0 -37"><span class='ocrx_word' id='word_1_235' title='bbox 123 3299 222 3363; x_wconf 82' lang='lat' dir='ltr'><strong>dicat:</strong></span> <span class='ocrx_word' id='word_1_236' title='bbox 245 3295 374 3386; x_wconf 73' lang='grc' dir='ltr'><strong><em>εἴρηται</em></strong></span> <span class='ocrx_word' id='word_1_237' title='bbox 396 3298 476 3386; x_wconf 80' lang='grc' dir='ltr'><strong><em>περὶ</em></strong></span> <span class='ocrx_word' id='word_1_238' title='bbox 498 3302 562 3399; x_wconf 62' lang='lat' dir='ltr'><strong>cdo</strong></span> <span class='ocrx_word' id='word_1_239' title='bbox 584 3301 744 3365; x_wconf 79' lang='grc' dir='ltr'><strong><em>τοιούτων</em></strong></span> <span class='ocrx_word' id='word_1_240' title='bbox 761 3299 903 3364; x_wconf 80' lang='grc' dir='ltr'><strong><em>δοτικιῦν</em></strong></span> <span class='ocrx_word' id='word_1_241' title='bbox 914 3296 998 3364; x_wconf 80' lang='grc' dir='ltr'><strong><em>ποτὲ</em></strong></span> <span class='ocrx_word' id='word_1_242' title='bbox 1010 3297 1094 3362; x_wconf 85' lang='grc' dir='ltr'><strong><em>κατὰ</em></strong></span> <span class='ocrx_word' id='word_1_243' title='bbox 1108 3291 1244 3362; x_wconf 71' lang='grc' dir='ltr'><strong><em>διοίσετε·</em></strong></span> 
     </span>
     <span class='ocr_line' id='line_1_30' title="bbox 121 3395 1244 3489; baseline -0.004 -20"><span class='ocrx_word' id='word_1_244' title='bbox 121 3425 175 3469; x_wconf 89' lang='grc' dir='ltr'><strong>σιν</strong></span> <span class='ocrx_word' id='word_1_245' title='bbox 197 3396 242 3479; x_wconf 82' lang='grc' dir='ltr'><strong>ὡς</strong></span> <span class='ocrx_word' id='word_1_246' title='bbox 264 3405 335 3480; x_wconf 77' lang='grc' dir='ltr'><strong><em>νῦν,</em></strong></span> <span class='ocrx_word' id='word_1_247' title='bbox 365 3401 423 3468; x_wconf 82' lang='grc' dir='ltr'><strong>καὶ</strong></span> <span class='ocrx_word' id='word_1_248' title='bbox 445 3401 525 3469; x_wconf 80' lang='grc' dir='ltr'><strong><em>ποτέ</em></strong></span> <span class='ocrx_word' id='word_1_249' title='bbox 547 3401 632 3469; x_wconf 80' lang='grc' dir='ltr'><strong><em>κατὰ</em></strong></span> <span class='ocrx_word' id='word_1_250' title='bbox 656 3396 877 3489; x_wconf 74' lang='grc' dir='ltr'><strong>συναλοιφὴν,</strong></span> <span class='ocrx_word' id='word_1_251' title='bbox 904 3399 959 3464; x_wconf 85' lang='grc' dir='ltr'><strong><em>καί</em></strong></span> <span class='ocrx_word' id='word_1_252' title='bbox 987 3395 1040 3466; x_wconf 75' lang='grc' dir='ltr'><strong><em>ὅτι</em></strong></span> <span class='ocrx_word' id='word_1_253' title='bbox 1062 3398 1100 3465; x_wconf 80' lang='grc' dir='ltr'><strong>τὸ</strong></span> <span class='ocrx_word' id='word_1_254' title='bbox 1122 3399 1244 3485; x_wconf 81' lang='grc' dir='ltr'><strong><em>μέτρον</em></strong></span> 
     </span>
     <span class='ocr_line' id='line_1_31' title="bbox 115 3500 1242 3590; baseline 0 -21"><span class='ocrx_word' id='word_1_255' title='bbox 115 3500 284 3582; x_wconf 73' lang='grc' dir='ltr'><strong><em>’πολλάκις</em></strong></span> <span class='ocrx_word' id='word_1_256' title='bbox 313 3501 422 3571; x_wconf 75' lang='grc' dir='ltr'><strong><em>αἴτιον</em></strong></span> <span class='ocrx_word' id='word_1_257' title='bbox 450 3506 505 3572; x_wconf 84' lang='grc' dir='ltr'><strong><em>καί</em></strong></span> <span class='ocrx_word' id='word_1_258' title='bbox 532 3505 574 3571; x_wconf 83' lang='grc' dir='ltr'><strong>τὰ</strong></span> <span class='ocrx_word' id='word_1_259' title='bbox 602 3502 829 3587; x_wconf 80' lang='grc' dir='ltr'><strong><em>ἀντικείμενα,</em></strong></span> <span class='ocrx_word' id='word_1_260' title='bbox 864 3500 1009 3588; x_wconf 79' lang='grc' dir='ltr'><strong><em>καίτοιγε</em></strong></span> <span class='ocrx_word' id='word_1_261' title='bbox 1037 3505 1097 3568; x_wconf 84' lang='grc' dir='ltr'><strong>τοῦ</strong></span> <span class='ocrx_word' id='word_1_262' title='bbox 1117 3501 1242 3590; x_wconf 78' lang='grc' dir='ltr'><strong><em>μέτρου</em></strong></span> 
     </span>
     <span class='ocr_line' id='line_1_32' title="bbox 121 3599 1246 3696; baseline -0.002 -23"><span class='ocrx_word' id='word_1_263' title='bbox 121 3605 167 3696; x_wconf 78' lang='grc' dir='ltr'><strong>μὴ</strong></span> <span class='ocrx_word' id='word_1_264' title='bbox 207 3605 447 3688; x_wconf 77' lang='grc' dir='ltr'><strong><em>ἐμποδίζοντος</em></strong></span> <span class='ocrx_word' id='word_1_265' title='bbox 475 3602 531 3687; x_wconf 55' lang='grc' dir='ltr'><strong>,ὡς</strong></span> <span class='ocrx_word' id='word_1_266' title='bbox 567 3607 606 3674; x_wconf 85' lang='grc' dir='ltr'><strong>τὸ</strong></span> <span class='ocrx_word' id='word_1_267' title='bbox 646 3603 808 3693; x_wconf 68' lang='grc' dir='ltr'><strong><em>Πλήθει</em></strong></span> <span class='ocrx_word' id='word_1_268' title='bbox 847 3602 1009 3691; x_wconf 81' lang='grc' dir='ltr'><strong><em>πρόσθε</em></strong></span> <span class='ocrx_word' id='word_1_269' title='bbox 1046 3599 1246 3688; x_wconf 81' lang='grc' dir='ltr'><strong><em>βαλόντες</em></strong></span> 
     </span>
     <span class='ocr_line' id='line_1_33' title="bbox 122 3706 1244 3793; baseline -0.003 -17"><span class='ocrx_word' id='word_1_270' title='bbox 122 3709 248 3793; x_wconf 79' lang='lat' dir='ltr'>(XXIII</span> <span class='ocrx_word' id='word_1_271' title='bbox 270 3708 356 3792; x_wconf 79' lang='lat'><strong>639).</strong></span> <span class='ocrx_word' id='word_1_272' title='bbox 399 3709 538 3777; x_wconf 84' lang='lat' dir='ltr'><strong>Metrum</strong></span> <span class='ocrx_word' id='word_1_273' title='bbox 566 3709 641 3776; x_wconf 85' lang='lat' dir='ltr'><strong>alibi</strong></span> <span class='ocrx_word' id='word_1_274' title='bbox 669 3709 822 3775; x_wconf 68' lang='lat' dir='ltr'><strong>diastamn</strong></span> <span class='ocrx_word' id='word_1_275' title='bbox 851 3706 1009 3791; x_wconf 79' lang='lat' dir='ltr'><strong>flagitare,</strong></span> <span class='ocrx_word' id='word_1_276' title='bbox 1044 3708 1118 3774; x_wconf 91' lang='lat' dir='ltr'><strong>alibi</strong></span> <span class='ocrx_word' id='word_1_277' title='bbox 1153 3726 1244 3791; x_wconf 86' lang='lat' dir='ltr'><strong>syna·</strong></span> 
     </span>
     <span class='ocr_line' id='line_1_34' title="bbox 121 3810 1245 3896; baseline -0.004 -17"><span class='ocrx_word' id='word_1_278' title='bbox 121 3814 264 3896; x_wconf 63' lang='lat' dir='ltr'><strong>loephea,</strong></span> <span class='ocrx_word' id='word_1_279' title='bbox 286 3814 373 3878; x_wconf 89' lang='lat' dir='ltr'><strong>dictu</strong></span> <span class='ocrx_word' id='word_1_280' title='bbox 394 3814 488 3879; x_wconf 84' lang='lat' dir='ltr'><strong>nimis</strong></span> <span class='ocrx_word' id='word_1_281' title='bbox 509 3813 634 3879; x_wconf 85' lang='lat' dir='ltr'><strong>triviale</strong></span> <span class='ocrx_word' id='word_1_282' title='bbox 657 3817 741 3891; x_wconf 78' lang='lat' dir='ltr'><strong>erat3</strong></span> <span class='ocrx_word' id='word_1_283' title='bbox 763 3812 835 3893; x_wconf 85' lang='lat' dir='ltr'><strong>quis</strong></span> <span class='ocrx_word' id='word_1_284' title='bbox 851 3812 936 3877; x_wconf 86' lang='lat' dir='ltr'><strong>onim</strong></span> <span class='ocrx_word' id='word_1_285' title='bbox 946 3812 1072 3893; x_wconf 82' lang='lat' dir='ltr'><strong>ignorat</strong></span> <span class='ocrx_word' id='word_1_286' title='bbox 1089 3810 1245 3876; x_wconf 73' lang='lat' dir='ltr'><strong>illudaris</strong></span> 
     </span>
     <span class='ocr_line' id='line_1_35' title="bbox 121 3905 1244 4005; baseline -0.003 -24"><span class='ocrx_word' id='word_1_287' title='bbox 121 3909 263 3999; x_wconf 72' lang='lat' dir='ltr'><strong>epitheta</strong></span> <span class='ocrx_word' id='word_1_288' title='bbox 279 3916 472 4005; x_wconf 77' lang='grc' dir='ltr'><strong><em>κελαινεφέϊ</em></strong></span> <span class='ocrx_word' id='word_1_289' title='bbox 482 3914 649 4003; x_wconf 86' lang='grc' dir='ltr'><strong><em>Κρονίωνι</em></strong></span> <span class='ocrx_word' id='word_1_290' title='bbox 671 3922 704 3980; x_wconf 85' lang='lat' dir='ltr'><strong>et</strong></span> <span class='ocrx_word' id='word_1_291' title='bbox 716 3915 907 3980; x_wconf 81' lang='lat' dir='ltr'><strong>eontrarium</strong></span> <span class='ocrx_word' id='word_1_292' title='bbox 929 3910 1000 3980; x_wconf 81' lang='grc' dir='ltr'><strong><em>κὰδ’</em></strong></span> <span class='ocrx_word' id='word_1_293' title='bbox 1026 3909 1055 3980; x_wconf 81' lang='lat' dir='ltr'><strong>d&#39;</strong></span> <span class='ocrx_word' id='word_1_294' title='bbox 1079 3905 1150 3994; x_wconf 84' lang='grc' dir='ltr'><strong><em>ἷζον</em></strong></span> <span class='ocrx_word' id='word_1_295' title='bbox 1173 3912 1244 3999; x_wconf 81' lang='grc' dir='ltr'><strong><em>πὰρ</em></strong></span> 
     </span>
     <span class='ocr_line' id='line_1_36' title="bbox 122 4005 1303 4107; baseline -0.002 -25"><span class='ocrx_word' id='word_1_296' title='bbox 122 4019 204 4106; x_wconf 78' lang='grc' dir='ltr'><strong><em>Ζρνί</em></strong></span> <span class='ocrx_word' id='word_1_297' title='bbox 232 4021 435 4107; x_wconf 82' lang='grc' dir='ltr'><strong><em>κελαινεφεῖ,</em></strong></span> <span class='ocrx_word' id='word_1_298' title='bbox 471 4014 574 4106; x_wconf 77' lang='grc' dir='ltr'><strong><em>αὐτὰρ</em></strong></span> <span class='ocrx_word' id='word_1_299' title='bbox 599 4014 765 4102; x_wconf 59' lang='lat' dir='ltr'><strong>iaxartem</strong></span> <span class='ocrx_word' id='word_1_300' title='bbox 791 4016 828 4082; x_wconf 87' lang='lat'><strong>11.</strong></span> <span class='ocrx_word' id='word_1_301' title='bbox 850 4015 928 4081; x_wconf 86' lang='lat' dir='ltr'><strong>XXI</strong></span> <span class='ocrx_word' id='word_1_302' title='bbox 949 4005 1026 4094; x_wconf 68' lang='lat'><strong>520‚&#39;</strong></span> <span class='ocrx_word' id='word_1_303' title='bbox 1066 4011 1248 4104; x_wconf 77' lang='grc' dir='ltr'><strong><em>ὑπερμενέϊ</em></strong></span> <span class='ocrx_word' id='word_1_304' title='bbox 1300 4016 1303 4020; x_wconf 76' lang='grc'><strong>’</strong></span> 
     </span>
     <span class='ocr_line' id='line_1_37' title="bbox 122 4116 1243 4211; baseline -0.002 -25"><span class='ocrx_word' id='word_1_305' title='bbox 122 4120 287 4211; x_wconf 82' lang='grc' dir='ltr'><strong><em>Κρονίωνι</em></strong></span> <span class='ocrx_word' id='word_1_306' title='bbox 316 4122 418 4189; x_wconf 80' lang='lat' dir='ltr'><strong>series</strong></span> <span class='ocrx_word' id='word_1_307' title='bbox 441 4121 621 4203; x_wconf 87' lang='lat' dir='ltr'><strong>repetitum</strong></span> <span class='ocrx_word' id='word_1_308' title='bbox 645 4126 678 4186; x_wconf 89' lang='lat' dir='ltr'><strong>et</strong></span> <span class='ocrx_word' id='word_1_309' title='bbox 702 4138 773 4186; x_wconf 94' lang='lat' dir='ltr'><strong>cum</strong></span> <span class='ocrx_word' id='word_1_310' title='bbox 796 4116 985 4203; x_wconf 83' lang='lat' dir='ltr'><strong>synaloephe</strong></span> <span class='ocrx_word' id='word_1_311' title='bbox 1008 4116 1067 4183; x_wconf 87' lang='grc' dir='ltr'><strong><em>Διί</em></strong></span> <span class='ocrx_word' id='word_1_312' title='bbox 1089 4118 1243 4204; x_wconf 75' lang='grc' dir='ltr'><strong><em>ῥέξαντες</em></strong></span> 
     </span>
     <span class='ocr_line' id='line_1_38' title="bbox 123 4218 1244 4312; baseline -0.002 -21"><span class='ocrx_word' id='word_1_313' title='bbox 123 4222 300 4312; x_wconf 76' lang='grc' dir='ltr'><strong><em>ὑπερμενεῖ</em></strong></span> <span class='ocrx_word' id='word_1_314' title='bbox 322 4221 394 4310; x_wconf 78' lang='grc' dir='ltr'><strong><em>ἱερὰ</em></strong></span> <span class='ocrx_word' id='word_1_315' title='bbox 417 4221 499 4290; x_wconf 80' lang='grc' dir='ltr'><strong>καλά</strong></span> <span class='ocrx_word' id='word_1_316' title='bbox 521 4218 569 4309; x_wconf 88' lang='lat' dir='ltr'><strong>XI</strong></span> <span class='ocrx_word' id='word_1_317' title='bbox 584 4222 668 4290; x_wconf 76' lang='lat'><strong>727?</strong></span> <span class='ocrx_word' id='word_1_318' title='bbox 693 4222 813 4290; x_wconf 83' lang='lat' dir='ltr'><strong>Verum</strong></span> <span class='ocrx_word' id='word_1_319' title='bbox 835 4222 888 4288; x_wconf 86' lang='lat' dir='ltr'><strong>ille</strong></span> <span class='ocrx_word' id='word_1_320' title='bbox 909 4219 1044 4286; x_wconf 81' lang='lat' dir='ltr'><strong>fortasse</strong></span> <span class='ocrx_word' id='word_1_321' title='bbox 1067 4222 1163 4288; x_wconf 82' lang='lat' dir='ltr'><strong>eiiam</strong></span> <span class='ocrx_word' id='word_1_322' title='bbox 1185 4221 1244 4289; x_wconf 82' lang='lat' dir='ltr'><strong>hoc</strong></span> 
     </span>
     <span class='ocr_line' id='line_1_39' title="bbox 126 4324 1244 4409; baseline -0.002 -18"><span class='ocrx_word' id='word_1_323' title='bbox 126 4327 186 4392; x_wconf 84' lang='lat' dir='ltr'><strong>sibi</strong></span> <span class='ocrx_word' id='word_1_324' title='bbox 209 4327 423 4409; x_wconf 88' lang='lat' dir='ltr'><strong>quaerendum</strong></span> <span class='ocrx_word' id='word_1_325' title='bbox 445 4327 584 4408; x_wconf 83' lang='lat' dir='ltr'><strong>putavit,</strong></span> <span class='ocrx_word' id='word_1_326' title='bbox 622 4333 726 4392; x_wconf 88' lang='lat' dir='ltr'><strong>utram</strong></span> <span class='ocrx_word' id='word_1_327' title='bbox 759 4331 853 4408; x_wconf 83' lang='lat' dir='ltr'><strong>poeta</strong></span> <span class='ocrx_word' id='word_1_328' title='bbox 886 4324 1072 4405; x_wconf 87' lang='lat' dir='ltr'><strong>praetulerit</strong></span> <span class='ocrx_word' id='word_1_329' title='bbox 1103 4325 1135 4389; x_wconf 91' lang='lat' dir='ltr'><strong>in</strong></span> <span class='ocrx_word' id='word_1_330' title='bbox 1168 4325 1244 4391; x_wconf 87' lang='lat' dir='ltr'><strong>locia</strong></span> 
     </span>
    </p>
   </div>
   <div class='ocr_carea' id='block_1_6' title="bbox 0 0 1372 4778">
    <p class='ocr_par' dir='ltr' id='par_1_8' title="bbox 0 0 1372 4778">
     <span class='ocr_line' id='line_1_40' title="bbox 0 0 1372 4778; baseline 0 0"><span class='ocrx_word' id='word_1_331' title='bbox 0 0 1372 4778; x_wconf 95' lang='lat' dir='ltr'><strong> </strong></span> 
     </span>
    </p>
   </div>
  </div>
 </body>
</html>
