2736 4778
287 360 345 426 DE
366 359 764 430 Psoscsmusmsuu
807 358 879 427 Rs
902 359 936 426 C.
948 360 990 426 11.
1012 361 1040 446 ξ.
1057 362 1083 427 1.
1194 360 1253 427 159

139 523 214 607 qaia
235 523 382 588 stabilior
403 537 460 608 est,
482 521 1033 608 adaersamcoacladeadamaptior
1043 523 1253 609 aajoaicaa.

137 623 248 710 Itaque
269 639 299 688 et
320 628 347 696 ἶ
361 628 595 715 paraqoqrimm
627 625 710 690 addi
739 624 773 690 ia
794 625 975 691 acimaas
1000 625 1092 691 lebera
1113 625 1254 691 videmos

138 739 167 790 et
187 728 256 813 ipsi
266 740 382 812 poetae
414 741 656 816 anteposuerunt
680 726 859 813 prodactae
886 727 1032 815 ‚syllabas
1052 720 1137 796 εἶναι
1161 752 1255 814 qaam

138 829 255 913 ἔμμεν,
290 827 358 897 αἰεί
379 853 473 916 quam
494 828 567 899 αἰέν
589 843 618 895 ct
650 853 729 916 qaae
762 829 882 895 amicir
903 842 977 895 caat
1002 831 1036 894 ia
1055 831 1126 916 fiae
1146 854 1255 897 caasa

138 931 241 996 dicere
254 931 485 1017 praeferentes.
529 933 673 1016 Eamque
694 934 885 999 sententiam
905 933 1095 1000 instauravit
1109 933 1142 997 in
1156 931 1253 1015 praef.

138 1033 235 1116 Orpb
257 1054 287 1117 p.
308 1035 356 1101 IX
378 1042 411 1103 et
432 1036 686 1103 constantissime
707 1036 810 1102 tenuit
831 1035 863 1099 in
885 1033 1010 1116 fabulis,
1043 1053 1123 1118 quas
1145 1035 1253 1115 edidit,
1309 1032 1316 1049 '

137 1137 269 1202 scenicis
295 1139 479 1205 connivente
502 1140 543 1206 ad
564 1138 669 1205 omnia
690 1137 883 1203 Buttmanno
904 1155 1035 1220 granm.
1047 1138 1075 1222 ξ.
1087 1136 1128 1203 26
1140 1136 1211 1202 adn
1227 1140 1253 1217 l,

136 1258 238 1321 neque
261 1239 443 1322 discrepant
463 1240 642 1308 Boeckhius
663 1238 761 1322 praef.
781 1239 870 1305 Pina
882 1239 1035 1313 XXXVII
1057 1239 1253 1305 etLehrsius

137 1340 265 1418 Quaest
280 1342 445 1424 appas.
487 1343 527 1410 ld
548 1349 655 1409 umen
676 1359 789 1425 parum
811 1341 956 1407 convenit
976 1341 1119 1407 versibus
1135 1341 1253 1407 acuns

136 1445 293 1524 connexis,
316 1446 451 1526 primum
474 1445 528 1524 iis,
551 1446 665 1527 quibus
687 1444 738 1510 vel
759 1444 952 1525 praepositio
973 1443 1155 1510 intercedit:
1188 1435 1251 1525 εἶμ’
1283 1482 1286 1487 ·

135 1545 191 1612 snt
214 1545 224 1631 11
245 1550 334 1623 ναῦν,
356 1547 408 1613 rel
429 1547 595 1613 articulus:
617 1551 745 1629 κατεῖχε
768 1546 825 1611 τὸν
846 1543 857 1632 ll
875 1547 978 1628 νέκυν,
1002 1546 1086 1628 quod
1096 1545 1252 1611 Herman-

134 1667 194 1713 nns
216 1649 257 1714 ad
278 1648 370 1714 snm.
382 1647 445 1715 236
466 1668 529 1715 non
551 1648 610 1715 sub
633 1650 696 1714 alia
717 1642 895 1715 conditione
915 1649 1105 1731 permissum
1127 1647 1248 1726 statuit,

134 1769 228 1832 qnam
251 1752 279 1816 si
300 1753 457 1817 sententia
479 1749 574 1818 finem
595 1769 707 1817 versus
727 1752 872 1833 incipiat,
906 1762 971 1815 am
993 1761 1095 1815 amem
1117 1748 1250 1813 alcoram

133 1874 277 1918 aeratam
308 1875 453 1918 aameros
479 1853 526 1916 ita
547 1852 708 1939 miscui,
742 1866 777 1918 at
797 1854 831 1917 c'a
842 1853 912 1938 fiae
934 1853 1082 1935 αἰιμνῖιν,
1117 1852 1249 1916 altaria

134 1967 236 2020 actem
256 1956 347 2020 bosia
370 1978 407 2019 ea
428 1955 492 2019 iam
513 1955 601 2019 licc'tc
622 1954 804 2039 labacrum,
827 1976 906 2039 qaae
928 1955 1021 2019 aliter
1041 1976 1104 2018 aoa
1125 1954 1194 2018 aiei
1212 1955 1250 2019 c‘a

133 2057 235 2121 aredio
256 2080 349 2122 cerea
371 2079 516 2120 omtcessa
536 2068 610 2120 sant
630 2057 672 2122 ad
687 2058 735 2123 ti.
747 2055 824 2125 986.
863 2057 1020 2139 Equidem
1040 2058 1157 2140 legisse
1172 2057 1249 2123 mihi

132 2161 242 2227 adeor
273 2160 359 2243 apud
388 2165 499 2242 poetas
520 2163 645 2224 nostros
667 2176 779 2224 versus
800 2158 995 2226 huiusmodi:
1025 2159 1120 2225 Weaa
1142 2159 1192 2223 iet
1212 2160 1248 2225 ia

130 2262 202 2349 udis
223 2261 326 2327 Feras
347 2260 469 2342 caloae,
491 2262 617 2327 etiamsi
637 2261 725 2327 nulla
746 2261 917 2343 praecedat
938 2262 1157 2343 interpunctio,
1188 2263 1246 2328 sod

132 2385 153 2430 a
173 2364 380 2430 recitantibus
408 2370 484 2446 puto
507 2364 660 2446 syllabam
683 2361 810 2430 finalem
831 2384 893 2430 non
916 2365 1008 2431 aliter
1029 2366 1131 2447 promi
1152 2382 1248 2447 qnam

131 2467 254 2533 mediae
275 2466 401 2546 debent,
423 2467 482 2532 hoc
504 2473 555 2533 est
575 2466 641 2532 ictu
662 2467 773 2549 sopito.
817 2467 927 2550 Neque
955 2468 1048 2534 alita
1068 2472 1102 2532 et
1124 2467 1163 2532 de
1184 2467 1247 2533 illis

130 2570 232 2636 iudico
253 2575 287 2636 et
308 2568 487 2635 devocibus
498 2569 592 2638 elisis:
616 2566 650 2635 ri
664 2564 753 2635 ταῦτ’
766 2567 777 2655 ll
788 2563 897 2648 ἄλλως
908 2564 1011 2655 ὀδύρῃ
1020 2589 1069 2660 —3;
1085 2564 1247 2657 Moiacc’l

127 2668 308 2760 Ἀτρείδην,
331 2691 360 2738 v.
371 2671 542 2737 Hermann.
565 2672 606 2736 ad
628 2669 736 2753 Suppl.
749 2670 821 2752 739,
843 2672 933 2737 cuius
953 2670 1100 2753 bisyllabi
1120 2674 1245 2755 generis
1346 2714 1350 2723 ·

129 2775 208 2841 haec
228 2773 372 2855 exempla
393 2774 485 2838 unica
508 2792 579 2839 esse
600 2772 1244 2840 observaritElmsleinsadOed.Col.17.

129 2875 167 2940 Id
189 2881 296 2941 autem
317 2893 413 2957 saepe
434 2872 472 2940 fit
492 2876 725 2959 monosyllabis,
748 2876 857 2957 quiin
879 2875 1068 2941 editionibus
1083 2876 1244 2943 veteribus

129 2977 168 3043 ab
191 2978 276 3043 exitu
297 2977 412 3060 prioris
433 2995 545 3042 versus
567 2978 608 3043 ad
630 2978 793 3044 exordium
813 2977 980 3058 postpositi
997 2975 1244 3043 accelerantur:

127 3081 232 3161 μέλας
252 3078 261 3166 ΙΙ
285 3076 311 3146 δ’
329 3077 446 3160 ’Ἅιδης
468 3077 544 3144 Oed.
568 3077 639 3160 Tyr.
662 3077 712 3156 29,
736 3077 809 3160 ἐμοὶ
819 3073 870 3164 1Ιὸ
894 3076 965 3164 ὥρα
986 3077 1135 3160 βαδίζειν
1147 3065 1243 3144 'Arist

127 3181 211 3247 Eccl
234 3180 294 3247 351
312 3182 351 3265 Ι);
382 3181 577 3264 quinetiam
607 3180 783 3246 encliticas:
818 3176 857 3247 οὔ
879 3181 925 3269 μὴ
949 3182 1061 3258 καλεῖς
1081 3180 1091 3266 l
1111 3177 1156 3263 μ’.
1180 3175 1242 3246 ὤν-

128 3279 252 3369 upnrp’,
276 3278 410 3351 insacia
431 3283 528 3349 Arist.
550 3283 650 3348 Rann.
673 3280 858 3363 aesonius
881 3283 1057 3365 scripturae
1079 3283 1170 3363 tsstis
1193 3288 1244 3349 est

127 3385 310 3452 scholiasta:
337 3382 385 3450 Μ’
402 3378 564 3472 ὤνθρωπε
586 3385 673 3471 πρὸς
694 3386 731 3449 τὸ
755 3387 885 3468 συνεχὲς
906 3390 964 3472 τῆς
986 3381 1087 3472 ἀρχῆς
1099 3382 1168 3453 sab
1183 3392 1243 3453 τοῦ

126 3489 283 3576 ὀευιέρου
304 3486 428 3568 orizon,
451 3485 538 3555 διότι
561 3484 631 3554 ἀπὸ
655 3489 859 3577 συναλοιφῆς
877 3466 1022 3573 ἔρχεται.
1065 3487 1124 3553 His
1146 3488 1243 3571 igitur

126 3609 236 3656 vocum
258 3589 423 3656 ambarum
443 3589 635 3657 continuatio
656 3592 761 3672 potius
776 3609 871 3674 qnam
882 3590 1070 3672 interruptio
1081 3591 1242 3674 probatur.

129 3726 164 3738 -
178 3692 230 3757 Ad
241 3691 322 3758 hanc
339 3690 416 3757 lacit
431 3693 550 3774 aliquid
572 3698 760 3759 accentus
781 3712 914 3759 vocum
936 3693 1241 3774 i'nclinabilium,

126 3794 180 3875 qui
202 3813 299 3876 quum
321 3794 353 3859 in
375 3789 519 3860 utinam
541 3811 651 3861 versus
672 3795 889 3861 antecedentis
911 3797 1065 3878 syllabam
1075 3795 1240 3863 transferri

125 3896 235 3977 possit,
258 3897 443 3980 plerumque
463 3914 527 3963 non
547 3895 752 3963 bansiertur:
785 3900 909 3966 πολλαὶ
932 3900 971 3968 δὲ
984 3893 1241 3986 γυναῖκεςῑμῖσὶν

190 4151 217 4216 l)
237 4152 281 4206 Sic
298 4153 377 4205 etiam
395 4149 423 4204 st
439 4152 466 4203 in
483 4149 543 4205 aliie
560 4167 682 4207 versuum
711 4156 864 4223 generibus:
892 4158 931 4214 τίς
948 4153 1006 4208 ποτ’
1028 4151 1167 4221 ὠνόμαζεν
1189 4144 1237 4208 ὦ-

122 4235 166 4305 lla*
184 4235 212 4297 ἐς
229 4254 258 4292 ro
275 4238 335 4291 πᾶν
352 4234 488 4305 irminae
503 4234 666 4306 Agamtbu,
685 4229 707 4293 al
723 4240 811 4310 μᾶτερ
829 4236 945 4300 ἀντιάζω
953 4237 964 4307 ΙΙ
972 4237 1054 4311 o’lyol
1067 4243 1165 4296 sloect
1176 4239 1237 4308 tub,

124 4325 194 4390 qnod
212 4324 347 4380 Nancklnu
366 4327 485 4391 retinnit3
503 4324 556 4377 alia
574 4322 601 4376 id
618 4342 702 4392 genus
719 4331 837 4378 correcta
855 4331 921 4377 sant
952 4367 957 4375 .
