2736 4778
124 341 197 415 ses
480 326 799 433 nmsasmrro
827 326 870 398 v.
1004 378 1008 382 .

124 523 262 589 clinato:
284 516 342 587 καί
363 511 467 584 ιίίλλα
489 512 650 603 ἀνάλογον
670 515 802 597 τούτοις
821 515 908 581 Plat.
924 512 1033 580 Aloib.
1044 509 1092 580 II.
1109 512 1183 580 145.
1192 511 1235 582 D.

125 636 159 690 et
182 623 298 689 iisdem
325 618 432 685 verbis
457 618 578 684 Pollux
599 618 664 684 IX.
686 618 738 683 86.
753 618 807 702 ²¹)
836 612 998 702 ἀνάλογον
1024 620 1099 694 τοῖς
1124 610 1237 693 αὐτοῖς

125 722 143 792 d
175 717 272 812 ὄγκος
300 719 424 808 γίνεται
451 721 553 787 Arist.
581 719 694 787 Probl.
716 719 836 785 XXII.
864 719 893 784 1.
923 716 960 785 ἐκ
987 720 1047 785 τοῦ
1074 710 1237 804 ἀνάλογοι

125 823 300 911 συμβαίνει
314 821 449 890 Rhetor.
460 823 507 890 11.
521 823 574 889 23.
593 845 627 910 p.
641 822 733 889 1399.
747 843 777 885 a.
789 822 841 887 33.
864 819 929 886 ΠΙ.
942 820 973 885 2.
992 842 1025 907 p.
1039 818 1132 885 1406.
1145 841 1177 884 a.
1190 819 1235 884 11.

125 925 160 995 oi
181 922 341 1009 ἀνάλογον
358 919 505 1010 αἰπορίαι
524 926 614 993 Sext.
628 944 655 990 c.
669 923 814 1010 Log.11.
826 922 879 989 35.
895 945 929 1010 p.
940 921 1013 987 465.
1027 921 1108 1007 (295
1116 919 1235 1005 Bekis)

127 1050 192 1116 quo
222 1026 296 1093 loco
326 1024 496 1091 Fabricius
525 1026 719 1112 adjectivum
748 1023 914 1090 substituit
945 1021 981 1091 αί
1009 1017 1175 1110 ἀνάλογοι
1204 1033 1238 1087 ut

127 1131 248 1198 (lamus
269 1129 304 1193 in
324 1128 461 1194 Aristot.
481 1130 527 1194 H.
549 1129 638 1194 Ann.
657 1128 686 1193 I.
709 1127 740 1193 Aa
763 1152 796 1216 p.
810 1127 884 1193 489.
906 1148 935 1193 a.
958 1125 1010 1192 26.
1033 1122 1068 1192 ἐν
1089 1128 1133 1216 τῇ
1157 1117 1237 1193 ἂνα-

126 1229 224 1320 λόγιμ.
255 1231 332 1296 Ηοο
349 1229 482 1295 minime
499 1229 732 1307 necessarium
751 1230 811 1296 sed
828 1230 960 1296 inPlat.
968 1225 1237 1295 cravascau

127 1327 247 1419 ταύτην
267 1325 419 1418 τάγαθὸν
440 1329 607 1420 ἐγέννησαν
628 1326 792 1417 ἀνάλογον
813 1327 933 1420 ἐαυτῷ,
950 1330 1051 1397 Dion.
1064 1325 1237 1414 deComp.

127 1455 157 1499 o.
168 1432 232 1498 111.
252 1426 414 1516 ἀνάλογόν
431 1456 464 1498 τι
483 1431 638 1501 πέπονθε
659 1431 835 1519 multisque
856 1433 928 1499 aliis
943 1431 1025 1499 locis
1043 1429 1240 1519 perdubium

129 1546 180 1601 est
199 1545 306 1599 utrum
327 1532 520 1618 adjectivum
542 1535 585 1599 sit
606 1557 647 1600 an
668 1534 904 1601 substantivum
922 1535 1056 1623 hyphen
1073 1534 1239 1622 scriptum,

129 1636 220 1721 quod
252 1634 482 1704 Stallbaumius
516 1636 559 1700 ad
588 1636 674 1702 Tim.
700 1635 752 1703 53.
780 1639 820 1703 Ε.
851 1643 987 1704 immune
1017 1640 1131 1705 vitium
1164 1633 1241 1701 dicit

130 1758 152 1804 ο
171 1739 309 1804 Bellero
334 1739 508 1815 sabulum
538 1738 597 1803 sed
617 1739 787 1805 Bekkerus
811 1740 885 1827 ipse
908 1739 977 1825 qui,
1005 1758 1107 1824 quum
1126 1736 1240 1802 Plato·

130 1860 204 1904 nem
232 1838 361 1917 ederet,
393 1859 513 1904 nomen
541 1862 561 1904 a
587 1841 832 1929 praepositione
864 1840 1079 1906 dirimendum
1105 1837 1241 1926 putavit,

129 1939 300 2006 Aristoteli
323 1951 356 2005 et
375 1941 477 2008 Sexto
495 1940 528 2007 ll.
543 1963 592 2008 ec.
614 1943 745 2031 reliquit
765 1944 948 2029 conjuncta.
991 1942 1031 2006 In
1048 1941 1151 2008 Diod.
1162 1939 1241 2008 XV.

129 2041 182 2106 33.
210 2040 250 2107 τὸ
283 2036 475 2128 παράλογον
502 2047 562 2131 τῆς
590 2041 688 2133 τύχης
718 2045 808 2111 haud
841 2043 940 2111 dubie
970 2043 1166 2130 adjectivum
1195 2053 1242 2109 est

130 2165 196 2229 quo
220 2142 351 2229 saepius
370 2143 471 2210 utitur
490 2167 520 2211 v.
534 2146 676 2212 Ellendt
696 2148 740 2213 ad
751 2147 882 2213 Anien.
898 2146 945 2214 11.
960 2146 1012 2224 26,
1028 2147 1061 2211 4.
1083 2144 1143 2212 sed
1163 2144 1241 2210 Eur.

133 2245 194 2313 Or.
217 2244 292 2310 391.
319 2237 345 2311 ὦ
373 2241 568 2332 παράλογόν
592 2274 654 2333 μοι
680 2248 720 2337 σν)
745 2243 879 2338 ‹poveio'
908 2240 1060 2336 ἀμορφία
1089 2242 1242 2313 substan·

131 2348 249 2425 tivum,
278 2346 369 2434 quod
391 2347 434 2414 G.
456 2347 648 2415 Dindorfius
677 2349 889 2416 dissuendam
915 2357 1042 2426 censet,
1072 2340 1243 2415 Porsonus

131 2472 207 2516 vero
230 2471 297 2515 non
319 2448 425 2515 solum
447 2448 501 2515 hic
520 2451 639 2518 retinet
665 2452 725 2518 sed
748 2451 845 2518 etiam
865 2450 900 2515 in
921 2450 1041 2516 Bacch.
1064 2450 1137 2517 938.
1165 2444 1242 2517 sub-

132 2553 236 2618 stituit
266 2551 419 2638 vulgatae
451 2547 532 2618 ὅταν
563 2553 756 2640 παράλογον
788 2551 966 2639 σώφρονας
992 2547 1128 2633 Βάκχας
1160 2549 1242 2642 ἴδῃς.

132 2654 199 2720 Pro
221 2649 290 2720 ὑπὸ
311 2650 410 2738 λόγον
431 2657 623 2731 ποιεῖσθαι,
647 2652 737 2738 quod
756 2653 925 2720 Wurmius
947 2654 990 2718 ad
1010 2653 1171 2720 Dinaroh.
1193 2654 1244 2720 49.

134 2778 208 2822 cum
228 2750 292 2819 ἀνὰ
315 2750 414 2837 λόγον
433 2764 466 2816 et
487 2753 581 2842 παρὰ
602 2752 702 2840 λόγον
720 2753 857 2833 confert,
875 2754 998 2840 ubique
1019 2756 1245 2842 reponendum

133 2857 261 2923 videtur
278 2852 473 2939 adjectivum
489 2849 666 2940 ὑπόλογον.
695 2854 786 2921 Nihil
801 2878 877 2922 vero
894 2857 992 2922 refert
1006 2855 1039 2921 in
1052 2857 1092 2922 Il.
1101 2857 1186 2924 XX.
1194 2857 1244 2925 30.

135 2956 236 3026 δείδω
257 2954 303 3045 μὴ
325 2961 433 3040 τεῖχος
453 2951 641 3041 ὑπέρμορον
666 2953 864 3046 ἐξαλαπάξῃ
890 2969 996 3023 utrum
1019 2958 1065 3025 sic
1088 2958 1247 3026 scribatur

136 3056 180 3138 ὡς
200 3054 375 3173 ὑπέρρραν,
405 3057 564 3143 adjectivo
587 3080 647 3145 pro
672 3057 825 3124 adverbio
852 3061 977 3147 posito,
1007 3083 1091 3148 quae
1115 3062 1245 3129 Aristo·

135 3160 253 3250 phanis
281 3154 443 3225 sententia
467 3159 544 3237 luit,
575 3181 615 3223 an
640 3160 729 3244 quod
751 3161 962 3227 Herodianus
988 3184 1092 3248 aeque
1118 3163 1244 3250 probat,

134 3261 220 3328 κατὰ
245 3257 397 3327 διάλυσιν
418 3272 455 3327 ut
470 3261 627 3347 Apollon.
643 3262 703 3329 IV.
718 3263 769 3327 20.
792 3261 894 3327 Anth.
910 3263 1005 3328 Plan.
1018 3263 1109 3332 CVI.
1144 3265 1245 3330 Aliud

136 3360 327 3428 substantivi
355 3383 427 3426 cum
453 3363 696 3449 praepositione
723 3365 935 3430 coalescentis
960 3365 1144 3452 exemplum
1169 3365 1244 3432 snb

129 3464 205 3548 jicit
238 3463 357 3532 Suidas
390 3461 607 3548 Παραπόδας
641 3462 809 3553 ἐπίρρημα
844 3461 972 3544 aleton
991 3468 1044 3551 ²²)
1085 3467 1243 3554 appositis

137 3565 266 3631 duobus
289 3562 422 3649 Polybii
447 3563 542 3642 locis,
572 3565 661 3653 apud
687 3587 784 3650 quem
807 3565 870 3631 hoc
894 3568 1025 3654 saepius
1049 3569 1169 3655 legitur
1190 3569 1244 3635 sed

137 3667 311 3743 dissolute;
334 3666 380 3731 sic
403 3666 498 3731 etiam
520 3665 657 3733 Lucian.
670 3666 757 3732 llist.
780 3689 904 3734 consor.
927 3674 952 3755 j.
966 3672 1015 3735 13.
1036 3670 1194 3738 Philostr.
1207 3671 1243 3738 V.

136 3771 204 3856 Ap.
216 3769 243 3833 1.
257 3768 288 3831 6.
307 3768 363 3832 ubi
386 3769 482 3834 codd.
506 3779 539 3834 et
559 3769 634 3835 edd.
653 3778 777 3834 veteres
800 3768 933 3856 hyphen
956 3771 1120 3837 exhibent.
1164 3773 1244 3839 Dia·

138 3870 233 3934 stasis
262 3867 444 3933 dominatur
467 3870 501 3933 in
523 3869 720 3936 dictionibus
744 3870 889 3957 figuratis
918 3873 997 3957 περὶ
1019 3873 1114 3940 πόδα
1143 3875 1179 3940 id
1201 3882 1245 3942 est

136 4022 469 4039 ffl-——m-

207 4105 410 4173 enniconis
431 4106 591 4162 Beklrcrum
612 4103 788 4162 scribebatur
811 4107 879 4162 sard
903 4104 1043 4179 ἀνάλογον
1064 4117 1095 4164 ut
1117 4111 1190 4167 Phil.
1213 4114 1245 4165 de

138 4190 280 4247 Humanit.
295 4194 355 4248 391.
369 4193 455 4263 (703.)
474 4191 543 4248 κοινὰ
559 4189 699 4263 ἀνάλογον
716 4198 760 4263 ιῆς
776 4191 894 4261 κνήσεως
911 4203 939 4249 et
957 4196 1106 4269 Geoponn.
1121 4199 1155 4252 V.
1168 4203 1210 4265 26,
1222 4201 1245 4251 8.

207 4293 253 4362 22)
272 4294 335 4348 Hoc
352 4303 469 4368 propter
488 4294 599 4352 codices
618 4298 753 4366 quosdam
774 4295 961 4370 praetermisit
979 4298 1156 4374 Bernhardy.
