2736 4778
142 328 208 401 nu
228 326 496 401 rnosrrmsr
515 328 579 399 nr
601 329 866 405 munaum.
899 333 939 406 ο.
954 334 983 404 1.
1012 338 1080 424 tr.
1134 341 1182 418 1⁷

66 517 205 607 νοιμιίν.
248 519 348 587 Huic
359 518 472 608 potius
495 516 595 605 alpha
615 517 799 606 praecisum
815 520 958 601 videtur,
979 480 1073 610 quod
1091 522 1180 592 idern

65 625 139 703 534,
156 622 210 690 54.
231 623 339 690 eidem
360 618 531 706 adjectivo
543 619 703 687 accidisse
731 632 841 709 putat·
869 622 1055 706 actionarios
1084 626 1179 714 παρὰ

66 722 149 794 ιό”
128 750 215 810 ακρα
233 725 289 792 καὶ
311 722 349 791 τὸ
372 723 476 790 πέδον
500 719 575 789 ναι
595 719 776 811 ἀφαίρεσιν
800 729 862 793 τοῦ
880 725 1179 816 arctatam-couci
1208 755 1210 759 ¹

66 832 179 906 ιοῦο,
200 825 302 910 idque
324 823 421 889 etium
440 845 459 888 a
481 821 591 891 Schol.
617 822 757 891 Theocr.
778 825 825 892 Π.
848 826 901 894 53.
929 824 1067 911 aliisque
1091 849 1179 893 com-

66 928 225 1015 probatur
187 939 281 993 uret
304 947 325 990 a
344 924 410 989 fida
430 947 497 991 non
520 924 691 1005 abhorret,
715 926 777 993 etsi
799 922 990 1018 ἇνρόιιειίον
1019 926 1183 994 intercidit

64 1053 129 1097 nec
148 1029 227 1095 satis
258 1025 417 1093 stabilitur
443 1026 606 1115 scriptura
633 1026 706 1094 cod.
737 1023 963 1116 ἇνροοιιέδοις
988 1051 1051 1117 pro
1078 1052 1182 1117 κρασ-

65 1131 187 1209 πέδοις
220 1128 254 1195 in
288 1127 376 1194 Plut.
408 1126 547 1211 Quaest.
584 1130 671 1197 Put
699 1128 747 1196 Χ.
779 1151 807 1195 c.
835 1130 902 1195 111.
965 1131 1062 1217 Θρέω
1090 1130 1182 1217 quod

65 1228 338 1316 Wyttenbachius
368 1228 470 1296 verbo
505 1226 621 1319 ἇθρέω
647 1228 827 1296 substruxit
856 1231 981 1298 Techn.
1011 1231 1083 1298 153.
1112 1257 1180 1299 non

63 1333 170 1399 minus
191 1333 342 1420 ignotum
363 1342 414 1398 est
438 1353 537 1418 quam
558 1331 661 1411 ονὲω,
686 1333 775 1400 unde
797 1332 1017 1401 Schneiderus
1040 1334 1075 1400 in
1094 1334 1177 1402 Lex.

64 1430 172 1503 ἇοκίιο
205 1435 339 1522 repetit;
372 1433 454 1500 illud
485 1444 610 1500 veteres
642 1432 686 1499 ad
719 1436 787 1522 δρῶ
820 1434 859 1503 τὸ
887 1437 1004 1519 βλέπω
1036 1437 1180 1505 referunt

61 1536 171 1624 Epim.
192 1537 239 1603 11.
262 1537 336 1603 337.
355 1535 436 1603 ΕΜ.
459 1535 511 1615 26,
533 1536 565 1602 4.
589 1532 663 1614 hoc,
686 1534 764 1621 quia
784 1535 956 1622 aliquoties
979 1537 1180 1626 depolitum

63 1638 197 1717 dicitur,
239 1638 282 1704 ad
312 1638 386 1718 ξέοι.
424 1631 580 1722 Ἀβρίξαι
602 1637 639 1703 τὸ
664 1629 733 1705 ἀπὸ
760 1643 868 1726 βορᾶς
899 1636 1056 1718 νυοιοίξαι
1084 1641 1177 1711 suin

62 1739 200 1805 fortasse
217 1732 403 1827 ἂιιαβρίξαι
426 1737 632 1804 scribendum
654 1748 705 1803 est
725 1748 762 1803 ut
780 1733 956 1827 ἀφυπνοῦν
978 1740 1095 1808 dicitur
1115 1767 1177 1830 pro

63 1840 315 1919 obdormiscere,
331 1834 502 1928 ’Λιγλοίοαι
523 1834 692 1908 ἀπολέσαι
722 1841 804 1906 Hes.
833 1841 954 1929 pariter
976 1837 1178 1932 ἆνιοφλάοαι

64 1954 96 2010 et
115 1966 177 2032 pro
196 1938 371 2030 Ἀχλυδιᾷν
389 1937 608 2028 θρύπτεσθαι
632 1940 722 2028 apud
745 1942 886 2008 eundem
904 1944 1036 2032 χλιόιᾷν
1058 1946 1179 2011 omissa

63 2045 178 2123 vocali,
197 2065 283 2130 quae
301 2063 321 2106 a
337 2040 477 2106 librariis
489 2040 620 2128 saepius
633 2041 819 2128 importune
834 2042 945 2106 addita
963 2054 1022 2108 est.
1039 2081 1080 2091 —
1108 2047 1177 2111 Eo-

63 2169 144 2225 rum,
163 2167 247 2233 quae
262 2166 362 2210 unam
375 2143 410 2208 in
424 2141 559 2208 exordio
576 2140 699 2206 habent
709 2163 906 2220 consonam,
928 2143 1076 2210 ordinem
1090 2146 1179 2213 ducit

64 2241 216 2336 ὄγαυρος,
239 2245 269 2312 si
289 2244 456 2332 sequimur
477 2241 589 2341 Sclml.
607 2243 690 2309 Hes.
705 2242 834 2331 Theog.
858 2244 930 2312 832.
954 2241 1100 2335 dyacona
1115 2255 1178 2333 βα-

61 2347 196 2437 ρύνεται
217 2350 419 2435 πλεονασμῷ
447 2349 506 2413 τοῦ
529 2371 551 2413 α
573 2344 610 2413 ἐν
632 2345 834 2430 δισυλλάβου
853 2351 914 2415 τοῦ
933 2345 1059 2436 γαίρου
1084 2350 1177 2434 γινό-

61 2476 170 2535 μενον.
213 2450 337 2519 Verum
356 2447 538 2516 enimvero
563 2445 679 2516 Orion.
705 2470 739 2535 p.
763 2447 813 2514 14.
843 2441 991 2537 ἀγαυρός
1017 2449 1111 2540 παρὰ
1137 2453 1176 2520 τὰ

61 2546 198 2640 raim-i*
226 2550 321 2639 παρὰ
344 2545 403 2639 τήν
425 2543 506 2637 ὂίγην
527 2548 587 2638 τὴν
609 2545 769 2638 ἔκπληξιν
792 2543 928 2636 ἀγηριίς
950 2547 1056 2631 οὕτως
1078 2542 1177 2639 εὗρον

63 2649 96 2720 ἐν
117 2656 165 2742 roi
187 2651 269 2740 περὶ
289 2655 413 2720 παθῶν
428 2651 655 2738 Ἡρωδιανοῦ,
684 2649 741 2736 qui
766 2649 962 2735 adjectivum
989 2645 1112 2739 ἇγηρός
1134 2653 1175 2720 de
1247 2722 1256 2733 ,

61 2778 121 2821 suo
143 2754 320 2820 fabricatus
341 2763 400 2831 est,
422 2752 482 2819 sed
502 2751 602 2819 verbo
624 2746 751 2837 ι’ίγαμαν
770 2752 867 2818 affine
884 2746 1045 2838 ἀγαίομαι
1070 2755 1174 2842 asig-

60 2857 247 2923 niticatione
274 2853 416 2920 laetandi
446 2876 513 2920 non
541 2854 639 2941 longe
668 2853 808 2920 discedit
835 2864 873 2920 ut
900 2853 935 2918 in
961 2854 1075 2940 Apoll.
1108 2856 1173 2924 111.

58 2959 134 3025 470.
161 2952 204 3027 cii
230 2953 264 3026 oi
292 2952 392 3044 ἔγωγε
420 2960 506 3047 κακῇ
531 2952 736 3041 ἐπαγαίομαι
758 2947 822 3044 dan
845 2965 878 3020 et
896 2955 962 3021 111.
987 2955 1080 3023 1262.
1105 2954 1175 3024 Λὶ-

59 3059 193 3146 οονίδνγς
222 3054 403 3148 ἐπαγαίετο
432 3055 551 3145 κάρτεϊ
573 3057 674 3142 γυίων
705 3078 725 3121 a
753 3054 946 3123 Scholiastis
969 3056 1079 3142 priore
1099 3058 1173 3125 loco

60 3158 243 3246 ἐπιχαίρω,
277 3155 376 3223 altero
406 3153 533 3245 ἔχαιρε,
562 3154 701 3244 dyscola
731 3155 929 3243 explicatur,
961 3154 1037 3224 huic
1066 3169 1176 3225 autem

61 3260 189 3329 accedit
219 3258 419 3326 homericum
450 3254 572 3344 γαίων,
604 3258 656 3324 cui
690 3280 790 3344 quum
819 3257 1060 3347 Glossographi
1086 3259 1174 3329 idem

60 3365 383 3452 interpretamentum
400 3362 547 3447 γανριῶν
567 3358 760 3440 adhibeant,
790 3361 986 3463 perd-nbium
1010 3363 1048 3428 fit
1067 3374 1174 3431 utrum

59 3466 174 3532 harum
194 3486 313 3532 vocum
331 3456 578 3528 fundamentum
600 3453 757 3528 fuerit
717 3491 759 3550 γα
785 3488 827 3530 un
857 3495 898 3554 αγ
909 3465 1017 3550 ⁸.-)
975 3461 1173 3554 -Ἄδοροι

59 3565 276 3636 Antimachus
298 3564 412 3630 maluit
438 3563 545 3631 dicere
577 3587 675 3651 quam
701 3576 739 3631 ut
757 3567 923 3636 Homerus
953 3567 1069 3657 ὀοροί·
1077 3569 1171 3658 παρὰ

58 3670 97 3737 ιό
126 3667 334 3757 ἐνόεδαίρθαι
362 3662 446 3735 κατὰ
472 3663 682 3750 πλεονασμὸν
704 3661 865 3758 α’δοροι
845 3698 864 3760 η
888 3668 960 3740 ἀντὶ
989 3667 1172 3758 κακόδοροι

59 3765 81 3859 ἢ
100 3765 141 3839 οὗ
159 3767 367 3857 deducamur·
393 3764 509 3845 Οὕτως
519 3761 726 3855 Ἡρωδιανὸς
749 3771 844 3859 (περὶ
861 3777 1062 3861 παθητικῶν
1080 3774 1169 3858 cod.)

58 3872 139 3939 ΕΜ.
171 3870 211 3937 18
218 3916 228 3949 ,
257 3868 310 3938 39.
339 3867 392 3936 cui
415 3869 456 3936 de
480 3878 587 3956 etymo
610 3869 827 3959 adstipulatur
860 3874 1024 3943 Arcadius
1053 3900 1086 3963 p.
1118 3875 1170 3940 68.

127 4144 158 4214 Β)
172 4141 335 4200 Eustathins
349 4143 424 4210 rur,
439 4143 482 4199 33.
495 4139 695 4249 ἆγαυρὸςαδα
677 4143 789 4222 αγααός,
808 4149 863 4204 hoc
883 4155 977 4204 eutem
991 4145 1057 4202 ΕΜ.
1071 4164 1136 4220 aya
1118 4151 1170 4204 ιιίω

57 4228 171 4305 repetit.
197 4226 930 4311 1111111111119,15.αγανόςπααραιόγαάννιινσθ
949 4230 1062 4290 idern«
1063 4237 1122 4289 1ιι
1045 4255 1122 4306 αιιγ
1124 4254 1172 4297 νος

57 4314 73 4387 ἡ
80 4313 168 4389 χαρά·
181 4314 212 4370 id
223 4311 316 4370 1111’
283 4310 373 4385 oevyrir
384 4313 613 4392 interpretantur.

106 4402 242 4453 boreos,
255 4402 346 4449 sutor
394 4438 397 4445 .
941 4405 963 4476 2
