2736 4778
198 290 274 365 ³22
487 279 806 350 DISSERTATIO
837 278 883 345 11.
926 277 966 345 P.
988 276 1018 344 1.

196 470 241 539 td
262 468 390 539 Herod.
412 492 446 556 p.
470 467 521 534 80.
541 461 703 556 ’Όμμενον
730 467 768 535 ἐκ
795 469 851 533 τοῦ
871 459 1021 551 uiuidior
1042 458 1128 529 κατὰ
1148 461 1318 553 συστολὴν

196 571 256 639 καὶ
287 566 480 657 ἀναδρομὴν
510 573 568 637 τοῦ
600 567 712 647 τόνου,
747 564 768 656 ἢ
800 566 836 636 ἐκ
865 571 925 635 τοῦ
952 559 1116 651 ὀρόμενον
1142 563 1316 653 συνεκόπη

196 673 308 745 Schol.
340 672 381 738 Il.
412 671 514 737 XXI.
550 671 599 737 14.
654 669 739 736 Cum
769 667 940 753 δέγμενος,
974 669 1141 754 λέγμενος,
1172 658 1318 751 ὄρμενος

197 776 435 845 Gummsticus
446 773 625 841 inDissert
636 771 699 838 Lc.
707 771 738 836 9.
750 795 784 859 p.
798 771 869 838 187.
881 770 998 836 citatus
1011 768 1136 835 confert
1147 761 1317 853 ὅρχμενος

196 890 353 965 tunquam
372 877 489 943 eodem
508 897 629 963 genere
651 896 817 962 syncopae
838 884 1056 950 encaustum,
1085 870 1175 959 quod
1197 869 1315 939 critici

196 981 327 1049 duobus
350 977 540 1047 Cuilimechi
569 976 651 1044 locis
679 977 887 1043 restituerunt
914 999 944 1040 v.
966 975 1116 1041 Krsmer.
1137 974 1180 1039 sd
1202 972 1314 1043 strab.

197 1083 239 1150 Τ.
266 1082 296 1148 Ι.
326 1106 360 1169 p.
390 1080 441 1146 70.
491 1079 561 1145 Illis
589 1090 697 1144 tumen
725 1078 920 1144 antecedunt
944 1077 1034 1143 modi
1062 1077 1142 1145 recti
1164 1076 1315 1161 ejusdem

196 1184 321 1250 iormse
348 1183 458 1260 ὀέκιο,
495 1179 591 1247 λέκιο
626 1190 687 1246 ete.
723 1172 883 1265 ἄρχμενος
912 1179 1051 1243 tortasse
1077 1188 1178 1265 poeto
1206 1188 1313 1245 metro

197 1282 375 1353 inserviens
397 1282 503 1348 vocali
530 1281 640 1348 debita
670 1281 938 1368 circumscripsit,
970 1303 1035 1366 que
1063 1290 1150 1347 curet
1177 1276 1315 1365 έχμενος

196 1386 218 1453 i.
241 1408 270 1452 o.
292 1384 424 1451 tiletum
445 1396 479 1451 et
497 1384 689 1451 indicativus
710 1381 863 1470 Ἐλὲχμην
884 1382 1099 1472 ἐξηλεγχόμην
1119 1382 1203 1472 Hes.

662 1657 774 1727 CAP.
805 1661 847 1728 V.

605 1800 667 1873 Dc
704 1803 899 1898 μμείζο

282 1991 309 2075 1.
333 1990 362 2054 1.
404 1985 545 2073 Ypsilon
565 1985 599 2049 in
620 1984 725 2072 prima
744 1984 976 2054 vocabulorum
997 1994 1091 2070 purte
1113 1982 1217 2049 omitti
1239 2005 1314 2050 see·

199 2091 275 2181 pius
308 2090 425 2159 dicitur
456 2110 555 2174 qusm
585 2087 752 2174 probatur.
807 2093 1015 2174 Πρυτανεῖον
1054 2085 1205 2153 ἐκαλεῖτο
1241 2079 1315 2152 οἷον

199 2196 441 2278 νευροταμεῖον·
471 2190 580 2274 πυρὸς
605 2189 668 2276 γὰρ
697 2184 715 2253 d
743 2195 836 2268 σῖτος
863 2191 943 2255 ΕΜ.
971 2189 1049 2268 693,
1073 2189 1126 2255 50.
1157 2189 1211 2256 cui
1236 2188 1313 2257 Sul-

198 2293 320 2361 mssius
350 2293 393 2356 ed
420 2291 583 2376 Spartiun.
613 2292 655 2358 V.
684 2291 788 2357 Hudr.
822 2315 850 2358 c.
880 2293 931 2356 20.
965 2314 1134 2357 assensum
1161 2290 1313 2379 praebuit

198 2395 350 2463 inductus
382 2390 518 2459 Eusebii
549 2393 622 2459 loco
663 2393 696 2457 in
739 2415 805 2478 quo
836 2394 1022 2460 Brucheum
1052 2394 1313 2460 Alexandrinum

199 2501 397 2581 πυρουχεῐον
429 2505 571 2559 vocatur.
623 2494 690 2559 Hic
726 2494 754 2559 si
790 2495 835 2559 its
879 2496 1063 2583 scripsisset
1099 2517 1311 2581 agnoscerem

199 2610 332 2665 acumen
362 2595 502 2662 hominis
528 2595 601 2661 voci
626 2596 817 2682 peregrinae
839 2598 982 2684 speciem
1002 2620 1153 2683 graecam
1173 2596 1311 2664 reddere

199 2698 357 2765 sonantis.
401 2696 470 2763 Sed
499 2697 572 2761 cod.
599 2697 709 2783 regius
731 2697 867 2783 praebet
887 2700 993 2764 verius
1016 2708 1194 2786 προνχιῐον
1218 2711 1255 2765 ut
1278 2700 1312 2765 in

198 2790 277 2868 vita
297 2797 468 2886 Apollonii
490 2809 638 2875 vocatur3
668 2823 744 2863 nsm
771 2800 937 2885 regionem
963 2798 1053 2865 urbis
1083 2801 1310 2886 splendidissi-

199 2921 284 2966 msm
306 2923 326 2964 a
346 2900 504 2986 granariis
526 2923 645 2967 nomen
670 2902 835 2988 occepisse
864 2925 931 2967 non
958 2913 1085 2967 constat
1107 2913 1139 2966 et
1160 2904 1311 2988 panaris

199 3003 328 3089 nlisque
352 3001 470 3068 horres
498 3027 564 3069 non
592 3012 773 3090 πνροιιχεῑα
801 3004 853 3068 vel
883 3011 1049 3085 σινοιιχιῖιι
1072 3005 1123 3069 vel
1145 3002 1310 3086 οἱνονχεῖα

199 3106 351 3173 dicuntur
376 3106 573 3192 omninoque
605 3106 729 3172 nullum
759 3105 952 3172 vocabulum
984 3107 1191 3194 periecticum
1217 3108 1310 3174 novi-

198 3232 270 3274 mus
293 3230 366 3273 oum
387 3207 486 3273 verbo
508 3209 593 3290 έχιιν
615 3209 845 3296 compositum,
869 3233 888 3273 u
910 3232 975 3294 quo
998 3209 1098 3273 multu
1119 3210 1251 3294 quidem
1276 3210 1311 3273 in

199 3296 300 3393 ἶῆιῖξ
325 3308 510 3374 deriventur
536 3310 594 3373 sed
616 3332 657 3375 ne
678 3334 778 3374 unum
801 3311 932 3394 quidem
958 3311 991 3375 in
1017 3297 1161 3393 ffl
1197 3313 1310 3397 Atque

198 3410 262 3476 hoc
283 3421 473 3496 argumento
497 3410 669 3476 revincitur
687 3411 880 3497 Goettliugii
900 3411 1011 3497 opinio
1036 3411 1076 3476 de
1093 3413 1175 3478 Ace.
1201 3436 1235 3498 p.
1259 3415 1309 3481 11.

198 3511 365 3579 Bruchion
387 3506 456 3579 dmi
479 3518 537 3580 τοῦ
559 3514 713 3601 προέχειν·
736 3513 977 3578 denominatum
997 3535 1078 3579 esse.
1111 3515 1188 3580 Non
1203 3515 1309 3581 minus

201 3612 299 3676 dubia
321 3624 371 3678 est
389 3614 528 3680 nominis
560 3613 732 3703 προκώνια
755 3614 976 3700 interpretatio
999 3615 1033 3679 in
1055 3616 1182 3681 Anecd.
1204 3616 1310 3683 Bekk.

199 3714 272 3778 294.
301 3723 332 3778 et
360 3714 437 3780 alibi
459 3717 591 3781 trudito:
628 3712 800 3802 προκώνια
834 3716 908 3804 γένη
939 3717 1177 3800 θυμιαμάτων,
1213 3715 1243 3786 oi
1273 3718 1311 3786 δὲ

198 3812 258 3895 τὰς
279 3809 470 3903 deprimor-¹9
493 3812 655 3906 κριθὰςῆ
678 3809 749 3885 οἷον
768 3817 959 3905 περοκιέινια
987 3817 1090 3905 πυροὶ
1116 3821 1227 3903 μέλιτι
1255 3847 1311 3888 κε-

197 3920 368 4003 χρισμένον
403 3915 461 3982 καὶ
493 3916 527 3985 ἐν
560 3913 643 4007 ἡλίῳ
678 3916 877 4009 ὥνιτημένοι.
932 3915 1072 4004 Λάγνης
1101 3943 1142 3985 ex
1172 3918 1312 4008 λαμένης

199 4027 399 4085 contractum
427 4041 500 4085 esse
525 4020 641 4087 dicitur
663 4017 827 4087 Choerob.
852 4018 1073 4086 Can.1.146.
1102 4029 1248 4109 mprrpui
1270 4047 1311 4089 ex

199 4124 296 4207 περῶ
322 4120 415 4186 Eust.
444 4122 521 4201 706,
550 4122 601 4188 15.
627 4145 666 4189 ea
697 4145 773 4191 vero
806 4135 855 4188 est
885 4122 1115 4188 somniantium
1143 4124 1311 4190 divinatio.

204 4222 300 4313 Μιόψ
332 4217 351 4290 ὁ
383 4221 430 4314 μὴ
461 4220 649 4310 ὀξυδορκιῦν
681 4226 763 4291 Ηεε.
796 4226 850 4291 ulii
882 4248 942 4312 per
970 4225 1083 4290 vitium
1111 4250 1172 4313 pro
1207 4228 1312 4322 μέιοψ
