2736 4778
336 346 401 413 Du
422 342 701 411 prunorum.
745 342 785 409 c,
808 344 837 409 1.
874 348 900 430 §-
922 345 953 410 ο.
993 324 997 331 “
1126 352 1201 422 ιον

90 523 193 610 σμύς·
223 524 432 613 Ἡραδιανύς
452 530 533 594 ΕΜ.
554 526 606 605 63,
630 528 681 592 18.
707 549 804 611 quem
826 527 971 610 sequitur
992 529 1140 596 Joannea
1161 529 1204 597 de

90 630 174 695 Tou.
204 629 258 707 38,
288 630 340 694 11.
367 628 410 694 τὰ
438 626 488 707 τίς
507 613 853 706 α’ς-ύξύνιται-τύ
877 630 992 710 μέντοι
1012 631 1118 706 πέλας
1140 637 1204 714 βα-

89 727 221 813 ρύνεται
242 729 302 795 καὶ
325 727 366 794 τὸ
388 726 552 813 ἀτρέμας·
572 725 613 794 σύ
635 727 675 794 δὲ
692 726 882 813 attactae)
900 723 980 813 παρ’
1002 723 1206 797 Ἱππώνακτι

90 824 316 926 παροξύνεται
333 824 659 914 (προπαροξύνεται)
679 823 751 894 ἀπὸ
773 831 834 896 τοῦ
857 824 933 904 ἃλις
953 825 1144 893 πλεονάσαν
1159 833 1206 916 τῷ

91 954 123 994 α.
135 929 169 1013 ⁸)
200 929 307 1015 Apud
326 927 530 1014 Hesychium
549 927 690 1013 legimus
712 924 789 1013 γάλι
812 925 939 1006 ἱκανόν,
963 929 1054 1012 quod
1074 928 1207 1016 ambigo

91 1038 200 1092 utrum
217 1038 367 1094 neutrum
388 1030 430 1094 eit
450 1027 599 1120 adjectivi
621 1029 656 1094 iu
679 1027 875 1095 adverbium
882 1029 968 1095 versi
984 1027 1060 1108 ἅλις
1074 1040 1112 1094 ut
1120 1022 1208 1117 Ἰφτς

93 1121 167 1215 ἶφι,
198 1124 301 1207 τύθύς
330 1125 442 1209 aaut„
458 1138 501 1194 ari
526 1129 686 1195 nuceram
712 1131 803 1196 vocis
831 1131 969 1196 formam
994 1130 1206 1216 redintegret,

93 1229 145 1294 cui
167 1240 283 1316 postea
302 1229 408 1315 sigma
428 1229 579 1295 adhaesit
598 1241 636 1296 ut
656 1226 805 1319 ἀτρέμας
812 1279 820 1310 ,
848 1226 984 1320 ἠρέμας.
1017 1232 1068 1299 'si
1090 1242 1207 1298 natura

91 1331 285 1414 adjectivum
307 1330 386 1409 fuit,
417 1332 620 1397 accusativus
647 1327 746 1409 ἅλιος
773 1337 825 1416 (ut
845 1328 1005 1421 ιρύφιας)
1032 1333 1067 1398 in
1089 1335 1205 1400 adver·

90 1429 180 1494 bium
204 1430 422 1517 degeneravit.
465 1433 583 1518 Itaque
605 1432 787 1511 damulus,
817 1456 900 1518 quae
929 1456 990 1520 pro
1014 1435 1205 1520 pleonasmo

89 1531 201 1598 literae
227 1531 327 1619 alpha
355 1533 578 1620 proferuntur,
617 1555 784 1619 perpauca
822 1534 1092 1621 approbationem
1132 1558 1204 1602 mo·
1236 1579 1241 1589 ·

90 1641 165 1697 vent
186 1654 291 1717 eaque
313 1634 423 1699 omnia
443 1658 464 1699 a
487 1635 596 1699 nativa
616 1633 719 1699 forma
740 1635 783 1699 ad
806 1634 941 1700 aliorum
963 1635 1207 1700 similitudinem

91 1734 238 1800 traducta
266 1744 352 1800 eunt.
406 1735 471 1801 Hie
506 1735 661 1802 continuo
695 1735 866 1820 subjiciam
895 1735 1139 1824 diphthongos,
1172 1738 1205 1802 iu

92 1833 210 1920 quibus
232 1835 348 1901 eadem
369 1836 492 1901 vocalia
513 1836 608 1903 ineat.
651 1833 760 1914 Εύνύς
787 1838 875 1923 λέγει
903 1838 964 1914 τὰς
985 1833 1131 1924 ἀγκύρας
1149 1836 1208 1904 καί

91 1931 163 2002 κατ’
188 1932 368 2004 ἔπέκσασιν
390 1931 524 2014 εὐναίας
544 1938 702 2022 Apollon.
724 1937 809 2002 Lex.
836 1934 948 2022 Αἰαίη
975 1939 1106 2021 λέγεται
1127 1962 1206 2023 κτη-

90 2040 192 2113 ττκῶς
208 2030 277 2103 ἀπὸ
293 2038 354 2123 τῆς
366 2031 461 2112 Αἴας
478 2032 531 2122 (ἢ)
551 2035 636 2103 κατὰ
655 2035 865 2117 πλεονασμὸν
878 2022 996 2124 cipe-ui
1016 2032 1208 2122 διφθόγγου

93 2135 204 2203 Sohol.
227 2135 341 2223 Apoll.
363 2135 429 2200 111.
453 2134 546 2200 1093.
572 2137 698 2223 quippe
718 2157 786 2200 non
808 2134 913 2200 solum
923 2135 1065 2200 Medeae
1083 2144 1116 2199 et
1134 2133 1207 2200 Cir-

93 2258 149 2302 ces
171 2235 340 2323 epitheton
362 2234 422 2302 aed
445 2236 542 2301 etiam
563 2237 690 2302 insulae
712 2247 745 2301 et
762 2235 976 2322 promontorii
992 2257 1112 2302 nomen
1128 2258 1207 2323 pro·

93 2337 201 2424 prium
225 2348 283 2403 eet
327 2335 539 2423 Appellativa
561 2336 659 2423 hujus
683 2337 814 2424 generis
840 2339 898 2404 στλ
922 2335 1013 2416 ναία,
1043 2338 1207 2425 γαληναία

94 2449 155 2503 etc.
179 2459 220 2503 cx
243 2437 394 2523 professo
415 2448 575 2504 scrutatus
598 2461 671 2503 aum
687 2438 723 2503 in
743 2438 862 2504 Parall.
919 2438 1014 2507 7.,ο1.
1025 2437 1100 2503 358.
1122 2460 1207 2502 rem·

92 2561 157 2623 quc
179 2560 219 2604 eo
243 2538 365 2605 deduxi
387 2548 423 2602 ut
443 2540 596 2625 epactam,
620 2562 719 2624 quam
732 2539 787 2605 ille
802 2549 908 2614 vocat,
932 2538 1000 2604 eive
1016 2539 1206 2626 pleonasmo

91 2638 274 2704 renunciari
302 2639 417 2725 possit.
471 2641 733 2725 Adjcctivorum‚
768 2663 852 2726 quae
884 2640 919 2705 in
951 2640 1034 2706 hanc
1064 2640 1208 2727 speciem

91 2740 254 2818 incidunt,
283 2763 384 2804 unum
411 2740 506 2805 affert
532 2742 721 2829 Stephanus
749 2741 880 2826 βώμιος
907 2742 963 2810 καί
985 2741 1070 2810 κατὰ
1091 2766 1207 2825 παρα-

93 2841 201 2926 γωγὴν
215 2846 391 2923 βωμιαῖος.
424 2841 510 2920 Sunt
530 2865 606 2909 vero
629 2845 730 2908 multo
753 2845 863 2929 plura,
890 2866 1029 2927 quorum
1051 2843 1209 2908 nonnulla

92 2940 266 3006 Atticietae
286 2940 486 3027 vituperant:
510 2942 716 3021 ἐνιαυσιαῖος
735 2944 781 3030 μὴ
805 2944 895 3028 λέγε,
926 2938 1001 3009 ἀλλ’
1029 2939 1207 3017 ἐνιαύσιος.

92 3041 217 3126 Phryn.
239 3041 329 3127 Epir„
351 3042 424 3108 362.
446 3039 585 3110 τύκταῐα
609 3044 665 3108 καί
688 3036 907 3124 ἀτακτότερον
938 3037 1035 3106 εύκτύ
1057 3042 1143 3106 Poll.
1165 3041 1208 3106 V.

96 3142 168 3207 130.
198 3141 240 3208 de
265 3164 332 3226 quo
358 3143 425 3207 vid.
454 3144 528 3207 Ant
549 3142 693 3208 Animm.
724 3141 767 3204 ad
787 3140 897 3225 Legg.
922 3163 955 3226 p.
980 3139 1051 3204 166.
1074 3139 1138 3203 alia
1159 3137 1210 3202 di-

92 3265 219 3308 versam
240 3243 444 3329 aprimitivis
463 3235 733 3328 significationem
749 3239 869 3306 habere
889 3242 1024 3308 docent:
1047 3238 1211 3327 apocopae

94 3342 155 3409 ἐπὶ
183 3341 325 3423 τάξεως,
355 3342 544 3429 προτεραία
571 3345 609 3412 dri
639 3342 697 3411 ἐπὶ
723 3337 984 3440 μόναρς-ἦμέρας
1003 3344 1157 3406 Ammon.
1179 3350 1212 3407 et

93 3445 202 3529 Etym.
221 3444 502 3528 Gud.483‚10.⁹)
525 3440 594 3513 ἀπὸ
617 3448 682 3510 τῶν
704 3440 752 3521 εἷς
773 3469 852 3524 στος
878 3442 1002 3530 γίνεται
1025 3443 1209 3532 παραγωγὴ

164 3681 195 3748 8)
215 3680 248 3734 In
268 3682 336 3736 Eur.
355 3681 417 3735 Ion.
433 3681 492 3734 m.
512 3679 547 3734 G.
563 3676 728 3733 Dindorfiue
747 3675 827 3738 ἁλίας
844 3676 939 3749 posuit
958 3695 1010 3750 pro
1030 3675 1141 3747 ἁλίσας,
1164 3694 1209 3732 ee·
1308 3656 1311 3661 ¹

97 3764 152 3819 teri
169 3764 236 3826 ἅλις.

167 3850 198 3917 λ)
210 3848 370 3906 Βίτοτίτοοο
382 3848 483 3904 tollere
496 3845 729 3903 videturPBotiue
738 3850 865 3919 Προτέρα
878 3851 924 3903 καλ
935 3854 1097 3921 προτεραία,
1111 3845 1212 3917 ὑστέρα

96 3938 145 3989 καλ
168 3934 309 4008 ὑστεραία.
345 3935 432 4006 Apud
451 3933 590 3990 Herodot.
610 3933 632 3989 1.
653 3934 710 3987 126.
735 3934 883 4004 quaerenti
906 3934 1016 3990 cuidam
1039 3936 1075 3988 de
1099 3932 1213 3986 duobue

96 4019 199 4075 diebus
212 4028 275 4074 uter
287 4016 411 4075 convivia
424 4017 512 4090 magia
526 4017 672 4092 placuerit,
688 4015 704 4086 ἡ
720 4016 847 4092 ὑστεραίᾳ
864 4015 881 4086 ἢ
897 4017 913 4088 ἡ
929 4022 1079 4091 προτεραίᾳ
1094 4032 1212 4087 reapon-

96 4109 181 4160 detur
198 4104 213 4174 ἡ
232 4110 360 4178 προτέρη.
397 4105 445 4159 Sic
462 4104 546 4161 etiam
562 4109 715 4178 γενομένης
727 4106 771 4165 eu
784 4105 927 4172 ἐκκλησίας
939 4106 969 4175 τῇ
981 4103 1037 4175 μέν
1048 4103 1169 4174 προτέρᾳ
1178 4128 1214 4142 -·

95 4194 126 4264 τι]
142 4192 174 4245 δὲ
193 4189 324 4263 ὑστεραίᾳ
340 4189 563 4266 Thuc.1.ti.rj
581 4197 701 4264 προτέρᾳ
719 4193 774 4245 τῶν
789 4191 1015 4260 ἐκκλησιῶν-τῇ
1033 4187 1064 4241 δὲ
1082 4183 1214 4261 ὑστεραίᾳ

95 4275 201 4331 Aeaeh.
216 4277 290 4331 Fata.
304 4278 375 4348 Lag.
386 4279 444 4342 335,
458 4279 500 4333 65.
537 4276 592 4332 Hic
610 4276 723 4331 Bremio
742 4270 906 4329 concinnius
923 4271 1036 4327 videtur
1054 4277 1213 4348 προτεραίᾳ,

533 4404 542 4447 ί
