2736 4778
201 325 267 392 DE
287 322 559 392 PROSTHESI
578 322 641 388 ΕΤ
664 323 926 393 APHAERESI.
961 323 1001 393 C.
1016 327 1095 395 VII·
1150 333 1223 406 129

106 509 201 574 retuli
228 509 263 573 in
281 507 385 573 Proll
406 500 482 572 291.
505 527 525 568 ιι
549 527 616 590 quo
638 528 706 570 non
725 508 861 571 multum
881 507 975 574 obest
993 506 1106 591 χιτών,
1133 512 1161 576 si
1187 511 1224 578 id

106 611 241 699 proprie
262 629 411 698 pannum
433 605 595 691 significat
615 612 691 692 ιιιῤ
673 604 789 692 ῥάκος,
807 606 897 692 quod
914 607 955 672 sb
972 608 1034 676 aiio
1052 610 1225 678 scindendi

104 711 207 779 verbo
234 709 417 775 derivatum
438 716 497 772 est.

192 809 414 896 Liquidnrum
429 807 485 873 uni
501 809 547 893 μῦ
571 807 677 894 sigma
689 806 725 871 in
747 807 863 873 ecdem
886 804 1012 894 syllaba
1032 768 1227 896 praecedere

109 923 223 1003 potest
251 921 284 977 et
312 909 389 975 hinc
409 930 505 996 saepe
528 908 601 975 soni
625 907 793 998 aspirandi
823 930 924 976 causa
949 908 1101 994 adjicitur
1120 932 1228 995 neque

109 1039 179 1082 non
199 1034 275 1079 raro
298 1008 479 1078 detrahitur.
515 1002 750 1096 Μάραμδον’
727 1033 804 1077 ανεν
825 1013 927 1078 sorio
955 1010 1104 1078 λιιιτέον·
1130 1008 1229 1096 παρὰ

113 1117 179 1204 γὰρ
207 1114 246 1182 τὸ
274 1108 478 1229 μαρμαίρειν
502 1104 697 1229 pirripoorot
718 1106 840 1175 Athen.
864 1109 929 1176 ΠΙ.
952 1110 1004 1176 94.
1026 1112 1066 1177 Β.
1090 1110 1227 1177 sedulii

115 1217 337 1306 pleonasmum
355 1210 478 1277 haud
468 1211 582 1299 mique
611 1210 719 1276 ierunt
749 1234 779 1277 v.
801 1210 903 1276 Proll.
936 1211 1010 1277 303.
1042 1208 1228 1299 Σμαράγνα

109 1315 256 1402 μοὶοτιγξ
272 1311 331 1381 καὶ
347 1312 449 1399 χωρὶς
469 1316 530 1381 τοῦ
552 1337 573 1381 σ
593 1313 676 1379 Hes.
702 1322 875 1398 utrumque
899 1311 1095 1379 conveniens
1115 1310 1225 1378 verbis

109 1415 241 1504 quael.
273 1434 302 1480 c.
330 1412 434 1478 attuli.
484 1413 552 1478 Pro
576 1411 719 1500 μαριλη,
749 1412 841 1500 quod
867 1412 1051 1500 ibidemp.
1080 1413 1152 1478 117.
1181 1412 1225 1479 sd

106 1513 261 1608 μαραίνω
294 1514 442 1592 retuli,
432 1537 468 1579 ιιι
501 1514 639 1580 Aristot.
667 1508 790 1580 Mirab.
823 1534 851 1578 c.
878 1513 931 1577 41.
963 1537 997 1601 p.
1027 1511 1100 1579 835.
1124 1536 1153 1578 ιι.
1171 1512 1225 1580 25.

108 1614 256 1703 ομαρίλη
287 1615 440 1681 scribitur
466 1615 618 1682 codicum
645 1637 808 1682 consensu
830 1636 965 1681 summo.
1010 1613 1227 1682 Μωλοθιῒοα

108 1718 192 1806 πυρὶ
230 1716 389 1806 σμαλιρῷ
426 1715 522 1783 Poet.
561 1717 603 1783 de
637 1716 742 1784 Herb.
785 1716 856 1783 101.
897 1718 1106 1782 Hermannus
1147 1714 1226 1781 olim

109 1816 340 1906 corrigendum
368 1819 496 1884 censuit
524 1818 569 1883 sd
601 1818 708 1906 Orph.
746 1842 779 1906 p.
809 1818 882 1883 718.
909 1828 1027 1904 postea
1051 1816 1225 1884 revocavit.

108 1920 245 2006 Μέρόις
276 1918 382 1984 Persa
413 1918 536 1986 Aesch.
568 1920 662 1986 Pers.
692 1921 764 1985 774.
800 1918 935 1984 alibi}
931 1919 1049 2005 μέρδις
1078 1928 1226 1996 vocatur,

109 2020 201 2108 quod
229 2018 456 2087 Blomfieldius
484 2019 661 2086 substituit.
709 2022 841 2086 Horum
863 2030 972 2104 etymo.
994 2017 1122 2105 sepulta
1141 2028 1227 2085 sunt.

110 2122 182 2191 Sed
203 2142 277 2188 oum
295 2118 395 2187 verbo
417 2118 582 2207 μηρύιται
603 2117 718 2207 ὑψόθι
741 2117 857 2200 κισσός
872 2119 1013 2186 Theocr.
1029 2119 1058 2185 Ι.
1073 2120 1126 2186 29.
1146 2142 1228 2208 cog-

111 2223 279 2289 nationem
295 2218 418 2287 habent
435 2216 568 2308 Σμηρία
588 2216 714 2298 κισσός,
735 2217 920 2307 Σμήριγγες
941 2221 1083 2289 utensi
1104 2219 1228 2308 οειραί,

110 2322 307 2414 βόστροχαι,
335 2318 480 2410 Miro}
506 2312 641 2387 cisonio
670 2318 705 2386 ἐν
732 2324 803 2398 ιοῖς
830 2318 936 2407 ἐρίοις
962 2324 1027 2388 τῶν
1048 2320 1230 2407 προβάτων

109 2425 267 2512 γενομένη
286 2423 370 2489 Hes.
396 2431 430 2486 et
450 2420 542 2507 quod
561 2420 755 2486 Eustethius
780 2421 904 2509 duplici
928 2422 1028 2489 modo
1051 2423 1149 2488 scribi
1177 2433 1227 2489 te-

112 2538 270 2613 staturp.
294 2524 388 2601 1333,
413 2521 466 2588 32.
501 2521 652 2649 Ὅμηρος
672 2523 734 2607 μὲν
763 2520 933 2645 μνὶρινθον
965 2516 1052 2602 οἶδε,
1088 2527 1230 2592 Παυσα-

110 2627 186 2708 νίας
213 2627 251 2694 dd
278 2622 313 2692 ἐν
336 2648 384 2710 τῳ
416 2621 535 2711 sterno
562 2620 618 2689 και
644 2622 728 2745 perci
748 2626 808 2692 sori
828 2649 849 2692 ο
870 2619 917 2702 ὥς
937 2620 1120 2690 Πλάτων’
1104 2650 1139 2692 εν
1158 2620 1231 2691 Νό·

110 2752 191 2815 μοις
217 2750 249 2793 v
274 2723 397 2791 Psrall.
418 2722 490 2788 167.
518 2713 670 2808 Mlyo‘
650 2747 669 2788 ο
694 2746 751 2789 και
744 2720 880 2809 ομίγω
910 2723 1040 2810 λέγεται
1069 2723 1230 2791 Moscho-

110 2828 222 2945 pulos
232 2824 353 2895 Sched
373 2822 445 2890 116.
466 2845 485 2889 e
509 2823 636 2889 sentina
657 2822 847 2908 haurient
807 2821 954 2912 ..μικρός
969 2825 1081 2892 Atthis
1097 2828 1232 2913 antiquo

110 2928 239 3017 recepit
260 2951 292 2994 v
318 2924 461 2994 Bredow
484 2924 573 2991 Dici.
594 2925 721 2991 Herod.
751 2926 824 2990 121.
850 2925 1044 2992 Eustnthius
1066 2927 1147 3006 857,
1175 2930 1230 2995 27.

110 3030 152 3098 τὸ
183 3026 307 3113 ομιλαξ
324 3025 388 3108 soii
407 3024 482 3109 δίχα
503 3029 562 3095 τοῦ
583 3049 604 3094 ο
627 3023 739 3108 μῖλαξ
781 3024 888 3090 Milax
907 3026 1048 3090 Romani
1078 3027 1232 3114 ignorant

112 3129 176 3197 sed
204 3127 344 3195 smiloois
374 3127 508 3194 nomine
534 3126 678 3192 diversas
706 3123 892 3211 significent
917 3125 1037 3214 stirpes
1059 3136 1092 3192 et
1112 3128 1232 3195 Graeci

113 3252 263 3320 quoque,
301 3230 331 3296 si
358 3227 533 3298 Eustathio
572 3225 735 3291 credimus
767 3226 864 3306 1822,
896 3228 949 3294 21.
982 3227 1094 3294 cardui
1126 3252 1232 3317 genus

112 3330 266 3419 σμίλακα
295 3330 518 3419 appellarunt,
549 3327 694 3415 plantam
718 3324 862 3411 μίλακα,
889 3329 949 3395 sed
969 3330 1034 3398 hoo
1057 3331 1231 3401 discrimen

114 3433 159 3500 ob
187 3442 365 3521 perpetuas
392 3430 550 3498 librorum
579 3428 800 3496 dissensiones
830 3430 1008 3519 approbari
1031 3457 1099 3500 non
1121 3444 1233 3524 potest

111 3558 144 3601 v.
168 3532 304 3604 Jacobs.
326 3531 367 3599 ab
389 3532 465 3599 Ael.
488 3554 521 3618 p.
543 3530 616 3599 230.
638 3530 751 3598 Elmsl.
767 3530 921 3600 sdBach.
939 3533 1011 3601 108.
1041 3535 1230 3609 Schneider.

114 3635 160 3702 nd
180 3635 266 3702 Plat.
289 3632 361 3702 civ.
384 3634 426 3701 Τ.
448 3633 476 3700 I.
500 3632 572 3699 163.
598 3630 724 3715 Σμοιός
745 3643 777 3698 et
797 3633 897 3718 μοιός
918 3632 937 3703 ὃ
960 3638 1167 3726 σκυθρωπός
1188 3642 1231 3708 sd

113 3734 191 3822 μύω
210 3736 307 3803 retuli
326 3734 454 3803 Techn.
476 3735 550 3800 274.
582 3728 752 3817 Σμογερός
771 3732 954 3826 μοχθηρός·
964 3738 1047 3806 Hes.
1069 3741 1149 3807 nihil
1166 3742 1230 3807 dif.

113 3838 179 3904 tert
204 3860 225 3903 s
253 3834 434 3923 ομνγερός,
464 3837 556 3922 cujus
586 3833 680 3921 origo
703 3831 878 3920 ambigitur
902 3835 1134 3927 ἐπισμυγερῶς
1157 3838 1229 3908 6πὸ

112 3941 181 4006 τῶν
201 3931 552 4024 ἐπισμνχομένων-ἢ
573 3932 747 4014 ἐπιπόνως
763 3935 817 4022 (id
828 3948 878 4003 est
891 3941 1056 4028 μογιρῶς)
1073 3924 1233 4018 αἰολικῶς

115 4038 196 4109 sch.
221 4039 290 4105 Od.
312 4038 379 4104 ΠΙ.
401 4037 474 4104 195.
494 4037 556 4105 IV.
578 4035 651 4102 672.
695 4034 789 4103 Idem
808 4035 964 4124 Σμυόρός
989 4036 1096 4104 διαπι
1088 4061 1156 4122 ρος
1181 4037 1234 4107 σι’-

114 4142 281 4227 dimoc}
250 4144 342 4224 μῦς
360 4134 464 4223 ομῦς,
489 4140 581 4224 cujus
605 4160 812 4224 synonymon
833 4150 883 4204 est
903 4136 1107 4300 opt'vdpe
1078 4137 1233 4237 μοιηήρ

168 4243 251 4284 ιιιι
257 4241 409 4290 ιιιιιιιι.
