2736 4778
189 343 264 417 3811
487 335 799 407 DlSSERTATlO
826 336 861 402 11.
905 338 945 404 P.
968 336 1006 404 11.

145 598 150 607 .
187 544 261 591 ease
290 519 374 587 κατὰ
402 521 583 610 σογκοοήν,
611 535 680 589 tum
708 523 813 589 recisa
841 522 954 587 ultima
974 516 1085 607 μάκαρ
1108 519 1305 589 Choerobo-

184 646 261 699 scus
286 623 403 689 iterum
413 634 512 707 atquo
522 623 639 689 iterum
649 625 819 710 praedicat
830 623 914 690 Can.
925 647 959 710 p.
971 623 1024 700 84,
1034 622 1088 688 27.
1108 647 1142 710 p.
1153 622 1227 701 316,
1253 623 1304 689 15.

183 725 244 801 aad
254 724 429 791 fidemnon
449 725 595 809 acquirit.
633 725 793 809 Ejusdem
811 725 950 791 levitatis
971 734 1022 789 est
1047 719 1128 812 ἀλέη
1151 717 1225 790 cirri
1241 728 1304 791 aori

183 821 314 914 ἀλεωρή
336 824 421 890 κατὰ
442 822 610 913 σογκοοήν
631 826 808 913 Moschop.
831 828 913 893 Her.
938 826 1032 913 Opp.
1054 824 1129 891 539.
1152 825 1260 910 (545).

650 1094 753 1161 CAP.
787 1094 832 1161 11.

188 1248 240 1319 lla
272 1270 427 1345 syncope
459 1251 560 1318 lrriua
603 1263 639 1321 et
669 1253 813 1347 amplius
845 1252 1023 1321 literarum
1060 1250 1117 1319 cel
1146 1248 1302 1345 ejusdem

492 1370 654 1468 syllabae
681 1372 740 1441 uel
763 1370 987 1441 deirersurum.

271 1536 298 1617 ς.
323 1534 351 1598 1.
397 1533 508 1615 Quum
530 1534 678 1601 nonnulli
705 1535 869 1621 duplicem
893 1536 1039 1618 ejusdem
1059 1531 1200 1599 nominis
1221 1553 1301 1618 spe-

182 1635 268 1701 ciem
288 1626 445 1718 ’Άλκιμος
467 1648 500 1700 et
525 1631 730 1720 Ἀλκιμέδων
755 1637 801 1700 ita
822 1637 1063 1712 conciliassent,
1085 1646 1122 1699 ut
1141 1633 1225 1698 hanc
1247 1633 1301 1697 in·
1328 1710 1331 1715 .

185 1748 330 1821 tagram,
347 1736 436 1801 illam
462 1736 625 1803 concisam
648 1737 811 1813 dicerent,
833 1738 1025 1803 Eustathius
1049 1736 1143 1813 1189,
1162 1734 1298 1819 48.,pro

186 1859 353 1923 syncopae
378 1838 527 1925 exemplo
552 1838 646 1903 affert
667 1838 788 1903 nummi
809 1861 929 1904 nomen
949 1837 1139 1921 (ἑτραχμον,
1156 1834 1209 1901 cui
1220 1857 1300 1922 pro·

186 1939 240 2007 onl
261 1938 362 2004 dubio
382 1939 491 2003 literas
506 1926 574 2023 (Tou
596 1962 664 2005 non
680 1926 758 2025 adp
771 1940 933 2005 detractas
955 1937 1090 2025 putavit.
1135 1936 1206 2004 Sed
1217 1936 1300 2001 EM.

188 2041 260 2118 764,
287 2042 340 2106 40.
363 2052 396 2105 et
416 2054 586 2106 accentum
608 2052 712 2106 mutat
739 2054 772 2104 et
799 2051 936 2128 propter
962 2050 1130 2104 accentum
1150 2036 1300 2101 affcctio-

181 2165 277 2209 nem:
305 2147 488 2227 τετρᾶχμον
514 2139 553 2210 οὐ
581 2137 720 2209 δύναται
748 2143 833 2208 καϊὰ
861 2139 1026 2227 συγκοπὴ-ν
1054 2136 1214 2223 γενέσθαι
1243 2137 1302 2236 dra

184 2242 243 2310 adr
270 2238 376 2308 adeor.
396 2236 512 2308 Ἔστιν
541 2236 598 2309 οὖν
624 2237 872 2327 τετράδραχμον
899 2239 957 2306 καὶ
986 2234 1145 2327 ἀποβολῇ
1164 2240 1225 2305 τοῦ
1257 2240 1299 2322 do

183 2338 391 2427 τετράαχμον
409 2340 468 2406 καὶ
489 2344 674 2429 συναλοιφῇ
694 2347 876 2425 τετροῖχμον
886 2340 944 2405 καὶ
956 2344 1166 2425 περισοᾶτα(
1184 2361 1215 2404 v.
1227 2343 1254 2424 i.
1265 2340 1297 2405 3.

182 2442 388 2508 Persimilem
416 2442 554 2506 duarum
580 2441 829 2506 consonantium
853 2441 1069 2524 abjectionem
1095 2462 1170 2505 eum
1197 2462 1298 2524 syna-

183 2543 304 2631 loephe
327 2544 533 2626 conjunctam
561 2542 737 2607 introducit
759 2542 1011 2608 Choerobosous
1043 2542 1138 2607 Orth.
1164 2542 1244 2620 249,
1269 2544 1297 2607 1.

184 2644 222 2712 ἐκ
239 2650 298 2711 τοῦ
318 2640 421 2709 πάλιν
440 2643 498 2708 καὶ
525 2641 639 2720 δίωξις
662 2642 784 2726 γίνεται
809 2643 893 2709 κατὰ
918 2639 1090 2729 ἀποβολὴν
1115 2648 1176 2708 τοῦ
1198 2630 1298 2707 usui

184 2731 410 2821 ἷπαλιΐωξις
431 2741 488 2807 καὶ
511 2742 595 2807 κατὰ
624 2748 741 2825 κρᾶσιν
767 2742 942 2822 παλίωξις.
988 2747 1111 2811 Verum
1139 2743 1203 2809 hoc
1231 2766 1297 2809 non

185 2844 321 2910 dubium
344 2854 393 2908 est
416 2843 495 2927 quin
519 2865 559 2907 ex
582 2839 665 2909 πάλι
688 2855 720 2908 et
745 2839 840 2921 ἴιοξις
860 2846 1037 2909 conflatum
1057 2845 1100 2909 sit
1120 2844 1197 2910 licet
1212 2843 1297 2910 πάλι

182 2957 218 3013 et
247 2943 373 3028 ἔμπολι
401 2946 492 3032 apud
519 2944 643 3009 nullum
670 2944 889 3029 antiquiorum
916 2958 1087 3031 poetarum
1114 2946 1242 3031 legatur
1255 2946 1296 3025 ¹),

185 3060 218 3115 et
245 3046 280 3112 in
307 3047 546 3113 tetradraohmi'
561 3047 709 3123 nomine,
740 3047 830 3130 quod
856 3047 979 3132 ubique
1005 3059 1296 3134 proparoxytonon

183 3161 243 3225 cst,
266 3172 333 3214 non
357 3149 441 3213 duae
463 3170 626 3214 consonae
650 3147 840 3213 exciderunt
858 3148 917 3213 sed
935 3147 1059 3232 syllaba
1078 3135 1143 3235 aa}
1164 3160 1296 3213 antece·

183 3251 273 3317 denti
299 3238 371 3334 rp—ot
392 3250 569 3327 simillima,
610 3250 645 3314 id
674 3250 763 3332 quod
791 3248 900 3313 multis
932 3249 1098 3314 vocabulis
1127 3250 1297 3337 epalleliae

181 3352 333 3416 vitandae
352 3373 451 3414 eausa
469 3350 589 3415 iactum
612 3371 683 3414 esse
709 3349 836 3414 ostendi
864 3348 899 3412 in
919 3350 1059 3416 Dissert.
1090 3352 1131 3446 de
1162 3372 1296 3438 praece·

182 3453 249 3536 ptis
268 3451 471 3537 euphonicis.
515 3452 555 3514 In
573 3451 719 3527 caeteris,
740 3472 825 3535 quae
846 3473 1065 3538 syncopatum
1086 3451 1295 3538 indagatores

180 3552 277 3617 nobis
298 3554 478 3628 venditant,
501 3561 565 3616 tres
587 3551 715 3631 literae,
739 3574 822 3637 quae
845 3553 1014 3618 evanuisse
1035 3553 1202 3632 dicuntur,
1229 3573 1297 3618 non

181 3654 278 3717 unius
301 3666 376 3717 sunt
400 3651 543 3737 syllabae
572 3653 631 3718 sed
654 3654 788 3719 duarum
810 3677 846 3720 se
868 3653 1147 3740 subsequentium.
1193 3654 1296 3737 Quod

181 3776 288 3840 genus
308 3753 421 3818 leviter
442 3752 613 3819 adumbrat
628 3754 867 3821 Grammaticus
889 3756 965 3821 Par.
978 3756 1119 3842 Gregor.
1140 3755 1214 3821 677.
1240 3757 1296 3822 καὶ

182 3853 264 3921 ὅταν
285 3852 386 3936 μέρος
405 3855 571 3938 συλλαβῆς
587 3849 773 3942 ἀφαιρεθῇ,
797 3849 843 3918 δι’
870 3844 908 3920 οὗ
925 3854 1071 3938 pulsum
1088 3853 1294 3933 συνίσταται,

253 4025 278 4089 1)
293 4022 376 4086 Quod
389 4020 543 4091 Aeschylus
560 4019 588 4073 in
601 4018 734 4074 Aetnaeis
748 4018 858 4089 scripsit
870 4019 978 4076 Palicos
994 4023 1150 4095 appellatos
1163 4042 1226 4078 csse
1240 4022 1294 4076 ιὀο·

184 4110 232 4162 τοῦ
243 4105 327 4161 πάλιν
341 4101 433 4176 (milri
449 4109 527 4172 rans,
547 4103 711 4171 indulgetur
728 4112 838 4172 poetae.
875 4105 1077 4175 llalrrriunpoc
1097 4108 1246 4180 Oppianus
1266 4117 1294 4162 et

183 4192 330 4247 inferiores
345 4192 518 4249 asciverunt:
544 4190 697 4244 Homerum
711 4182 775 4239 οιὶλι
789 4204 937 4258 usurpasse
956 4191 1026 4244 falso
1045 4194 1143 4247 scribit
1157 4193 1294 4249 Matthiae

180 4277 303 4332 Gramm.
317 4295 345 4347 p.
361 4279 417 4330 128.
