2736 4778
214 319 289 393 1³2
538 334 541 339 '
580 313 900 383 DISSERTATIO
929 314 959 380 Ι.

216 498 377 589 Ταμφαία
399 501 467 567 sive
491 496 612 590 Τίμφη
632 510 768 567 vocatur
787 521 818 565 v.
835 497 977 564 Ellendt
1000 497 1183 564 udArrisn.
1201 500 1230 566 Ι.
1248 501 1280 581 i,
1294 502 1330 569 6.

212 598 423 690 Σννφιδανός
449 601 569 669 Suidus
597 611 719 666 temere
746 600 882 685 arripuit
912 623 953 666 ex
978 599 1212 688 Axistophsnis
1241 602 1329 682 loco,

207 701 268 769 ubi
298 712 373 768 ants
398 699 585 791 τυφεδανός
615 703 725 790 posits
745 711 795 765 est
816 723 881 766 vox
907 701 942 765 in
964 701 1069 786 sigma
1090 702 1213 768 exiens.
1258 703 1331 772 Sed

203 803 337 889 ’Ξτραχύ
359 801 462 891 τραχύ
483 804 566 868 Hes.
577 802 688 869 minus·
703 802 900 889 suspicionis
919 801 1026 868 habet
1058 802 1153 868 Idem
1167 803 1330 886 νυστάζειν

209 903 349 974 κόπτειν
376 914 409 970 ot
435 902 567 990 plsnius
593 903 674 968 ΕΜ.
704 902 776 981 120,
804 905 835 970 3.
856 899 1091 984 ἂπσσνύνιαζσν
1119 899 1328 983 ἂπιόίωνισν·

208 1006 306 1089 παρὰ
328 1005 367 1071 τὸ
390 1003 506 1072 τύπτω
527 998 744 1085 ἇννιτύνναζαν
758 1002 961 1091 πλεονασμῷ
976 1009 1037 1071 τοῦ
1058 992 1094 1083 α’,
1112 1003 1172 1070 sed
1188 1004 1261 1082 731,
1271 1005 1328 1073 38.

209 1105 412 1196 probabilius
435 1127 455 1171 α
475 1104 606 1172 nomine
618 1105 753 1192 repetit:
774 1103 901 1183 στύπος
922 1106 1079 1189 πρέμνον,
1103 1100 1163 1193 ἀφ’
1187 1095 1228 1173 οὗ
1248 1099 1327 1191 ’Λρ-

208 1207 341 1293 χίίσχσς
361 1200 441 1275 ἀπὸ
463 1207 620 1292 θυρέων
641 1202 924 1288 ἀπιστύνναζαν
944 1216 978 1270 et
1000 1229 1034 1293 p.
1057 1204 1130 1283 633,
1152 1205 1205 1271 27.
1232 1200 1328 1292 δραι·

209 1304 317 1385 τύπος
342 1301 360 1373 ὅ
392 1305 427 1375 lv
452 1313 500 1396 τῷ
527 1301 601 1394 ι’ίρει
631 1305 673 1374 τὰ
700 1306 810 1392 στύπη
839 1303 989 1375 κόπτων·
1010 1302 1203 1391 Ἀρχίλοχος
1228 1300 1327 1374 ἄννα-

208 1404 422 1488 στύνσαζον.
443 1445 486 1458 -
511 1407 640 1473 Anccd.
662 1406 766 1472 Beki.
787 1407 862 1485 303,
888 1408 938 1473 10.
960 1403 1145 1490 στυρβσίσαι
1172 1405 1326 1495 ταράξαι,

209 1503 271 1597 ἀφ’
304 1497 344 1576 οὗ
373 1507 431 1575 καὶ
457 1505 580 1595 τύρβη,
610 1507 699 1572 unde
719 1507 895 1595 τυρβάζσιν
916 1508 1112 1595 productum
1134 1518 1201 1584 est,
1233 1508 1328 1593 quod

209 1610 315 1676 solum
335 1609 495 1675 novimus.
537 1610 593 1675 De
619 1608 776 1674 uiduitate
798 1606 971 1674 verborum
998 1610 1112 1690 τρέπω
1134 1619 1168 1673 et
1189 1609 1325 1697 στρέφοι

209 1711 348 1806 disserui
373 1711 409 1774 in
431 1709 557 1776 Techn.
582 1709 635 1776 bb.
683 1710 756 1776 Nec
789 1708 934 1775 dubitem
960 1709 1154 1794 adjectivum
1177 1709 1327 1794 στρηνές,

209 1812 301 1900 quod
323 1812 435 1880 Schol.
456 1811 569 1898 Apoll.
593 1811 640 1876 11.
662 1810 736 1876 318.
759 1810 862 1875 tribus
883 1809 990 1875 verbis
1013 1809 1155 1896 explicet
1180 1807 1327 1898 σκληρόν

208 1909 269 1994 ὀξύ
296 1910 357 1978 καὶ
385 1908 502 2001 σορόν,
534 1922 568 1976 st
595 1932 669 1976 cum
702 1909 766 1977 hoo
793 1911 1023 1998 cognationem
1053 1909 1175 1976 habere
1194 1919 1228 1976 et
1248 1930 1325 1975 cum

205 2009 329 2100 τρανός
345 2011 431 2098 ὅπερ
447 2009 650 2098 παράγωγαν
664 2009 701 2077 ἐν
717 2015 776 2080 τοῦ
792 2017 882 2098 νσριὸ
897 2012 1056 2097 τετραίνια
1073 2013 1168 2077 Eust
1186 2011 1279 2090 1532,
1289 2013 1323 2076 4.

171 2109 180 2132 '
207 2113 406 2204 proprieque
442 2112 507 2178 dici
538 2110 678 2197 στρηνὲς
709 2117 794 2199 βαᾷν
825 2123 856 2178 et
888 2118 1133 2201 στρηνοφωνεῖν
1165 2114 1207 2181 de
1241 2135 1325 2179 voce

207 2215 273 2282 sori
293 2235 378 2300 quse
400 2234 493 2278 sures
516 2212 610 2297 qussi
631 2212 785 2299 perforet.
828 2212 1016 2298 Hesychius
1041 2213 1134 2278 addit
1157 2214 1325 2300 Τέρεμνος

208 2311 346 2405 ίσχυριίς
368 2309 390 2400 ἢ
410 2315 597 2400 στέριμνας,
617 2312 682 2377 nisi
705 2335 765 2401 pro
788 2312 861 2393 hoc,
885 2315 976 2400 quod
996 2336 1064 2380 non
1084 2314 1220 2400 legitur,
1248 2338 1324 2381 στε-

206 2415 341 2503 ρίμνισς
368 2414 501 2501 scripsit
527 2413 628 2498 idque
652 2435 720 2479 non
745 2414 978 2501 interpretandi
1005 2437 1104 2482 osuso
1132 2415 1193 2482 sed
1219 2416 1324 2482 corsi-

205 2515 322 2605 gendi3
350 2538 425 2580 num
456 2516 614 2601 τέρεμνσς
640 2537 708 2580 non
735 2511 882 2601 ἰσχυρόν,
911 2513 1047 2603 στερεόν
1074 2516 1239 2603 significat
1261 2517 1324 2581 sed

204 2631 351 2685 teucrum
376 2639 396 2681 τ
417 2616 514 2702 τέρην
536 2613 715 2682 derivatum
735 2612 786 2699 (ut
811 2617 983 2702 βέλεμνον)
1011 2619 1104 2702 cujus
1125 2617 1324 2684 cummium

204 2729 255 2787 est
280 2714 474 2804 ἆτίραμνσς.

288 2833 378 2901 XIV
379 2881 387 2898 .
430 2831 615 2899 Articulum
644 2827 663 2900 ὁ
693 2855 711 2899 e
738 2831 797 2914 τός
823 2832 970 2901 extitisse
1000 2832 1126 2920 abjectu
1152 2834 1257 2922 primu
1288 2847 1323 2901 ct

203 2944 370 3028 postremo
391 2956 537 3002 consono
556 2934 757 3023 Apollonius
782 2934 879 3002 docet
900 2936 993 3023 synt
1012 2937 1040 3002 Ι.
1058 2937 1111 3002 20.
1131 2936 1321 3024 etamplius

203 3040 245 3108 de
265 3039 352 3106 Λᾶν.
374 3037 448 3103 592.
476 3033 495 3128 'l
519 3027 617 3117 οὗτος
639 3033 828 3122 ἀντωνυμία
848 3042 1067 3124 ταραχθεῖσα
1096 3032 1166 3105 ἀπὸ
1194 3039 1255 3104 τοῦ
1279 3038 1323 3115 ὂς

200 3139 312 3213 λείπει
338 3145 386 3231 τῷ
410 3127 586 3226 ἷ-ὅπαρ
616 3137 782 3206 δείκνυται
810 3137 870 3205 καί
899 3137 957 3206 dui
985 3141 1045 3206 τοῦ
1069 3133 1239 3225 ἂρθρινοῦ
1258 3137 1322 3204 καὶ

199 3248 260 3314 τοῦ
289 3237 533 3324 ἅντιννυμικαῦ·
561 3238 599 3305 τὸ
626 3240 690 3324 γὰρ
716 3237 749 3307 ol
777 3237 833 3306 ταί
859 3263 944 3328 φασι
967 3243 1114 3326 Δωριεῖς
1134 3236 1194 3305 καί
1216 3236 1255 3305 τό
1281 3235 1320 3304 al

198 3339 259 3413 ταί
286 3341 328 3407 cl.
358 3337 498 3405 Ahrsns.
520 3339 604 3405 Dor.
627 3338 691 3404 265
717 3360 767 3424 sq.
791 3338 945 3423 idemque
977 3342 1074 3406 etism
1098 3361 1159 3427 pro
1180 3339 1317 3406 relativo

200 3441 242 3512 ul
260 3451 389 3532 ponunt
409 3461 476 3506 non
495 3439 605 3505 Dorus
624 3438 729 3504 solum
752 3439 811 3505 sed
839 3450 958 3525 poetae
985 3445 1083 3508 etism
1110 3441 1196 3529 epici
1219 3462 1319 3529 prse—

200 3543 310 3610 surtiui
343 3541 542 3631 posteriores
573 3538 778 3627 improbunte
805 3538 990 3607 Scholiasta
1019 3544 1093 3609 Nic.
1123 3543 1179 3608 Al.
1212 3542 1243 3608 2.
1276 3541 1316 3608 τὸ

198 3644 282 3713 τίινν
305 3636 366 3713 otis
388 3637 503 3732 ὀρθῶς
534 3644 659 3707 teitus·
688 3636 844 3728 σημαίνει
871 3640 933 3728 γὰρ
962 3642 1000 3708 τὸ
1029 3639 1319 3727 cluentissimus

200 3743 238 3815 ti
260 3742 366 3829 tirso
387 3733 442 3819 dr.
463 3740 527 3810 uisi
547 3740 630 3807 iorts
652 3738 695 3808 ob
714 3739 818 3809 solum
834 3742 1078 3830 ambiguitatem
1092 3743 1316 3832 reprehendit,

199 3864 265 3934 qut
285 3850 372 3909 osset
394 3842 471 3932 σίης
489 3862 519 3909 v.
541 3840 615 3908 580.
647 3836 797 3923 ἀσπίδας
812 3879 855 3892 -
872 3882 911 3896 -
929 3843 1014 3913 τέων
1035 3842 1072 3912 ol
1093 3845 1155 3930 μὲν
1172 3881 1211 3897 -
1231 3843 1318 3912 Csll.

199 3992 533 4015 ”pm-m

197 4078 338 4150 similtiust
352 4079 402 4136 ινιΙ
418 4080 492 4148 stips
508 4072 681 4133 titiviiiitiuni
693 4093 711 4135 s
725 4079 805 4133 stile
817 4078 891 4135 tolio
903 4081 979 4135 undo
990 4082 1061 4135 stis·
1072 4079 1154 4137 flocci
1167 4077 1199 4135 αὶ
1212 4074 1320 4134 καλοί-

196 4159 455 4325 ρῦηηνίίρηηριαων.
472 4162 581 4220 Τισίαν.
599 4163 658 4219 iii.
690 4161 825 4221 Similiter
843 4165 1008 4223 translatum
1025 4175 1068 4222 est
1085 4167 1243 4238 ναναμίσιι
1259 4162 1319 4234 κᾷν
