2736 4778
101 337 108 350 ’
208 371 264 438 uu
287 370 536 451 summensi.
554 370 754 438 pransum
777 372 837 438 aa
869 370 903 438 r.
915 370 956 437 11.
979 370 1048 438 er
1072 371 1141 456 §.t
1197 371 1237 437 ev

207 535 326 601 Faceta
348 540 398 601 est
417 534 577 600 Eustathii
600 536 780 600 coniectura
801 532 852 600 63.
875 532 908 614 3,
942 538 979 599 ut
1001 537 1067 613 σῶς
1088 551 1127 600 ex
1149 531 1240 615 σόος,

122 639 167 704 ita
190 636 309 725 πρώρα
343 655 382 702 ex
414 634 543 725 upodpc
570 638 727 719 extitisse,
762 642 796 703 et
822 637 990 703 adiuvatur
1011 637 1241 719 quodammodo

122 742 235 808 audaci
256 740 404 822 Aeschyli
425 740 611 823 metaphora
633 739 740 824 Suppt
764 740 827 808 607
860 739 917 807 καὶ
944 745 1066 830 noviper
1089 737 1242 830 πρόσθεν

123 837 269 928 ippum
288 839 448 925 fltdaovo’
473 839 562 922 ἀάὀν,
597 845 655 910 sed
675 845 793 910 nemini
814 843 896 910 serio
923 844 957 908 in
977 849 1116 911 mentem
1137 846 1244 912 veniet

123 946 165 1030 [v.
188 946 272 1013 mira
293 965 360 1030 cap.
377 947 432 1013 un
453 948 480 1033 ἓ.
503 948 547 1033 5].

460 1206 464 1211 ·
606 1186 691 1270 Cap.
719 1186 760 1253 n

188 1354 243 1430 Dc
267 1353 445 1465 vocalium
471 1353 701 1430 diversarum
727 1380 773 1428 ear
797 1353 938 1429 dachas
964 1353 1118 1453 syllabis
1145 1357 1183 1428 in

510 1508 616 1567 anam
642 1493 863 1584 confusione.

207 1667 235 1752 §.
261 1667 287 1733 1.
330 1667 437 1736 Primo
456 1669 526 1735 loco
543 1671 781 1737 memorandum
792 1672 842 1736 est
853 1668 948 1751 alpha
957 1669 1148 1750 privativum
1170 1673 1243 1736 cum

122 1770 221 1851 epsilo
232 1776 428 1838 conuectum
450 1774 483 1838 in
498 1774 664 1839 ranectivo.
683 1768 798 1856 ἀέκων,
820 1791 882 1856 quo
894 1771 1052 1838 Homerus
1063 1791 1121 1856 per
1131 1784 1240 1840 ormres

123 1890 215 1938 casus
238 1879 271 1939 et
292 1893 441 1943 numeros
463 1877 588 1942 circiter
610 1876 714 1942 decies
737 1876 838 1942 utitur
860 1875 922 1941 sed
944 1875 1070 1942 diverse
1092 1873 1184 1958 fingit
1205 1877 1238 1942 in

122 1976 222 2041 duali:
250 1977 310 2042 τάν
331 1971 359 2044 d’
384 1974 444 2046 οὐκ
467 1974 584 2046 decors
608 1979 787 2067 πετέσθην,
820 1984 878 2061 pro
901 1995 962 2061 quo
985 1979 1073 2044 codd
1097 1979 1241 2044 nonnulli

123 2073 259 2146 ἀέκοντε
272 2081 434 2162 praebent
456 2083 552 2165 idque
573 2081 715 2165 Heynius
728 2082 908 2148 Bentleium
930 2099 1065 2162 sequens
1088 2080 1243 2147 1111306

122 2180 237 2263 ubique
260 2183 356 2249 scnhi
376 2184 473 2265 iubet,
497 2185 555 2251 sed
576 2186 772 2268 improbatur
794 2184 929 2269 [prohat
953 2182 1083 2269 Bekk];
1117 2182 1242 2250 femini-

122 2302 198 2348 num
221 2277 362 2371 ἀνουσα,
381 2288 465 2370 quod
486 2290 520 2353 iu
541 2288 581 2354 Η.
597 2289 637 2356 Η.
659 2290 692 2355 in
710 2288 778 2356 Ger.
801 2306 928 2355 versum
950 2287 1085 2368 inchoat,
1108 2288 1240 2354 Vossius

123 2386 298 2455 Atticiamis
328 2389 422 2455 huius
442 2396 555 2473 poetae
578 2392 774 2458 adnumerat.
823 2391 961 2457 ‚nauem
994 2391 1152 2472 particula
1173 2392 1241 2457 soni

122 2490 214 2556 modo
236 2493 441 2588 productione
463 2495 662 2576 cognoscitur
683 2495 716 2560 in
739 2495 902 2575 adiectivo‚
933 2493 1018 2577 quod
1038 2492 1241 2559 Herodianus

122 2594 161 2659 de
183 2594 330 2662 Dichron.
353 2595 425 2663 297.
451 2598 488 2662 15
517 2598 638 2680 attigit:
672 2597 709 2664 τὸ
744 2595 853 2688 ἀργός
878 2592 1101 2681 ἐκτεινόμενον
1122 2592 1159 2663 ἐν
1180 2601 1248 2662 τοῦ

123 2692 241 2783 ἀεργός
262 2697 334 2766 ἔστι
355 2701 641 2788 σνναληλιμμένον,
666 2701 723 2766 sed
734 2701 872 2767 Homero
893 2702 1034 2783 ignotum
1046 2699 1242 2766 est—‘Posi

122 2801 206 2868 huuc
237 2803 270 2868 in
302 2804 405 2869 lucem
438 2805 568 2870 emersit
598 2804 710 2870 eodem
742 2804 834 2870 modo
857 2805 1065 2886 compositum
1087 2798 1169 2886 ἀχάν
1190 2804 1244 2887 (ut

123 2899 397 2991 dncpvssheoor„
420 2907 504 2972 unde
524 2907 697 2990 Hesychius
720 2909 951 2975 substantivum
975 2903 1093 2994 ἀχηνία
1115 2907 1240 2987 repetit,

122 3008 179 3072 sed
200 3007 402 3095 Hermeunus
437 3010 478 3075 ad
500 3010 610 3094 rigam.
634 3009 697 3076 400
719 3009 839 3076 refutat
860 3029 906 3087 eo,
939 3009 1023 3091 quod
1045 3008 1124 3073 illud
1147 3008 1243 3089 alpha

122 3111 249 3193 longum
281 3112 392 3193 habet,
426 3119 459 3179 et
491 3113 568 3178 mihi
600 3117 725 3196 quoque
758 3107 875 3201 ἀχηνία
904 3113 1037 3194 simplex
1058 3111 1184 3176 videtur
1205 3118 1243 3176 ut

123 3210 273 3298 ἀχάνεια,
295 3217 422 3298 quicum
443 3234 506 3281 nou
526 3215 637 3282 literas
660 3217 762 3282 solum
784 3217 905 3298 aliquas
921 3211 1050 3302 ιιῖάχήν
1062 3232 1243 3281 communes

123 3317 234 3399 habet,
268 3320 325 3385 sed
346 3320 443 3386 etiam
466 3317 677 3402 significatum
697 3318 873 3385 vacuitatis.
899 3355 935 3366 —-
962 3316 1101 3399 Simplex
1134 3309 1241 3383 ἆθλον

122 3420 238 3503 legitur
270 3423 303 3487 in
334 3424 415 3506 pede
448 3423 551 3505 primo
581 3421 639 3488 Od.
661 3421 740 3488 VIII
765 3420 825 3487 160
857 3420 946 3487 libris
980 3419 1241 3502 conspirantibus,

122 3517 179 3589 se‘d
211 3523 413 3592 Muetzellius
437 3527 479 3592 ad
500 3525 617 3608 Theog.
652 3545 682 3607 p.
704 3523 747 3590 40
779 3524 853 3590 hine
874 3517 1001 3591 ἀεθλον
1033 3521 1155 3606 profert
1186 3536 1243 3604 per

122 3628 288 3710 syuiresin,
314 3629 470 3712 idemque
502 3629 540 3696 n.
573 3628 680 3694 XXIV
703 3624 766 3692 704
797 3626 912 3710 probat
944 3622 1127 3706 ἀεθλεύων,
1158 3627 1250 3709 quod·

121 3729 254 3796 Wolfius
285 3734 438 3815 praetulit
471 3738 646 3812 contracto,
680 3737 714 3796 et
734 3730 912 3797 Boeckhius
945 3749 1069 3813 quoque
1100 3731 1133 3796 in
1155 3729 1242 3797 Nott

122 3833 199 3900 crit.
224 3834 272 3902 01.
293 3836 356 3902 vn
378 3835 419 3903 63
453 3837 591 3902 Pindaro
624 3839 658 3902 et
688 3833 748 3900 hoc
769 3834 909 3900 undicat
933 3839 967 3899 et
988 3833 1103 3900 similia
1125 3828 1240 3911 ἀέκων·

116 3939 273 4026 Ιφαεννός.
317 3940 410 4007 Haec.
427 3946 461 4006 et
481 3944 589 4006 cetera
611 3937 833 4005 coneoraonis
854 3936 997 4018 exempla
1016 3933 1242 4001 Callimachum

120 4042 463 4110 verborumnovorum
490 4048 685 4125 captatorem
716 4040 884 4124 pellexisse
905 4039 1067 4116 videntur,
1100 4043 1138 4102 ut
1158 4037 1250 4102 vices>

121 4151 261 4213 verteret
294 4153 389 4230 atoue
422 4138 519 4230 ἀμμα
553 4144 731 4228 diffingeret
763 4145 796 4210 in
832 4135 944 4224 ἀνμμα
976 4140 1105 4205 insolita
1134 4140 1243 4221 utique

121 4247 235 4333 dialysi
256 4269 333 4317 usus
356 4250 438 4335 [Vol.
461 4248 479 4314 Ι
498 4246 586 4334 414].
601 4249 828 4315 -Atticorum
861 4245 1051 4326 scriptorum
1078 4260 1138 4307 usu
1161 4243 1243 4310 eele-

119 4353 248 4420 bratum
280 4361 331 4420 est
359 4352 544 4420 adverbium
565 4344 688 4442 ἀράην,
722 4355 757 4418 et
788 4352 822 4418 id
843 4348 951 4433 alpha,
984 4352 1022 4414 ut
1043 4346 1243 4415 Herodianus
1350 4363 1355 4395 ²

1012 4433 1061 4498 5*
