2736 4778
124 351 176 421 aa·
339 316 343 325 ’
512 352 789 421 nissnnnlno
822 352 877 419 va

125 514 225 599 θεός,
258 518 343 601 qnod
364 518 439 600 qnia
459 518 572 602 tragici
593 516 753 583 interdurn
784 517 817 582 in
849 518 1001 600 principio
1022 520 1179 602 dipodiae
1202 540 1254 589 se-

124 621 244 687 cundae
266 640 324 704 pro
346 620 559 705 monosyllabo
581 624 709 703 ponunt
732 618 890 687 Porsonns
912 620 955 687 ad
970 619 1023 687 Or.
1040 621 1105 705 393
1131 624 1256 709 colligit

124 729 248 790 veteres
271 722 391 790 Atticos
414 724 604 791 illibenter
631 727 833 789 contraxisse.
889 722 952 790 Sed
973 724 1080 806 potius
1102 730 1254 795 stamen·

125 826 200 892 dum
233 832 301 908 est,
336 827 416 893 duas
447 826 561 892 breves
593 824 732 908 syllabas
764 824 951 893 confluxisse
983 828 1017 893 in
1047 847 1152 896 unam
1186 832 1255 898 sive

124 929 251 1012 longam
272 930 339 995 sive
361 929 505 1009 brevem3
527 928 632 995 brevis
655 932 705 994 est
725 927 1019 1013 PinhPythI'lOl
1041 930 1114 1015 (56)
1127 926 1254 1017 Ἱέρωνι

126 1033 209 1111 θεὸς
230 1027 389 1119 ὀρθωτὴρ
419 1032 525 1109 πέλοι,
559 1033 685 1115 pnicum
706 1032 909 1099 Romamne
935 1033 1068 1100 contulit
1087 1034 1255 1104 Praxillae

103 1150 252 1201 =versum
273 1134 462 1217 dactylicum
485 1129 569 1201 ἀλλὰ
592 1134 666 1202 raho
688 1127 814 1203 οὔποτε
838 1130 958 1219 θυμόν.
1023 1137 1118 1204 Hunc
1142 1144 1255 1207 autem

125 1236 320 1321 Hephaestio
341 1235 440 1303 refert
461 1238 503 1303 aa
523 1256 595 1303 eom
609 1238 762 1321 syniaesis
777 1239 923 1320 speciem,
945 1237 1079 1322 quareo
1090 1230 1256 1326 sspaxaica

8 1367 12 1371 ·
126 1339 288 1422 συλλαβαὶ
323 1335 370 1419 εἷς
400 1337 482 1424 μίαν
504 1336 836 1424 παραλαμβάνονται,
868 1344 902 1406 et
922 1341 1004 1408 hanc
1025 1346 1140 1409 consta
1161 1344 1256 1427 ponit

125 1443 312 1510 Homericae
334 1443 388 1510 νέα
409 1444 457 1528 (id
479 1450 528 1510 est
549 1444 625 1529 νῆα)
658 1444 716 1527 μέν
746 1467 807 1528 μοι
829 1444 972 1526 κατέαξε,
995 1463 1059 1527 qua
1081 1440 1142 1513 δῦα
1164 1452 1255 1534 βρα-

125 1551 214 1631 χιῖαι
235 1543 283 1626 εἷς
302 1546 382 1631 μίαν
402 1545 548 1635 μακράν,
584 1545 622 1615 οἱ
651 1547 746 1613 schol.
771 1546 832 1613 152
856 1545 993 1629 Gaisff).
1037 1544 1154 1615 Ordsin
1175 1566 1255 1617 vero

122 1649 326 1717 manifestam
358 1650 496 1717 reddunt
526 1651 700 1734 composita
723 1646 918 1739 Θουφάνης,
956 1648 1169 1741 Θουκυδίδης
1190 1656 1253 1719 etc

126 1759 161 1820 et
181 1753 290 1820 ordine
320 1755 446 1820 inverso
469 1752 605 1834 ἔνθους,
638 1753 722 1819 unde
754 1749 964 1835 ἐνθουσιάζω
997 1753 1178 1821 derivatum
1200 1760 1255 1822 est

127 1856 290 1939 analogiae
312 1855 462 1922 infestum
485 1857 542 1923 sed
564 1855 752 1923 auctoritate
773 1857 901 1947 maiore.
925 1895 961 1904 —
987 1856 1067 1924 Cum
1089 1857 1252 1942 androcy-

127 1961 216 2025 mieis
248 1959 312 2026 illis
343 1961 486 2041 congruit
519 1961 659 2026 Atticum
692 1958 851 2048 νουμηνία
885 1959 1013 2043 [th
1039 1958 1125 2045 148}
1186 1958 1253 2028 Sed

128 2060 327 2145 Neoptolemi
347 2079 461 2130 nornen
487 2062 543 2129 ubi
564 2063 606 2129 ad
626 2068 693 2129 tres
715 2063 799 2130 redit
819 2061 970 2146 syllabas,
1004 2060 1252 2148 Νουιιιόλιμος

129 2164 328 2232 scribendum
350 2184 421 2233 esse
444 2166 528 2248 apud
549 2167 700 2249 tragicos,
734 2165 897 2231 verissime
918 2170 1015 2248 negat
1035 2164 1251 2250 Hermannns,

128 2288 232 2352 neque
253 2270 355 2353 magis
377 2269 517 2335 admittit
527 2264 759 2352 Νιοιόλεμος,
783 2268 840 2333 sod
861 2268 967 2350 potius
981 2269 1252 2355 statant‚‚epeaioa

129 2371 241 2437 audiri
260 2371 386 2459 quidem
407 2371 525 2452 debere,
547 2369 606 2435 aed
625 2370 672 2434 ita
691 2382 727 2434 ιιι
748 2370 782 2433 ic
807 2366 940 2450 πόλεως
959 2370 1095 2456 aliosque
1120 2372 1251 2439 υοοιῦιιι

129 2479 176 2543 ilc
198 2482 392 2564 correptum,
423 2487 458 2539 ct
489 2497 553 2539 οοο
579 2473 622 2537 ait
642 2472 783 2560 syllabae
805 2472 902 2536 occa
963 2472 1043 2539 (lum
1064 2474 1119 2541 illo
1141 2476 1250 2544 herois

129 2583 254 2650 nomine
276 2581 488 2646 Buttmannus
511 2578 538 2662 ξ.
560 2577 604 2642 28
626 2577 697 2642 adn.
722 2574 762 2641 ll
793 2576 952 2658 coniungit
972 2576 1178 2645 Homericum
1200 2580 1250 2647 ἐν·

129 2680 316 2768 νιδργυιος,
339 2682 423 2765 quod
443 2681 610 2747 Ernestius
633 2676 836 2765 ἕννοδργυιος
859 2679 996 2746 scribere
1018 2680 1173 2764 malebat,
1196 2684 1250 2749 alii

129 2787 262 2853 forsitan
285 2780 471 2871 ἕννόργυιος
491 2783 669 2864 optaverint
702 2784 817 2849 omisso
850 2785 949 2866 epsilo
971 2789 1008 2849 ut
1028 2780 1174 2872 ἐννῆμαρ
1197 2785 1250 2870 [oi.

130 2888 146 2955 1
168 2888 232 2954 253
256 2906 301 2971 sq.
323 2887 372 2952 De
394 2887 587 2952 Buttmanno
610 2885 731 2970 error.].
749 2922 785 2933 —
810 2887 929 2951 Verum
952 2887 1010 2953 hoc
1032 2905 1089 2952 nos
1111 2889 1252 2955 madunt

131 2992 172 3058 ad
193 2992 327 3058 alteram
350 2992 493 3069 classem,
515 3007 597 3072 quae
615 2989 768 3072 syllabam
781 2989 999 3056 secundariam
1010 2990 1121 3056 variat
1146 2991 1252 3058 Huius

131 3095 289 3177 specimen
310 3094 433 3176 insigne
455 3093 587 3175 praehet
608 3111 721 3158 nomen
744 3087 875 3174 ὀστέον,
899 3094 983 3175 quod
1005 3093 1122 3160 Moeris
1145 3094 1251 3163 Attice

131 3198 273 3265 contrahi
306 3198 398 3263 docet
431 3192 559 3271 ὀστοῦν,
596 3195 753 3261 Leonidas
776 3196 847 3262 Tar.
880 3197 912 3262 in
946 3191 1062 3264 δονεῖν
1084 3200 1251 3278 contraxit,

131 3320 232 3384 neque
255 3299 430 3379 defuerunt,
452 3300 507 3381 qui
529 3300 668 3365 vocalem
689 3305 789 3365 totam
812 3299 993 3378 eximerent,
1018 3297 1055 3364 τὰ
1067 3294 1150 3366 δοιά
1161 3300 1252 3368 brevi

131 3406 244 3471 ultima
265 3403 529 3487 opudOppianum
552 3406 585 3467 et
606 3398 753 3485 syntheta
775 3396 951 3487 ὀοιολόγος
973 3408 1041 3482 eto,
1064 3423 1092 3466 v.
1115 3401 1252 3471 Elemm.

132 3505 231 3573 1249.
276 3507 440 3588 Duplieem
463 3505 596 3570 duorum
619 3505 856 3588 syngenieorum
879 3503 1012 3586 figuram
1035 3505 1171 3572 dialecto
1186 3508 1252 3574 dis·

133 3611 234 3678 cernit
254 3609 326 3674 EM.
351 3607 400 3673 16.
427 3607 464 3674 15
488 3603 705 3695 ἀδελφιδοῦς,
731 3608 955 3696 θυγατριδοῦς
977 3604 1046 3674 ἀπὸ
1070 3613 1130 3676 τοῦ
1155 3606 1252 3677 ἁδελ-

133 3711 258 3800 (pileos,
294 3709 513 3798 διιγατρδδεος
544 3713 652 3796 γέγονε
685 3710 769 3776 κατὰ
793 3708 972 3797 σογκοιιῆν,
1006 3706 1066 3792 οὐχ
1098 3708 1144 3790 ὥς
1166 3734 1275 3792 τινος·

133 3818 272 3903 λέγουσι,
296 3814 333 3880 τὸ
357 3811 504 3881 ἐναντίον
527 3809 597 3880 ἀπὸ
620 3816 677 3881 τοῦ
699 3808 901 3900 ἀδελφιδοῦς
923 3808 1132 3900 δδιλφίδεος·
1154 3810 1253 3884 oriri·

133 3945 216 3989 ποτε
249 3944 312 4005 γαρ
346 3911 464 3983 εὐθεῖα
499 3914 683 3990 διαλύεται,
719 3916 802 3998 quod
835 3916 973 3986 odarum
1006 3933 1045 3980 ex
1077 3915 1255 3984 Herodiani

132 4024 255 4090 scriniis
289 4022 486 4102 depromtnm
520 4038 591 4085 esse
624 4020 823 4100 cognoscitur
852 4038 891 4084 ex
917 4020 970 4097 iis,
1005 4036 1086 4101 quae
1108 4019 1148 4084 de
1173 4016 1256 4100 πάϊς

133 4131 214 4203 παῖς
236 4125 321 4189 diota
343 4127 417 4187 sunt
444 4121 487 4205 [p.
511 4122 554 4207 5].
599 4122 771 4187 accentum
806 4121 918 4187 horum
950 4123 1110 4187 nominum
1142 4122 1199 4188 ille
1221 4123 1256 4190 in

202 4349 231 4413 9)
260 4343 327 4410 Τιός
345 4347 410 4403 illud
427 4362 459 4400 ex
478 4348 599 4401 confesso
617 4346 720 4416 syllaba
738 4347 825 4402 brevia
844 4357 891 4413 est,
911 4340 974 4408 θεός
990 4363 1096 4415 anceps.
