2736 4778
169 377 226 443 DE
249 376 494 458 SYNAERESL
516 377 716 445 ulussssl
737 385 796 447 etc.
828 379 899 445 Pu
922 379 992 447 c.1.
1014 381 1083 467 §.ch
1148 381 1186 450 ts

71 541 168 605 trium
181 514 248 607 ¹hoc
270 545 322 607 est
341 542 489 607 Atticum.
532 540 638 623 Atque
663 540 723 606 hec
749 543 954 624 persuasione
976 543 1075 610 edidit
1101 541 1140 623 ὅς
1160 541 1186 612 τ’

70 638 147 709 cloio·
167 642 253 730 μέγα
276 645 352 711 πῶν·
372 642 470 708 Ihm
490 641 552 710 198
573 661 630 726 pro
653 637 751 725 ὀΐων,
772 641 848 731 μῆλ’
873 635 941 723 oisc
962 670 999 713 u
1020 644 1076 712 καὶ
1099 637 1190 730 αἶγες

72 744 130 810 Od.
151 745 199 811 IX
223 744 285 812 134
305 764 363 826 pro
385 737 452 825 λῖες
473 750 506 811 et
528 746 587 826 sic,
608 751 699 828 puto,
727 747 759 813 in
781 747 851 813 oliis
873 747 965 827 locis,
987 765 1120 830 quorum
1142 747 1189 812 di-

70 866 164 914 versa
183 848 277 913 lectio
299 866 319 912 a
341 847 435 913 schoh
459 848 611 915 adnotata
632 854 681 914 est
709 854 747 914 ut
768 850 800 915 in
821 849 902 917 vict
925 851 966 917 ad
987 849 1024 917 11.
1045 849 1105 915 XV
1128 847 1190 915 373

70 950 110 1015 τὸ
134 943 204 1026 ὅλος
226 949 312 1027 τινὲς
334 947 542 1034 δισυλλάβως
576 949 761 1019 et1x207
793 943 861 1030 drag
883 947 934 1031 ὡς
952 947 1083 1031 πόλιος.
1127 951 1191 1019 Da·

70 1053 154 1117 tirus
176 1057 290 1117 natura
311 1070 369 1117 suc
380 1053 571 1136 excluditur:
593 1048 755 1121 οὐδέποτε
779 1053 894 1142 δοτικὴ
916 1051 1006 1142 docus)
1027 1053 1191 1139 μοισσὺλ·

73 1155 174 1237 λαβσς
195 1153 338 1241 inpones
358 1155 396 1221 τὸ
418 1155 526 1226 ῖΕΜ.
548 1155 625 1233 203.
643 1155 673 1222 3.
717 1155 802 1221 Num
823 1156 1027 1224 Aristarchus
1049 1158 1189 1241 oppeda-

71 1257 189 1322 tionem
210 1242 349 1322 Atticam
372 1257 506 1332 eandem
531 1259 692 1340 propriam
725 1264 758 1338 et
784 1259 924 1326 nativam
952 1261 1091 1342 duxerit,
1127 1278 1190 1327 non

70 1358 179 1440 liquet
213 1357 247 1423 Si
267 1359 379 1440 reguis
399 1360 485 1426 valet
506 1355 527 1448 ἦ
551 1357 669 1428 εὐθεῖα
692 1358 856 1429 οὐδέποτε
871 1360 1054 1440 διαλύεται,
1076 1381 1191 1429 nomeu

71 1461 150 1526 illud
177 1460 216 1526 ab
239 1461 328 1526 initio
350 1461 538 1544 bisyllabum
559 1461 628 1530 hut
671 1463 719 1529 De
742 1463 869 1547 syllepsi
896 1466 1096 1531 consentiunt
1117 1467 1191 1531 otti·

73 1564 184 1642 cistae3
218 1563 352 1628 aiteram
379 1558 568 1645 scripturam
589 1566 689 1631 nostri
712 1566 812 1632 critici
838 1584 879 1631 ne
900 1567 1100 1648 Xenophonti
1122 1568 1191 1649 qui·

72 1651 145 1730 dem
166 1666 355 1748 concedunt,
388 1668 531 1749 quamvis
558 1668 599 1732 od
621 1667 775 1734 Ionismos
797 1669 937 1749 proclivi,
964 1688 992 1734 v.
1014 1669 1121 1750 Poppo
1150 1670 1192 1735 ud
1314 1730 1318 1737 .

73 1766 183 1848 Oyrop.
207 1766 225 1831 1
245 1766 275 1833 d.
299 1768 318 1832 7
347 1774 380 1833 ot
401 1769 551 1835 Kuehnor
578 1770 620 1835 od
642 1769 768 1835 Momm.
790 1770 824 1836 Π
846 1773 874 1836 7.
899 1771 947 1837 13.
992 1772 1040 1836 Ex
1067 1772 1193 1837 illorum

66 1866 240 1950 ‘praecepto
262 1868 640 1944 Mehlhorniusflramm.
671 1891 701 1954 p.
726 1872 788 1938 170
808 1879 873 1938 not.
895 1873 1094 1938 Athenaeum
1116 1892 1191 1955 quc

71 1989 133 2051 que
156 1971 235 2050 τοὺς
256 1979 362 2059 φθοῖς
395 1992 452 2054 pro
473 1976 602 2056 ungam
624 1971 750 2061 φθόεις
777 1976 942 2058 scripsisse
969 1973 1070 2056 putat
1115 1976 1192 2041 Ter·

72 2073 151 2137 tium
178 2075 262 2155 quod
288 2076 447 2141 atticistae
469 2077 662 2158 subiungunt
684 2073 795 2154 ολστός
816 2078 998 2159 Kruegerns
1019 2083 1092 2158 post
1114 2079 1192 2143 alios

72 2174 247 2259 Thucydidi
257 2178 398 2243 restituit
409 2177 441 2242 11
454 2176 503 2258 75,
528 2176 752 2243 Stellbaumius
763 2179 887 2245 Platoni
899 2180 994 2262 Legg.
1005 2179 1069 2245 VII
1080 2179 1142 2246 795
1155 2181 1192 2246 λ

71 2277 271 2344 Adiectirmn
293 2276 420 2358 σλστός,
450 2277 577 2369 ciendos
604 2280 739 2345 diaeresi
761 2281 959 2360 intentatum,
983 2283 1097 2364 quippe
1119 2302 1192 2364 pro-

72 2397 128 2444 soe
150 2379 344 2448 familiarius.
360 2420 395 2430 -
411 2381 532 2448 Nomen
549 2382 716 2449 ,heroicum
740 2378 867 2461 Ὀϊλεύς
888 2383 924 2450 L.
946 2382 1127 2449 Dindorfius
1160 2385 1192 2449 in

71 2483 165 2549 Thes.
204 2489 294 2550 entra
327 2486 467 2555 carmina
498 2503 561 2550 non
592 2486 693 2566 magis
723 2483 888 2551 ferendum
917 2487 1067 2552 exstimat
1098 2505 1192 2568 quam

67 2583 211 2672 Ὀϊκλῆς,
234 2587 319 2668 quod
329 2587 495 2653 Bekkerus
517 2586 706 2653 neDiodoro
728 2588 855 2670 quidem
877 2587 1097 2654 etPausanisc
1119 2599 1192 2654 con·

70 2673 227 2752 donot'-
252 2688 353 2754 Voces
364 2689 505 2771 poeticae
515 2684 610 2771 ὀϊζύς,
625 2684 735 2772 ὀϊζὺιι,
747 2688 879 2779 ὀϊζυρὸς
893 2695 1008 2756 notura
1025 2690 1193 2773 diphthon-

70 2808 147 2870 gum
167 2790 284 2856 habere
307 2791 396 2878 παρὰ
414 2790 451 2856 τὸ
472 2787 541 2857 odoi
558 2792 742 2873 Apollonius
758 2792 850 2858 docet
866 2793 944 2859 Adv.
957 2792 1029 2874 538,
1047 2812 1109 2875 quo
1124 2794 1193 2859 loco

70 2892 321 2974 intup'ectionem
344 2889 488 2976 οἷ’(ολσῖ)
506 2891 675 2974 significari
690 2895 907 2975 cognoscimus
929 2894 1049 2960 exEM.
1067 2893 1138 2960 619.
1150 2893 1192 2961 56

67 2990 297 3073 Ἀπολλώνιος
318 2995 406 3080 λέγει
428 2991 479 3059 ὅτι
504 2993 592 3060 ἔστιν
615 2991 655 3061 οἷ’
671 2994 852 3083 ἐπίῤῥημα·
876 2994 911 3062 ἐκ
933 2985 1053 3061 τούτου
1069 2995 1192 3080 γίνεται

72 3091 1192 3182 οἷζισ,ἐκδὲτσὺτουσῖζὺω,κσὶκατὰδιάλυσινόἵζῦω[ν.ρ.12].Νοιηθιι

71 3199 249 3263 solitarium
271 3197 375 3286 προίξ
395 3199 462 3265 sive
484 3197 583 3284 προῖξ
599 3197 671 3263 ΕΜ.
690 3184 778 3281 opud
792 3199 890 3265 Jones
911 3198 1099 3282 hisyilnbum
1123 3217 1193 3265 esse

64 3299 174 3366 refert
195 3301 322 3385 [Paroll.
347 3301 408 3367 105
430 3301 500 3385 sq.]‚
524 3300 700 3380 exemplum
722 3318 797 3366 vero
818 3301 941 3366 nullum
962 3302 1114 3383 proditur,
1137 3302 1194 3368 sed

72 3403 160 3467 haud
180 3421 289 3468 rmum
322 3409 372 3470 est
393 3400 699 3490 καταπροΐξεσθαι,
733 3403 817 3484 quod
840 3403 1036 3486 Phrynichus
1059 3405 1195 3486 castigat

71 3524 103 3587 p.
128 3504 199 3585 169,
222 3525 250 3571 r.
267 3506 338 3572 adn.
353 3540 389 3551 —
409 3504 550 3571 Verbum
571 3506 604 3570 in
630 3508 680 3576 ιΤω
707 3504 896 3588 barytonum
922 3524 1019 3571 unum
1046 3512 1097 3571 est
1124 3502 1193 3591 ιλιι,

72 3603 199 3687 οἴομαι,
220 3626 250 3672 r.
270 3607 381 3673 Rhem,
403 3607 462 3688 22,
496 3607 553 3673 sed
575 3607 634 3673 hoc
654 3625 779 3689 quoquc
800 3607 975 3688 Homerus,
1003 3608 1031 3673 si
1051 3608 1103 3674 lex
1124 3627 1193 3675 car-

72 3707 166 3773 minis
187 3708 285 3790 iubet
306 3710 349 3775 ad
371 3709 524 3775 diastasin
544 3714 680 3790 revocat
703 3728 799 3791 quam
820 3710 866 3775 illi
888 3710 1032 3792 stirpitus
1054 3711 1195 3777 innatam

72 3827 146 3875 esse
174 3810 325 3877 indicium
350 3811 484 3893 praehet
503 3811 652 3878 Latinum
673 3813 801 3896 opinor:
823 3823 858 3859 ’-
898 3812 983 3879 Urbs
1005 3813 1123 3878 Priomi
1156 3813 1195 3877 ab

72 3911 213 3978 Homero
234 3912 284 3978 bis
306 3912 503 3979 ambitiosius
525 3920 656 3981 vocatur
678 3911 777 3991 πόλις
801 3912 903 4001 Τροίη
938 3932 996 3994 per
1025 3915 1194 3996 appositio·

73 4032 147 4078 nem
168 4020 205 4080 ut
227 4014 340 4081 Latine
361 4007 437 4079 or'do
447 4015 621 4104 lamio
632 4016 836 4083 Aristarchus
854 4014 961 4104 Τροΐη
984 4016 1110 4097 scripsit
1124 4021 1194 4080 ten·

71 4135 170 4199 qnam
191 4117 382 4184 adiectivum
402 4120 632 4200 possessivum,
653 4118 731 4185 orbo
755 4117 904 4197 diciano,
938 4134 1009 4183 curn
1031 4116 1195 4183 affectione

73 4219 192 4299 duplici
214 4221 358 4309 συστολῇ
380 4221 435 4287 καὶ
459 4221 655 4310 συιαιρέστι,
679 4220 851 4287 aslemm.
874 4217 983 4298 1450,
1007 4225 1041 4285 et
1061 4219 1120 4284 hoc
1142 4219 1196 4285 diu

72 4321 289 4402 praevaluisse
300 4320 500 4389 Resedimus
522 4328 674 4391 usuam:
701 4321 804 4408 Τροΐη
823 4319 1040 4460 Ἀρίστσιὲχζις
1066 4328 1193 4407 τρισυλ-
