2736 4778
72 383 76 392 .
157 351 222 418 nn
246 334 596 419 raosuuus1nr
620 344 882 416 munnam.
917 344 956 414 c.
973 345 1000 412 1.
1023 347 1091 433 ar.
1142 349 1191 424 tn

80 560 176 623 quam
204 538 348 625 positum
377 547 427 598 eet
453 554 515 619 pro
542 529 733 619 πολυκηόἡς
761 532 819 596 aed
852 531 914 597 huc
949 530 1084 598 refertur
1115 531 1193 618 quia

80 632 221 726 ἀκήδεια
244 637 330 703 hunc
353 634 552 699 intellectum
572 630 692 698 habere
716 633 843 697 videtur
865 633 899 697 iu
912 634 1022 720 Apoll.
1037 634 1101 700 III.
1116 633 1189 700 298.

78 736 136 802 ubi
152 738 276 805 Medea
297 756 407 801 amore
430 755 541 801 recena
563 743 723 822 concepto
742 748 893 799 aestuans
911 756 996 799 nunc
1015 734 1192 801 exalbescit

79 862 168 906 nunc
181 838 344 905 erubescit
362 831 532 925 dandalpot
553 833 723 919 adoro⁸¹).
759 837 881 903 Verum
903 847 1011 899 tamen
1031 833 1095 899 hoc
1110 846 1191 900 tem·

79 963 163 1027 pore
184 941 241 1005 illa
263 962 330 1004 non
351 946 399 1003 eet
416 937 511 1002 auxia
533 935 592 1002 aed
614 937 757 1002 omnium
778 959 885 1001 rerum
906 942 1036 1024 praeter
1052 957 1193 1001 amorem

79 1039 248 1105 incuriosa
279 1052 311 1105 et
336 1038 449 1117 oblita,
480 1039 527 1104 sie
552 1050 589 1103 ut
620 1033 746 1128 ἀκηδής
775 1039 839 1104 dici
869 1038 1013 1130 potuerit
1035 1038 1192 1124 quemad-

80 1141 217 1206 modum
239 1163 328 1205 amor
346 1140 420 1227 ipae
450 1162 469 1205 a
490 1138 668 1207 Theocrito
692 1151 824 1205 vocatur
845 1139 1065 1227 ἀφρόντιστος
1085 1138 1121 1204 id
1144 1150 1194 1204 eat

82 1264 201 1329 expers
230 1242 361 1307 rationis
390 1253 424 1307 et
448 1242 667 1320 inconsultus,
697 1242 788 1328 quod
817 1240 926 1310 Schol.
957 1239 1039 1306 ialso
1065 1241 1193 1328 accepit

78 1341 98 1412 ό
123 1338 209 1429 dycta
231 1343 414 1431 φροντίζων
434 1367 464 1407 v.
485 1343 575 1408 Adn.
606 1343 648 1407 ad
668 1344 723 1428 Aj.
752 1366 782 1408 v.
804 1343 877 1408 355.
903 1364 1009 1428 neque
1032 1340 1074 1407 ob
1097 1341 1192 1408 aliam

79 1465 211 1510 causam
232 1439 354 1532 ἀκηδιά
375 1466 395 1508 a
417 1444 675 1531 Gloaaographia
698 1445 872 1530 exponitur
890 1440 979 1529 λύπη
1000 1454 1033 1508 et
1050 1437 1193 1533 ἅκηδιᾷν

79 1547 222 1611 animum
244 1545 451 1631 despondere
469 1548 533 1630 ⁸²).
585 1544 702 1612 Cetera
722 1568 798 1611 vero
822 1545 918 1609 uniue
943 1555 1017 1608 eunt
1045 1544 1192 1629 generie;
1241 1604 1244 1608 Δ

79 1670 156 1713 nam
179 1670 200 1711 a
219 1643 337 1729 χαίνω,
360 1645 473 1725 trivo,
503 1647 646 1725 callio,
675 1649 809 1733 σπέρχω
839 1646 997 1730 adjectiva
1023 1645 1056 1709 in
1079 1633 1191 1735 rp-gex·

80 1748 191 1814 euntia
215 1746 295 1833 fingi
316 1771 383 1813 non
405 1760 582 1834 potuerunt
603 1750 665 1815 niei
687 1748 862 1816 accedente
880 1748 930 1814 vel
948 1748 1193 1836 praepositione

79 1845 252 1936 ὀιαχανής,
288 1847 434 1937 ieratis,
464 1848 706 1938 nantuacensis,
746 1850 797 1916 vel
826 1849 888 1915 alia
915 1859 1007 1937 parte
1036 1850 1192 1917 orationis

78 1948 278 2035 πολυχανής,
303 1945 434 2036 circaeis
455 1973 484 2015 v.
506 1951 624 2018 Parall.
651 1953 847 2040 1585131)
870 1974 1007 2037 quarum
1028 1950 1084 2015 ubi
1104 1951 1194 2016 nulla

78 2048 309 2127 conveniebat,
343 2049 514 2116 decureum
546 2054 665 2117 estad
692 2054 969 2140 praepositionem
995 2051 1193 2135 loquelarem

79 2139 120 2226 ἶ,
150 2171 233 2236 quae
264 2150 343 2236 quia
370 2171 430 2236 per
457 2172 493 2217 ae
518 2150 600 2218 nihil
628 2153 805 2239 significat,
831 2152 907 2219 ideo
927 2151 969 2217 ad
989 2152 1193 2218 formandum

80 2251 251 2339 aptissima
272 2263 332 2317 eet.
371 2245 560 2341 Ἀσπερχής
576 2254 730 2339 majorem
744 2255 809 2321 vim
829 2253 948 2322 habere
970 2276 1067 2341 quarn
1088 2278 1193 2341 σπερ-

76 2350 155 2436 χνός
181 2364 214 2418 et
234 2347 346 2431 ἀτενές
365 2350 480 2418 fortine
502 2376 692 2442 essequam
717 2354 838 2436 ἐντενές
860 2361 974 2424 intente
993 2377 1090 2421 nemo
1113 2376 1191 2420 con

78 2453 202 2530 vineet3
226 2475 264 2519 ao
288 2453 316 2517 ei
338 2453 383 2519 ita
403 2466 498 2532 earet,
520 2467 627 2522 tamen
645 2457 764 2523 id'non
781 2458 914 2546 propria
927 2457 1067 2544 quadam
1081 2457 1193 2523 literae

78 2553 178 2641 alpha
201 2554 319 2620 virtute
349 2554 499 2621 effectum
531 2559 734 2626 crederemus
765 2560 825 2625 sed
852 2560 922 2626 sola
951 2559 1078 2624 nativae
1102 2557 1193 2630 aecio

78 2656 320 2734 immutatione,
364 2679 431 2743 qua
471 2680 630 2746 persaepe
669 2661 861 2747 significatio
899 2659 962 2726 alio
1002 2658 1191 2726 deflectitur.

77 2757 207 2823 Eadem
225 2757 352 2823 mdone
373 2757 601 2846 explanantur,
625 2783 708 2848 quae
730 2774 854 2829 veteres
876 2773 1071 2850 suggeruntz
1097 2760 1193 2847 παρὰ

77 2857 119 2924 τὸ
142 2855 227 2932 itta
250 2854 348 2944 δλλής
369 2860 425 2927 καὶ
449 2861 534 2941 μετὰ
556 2868 615 2928 τοῦ
639 2852 879 2932 inenarranda
899 2860 1022 2951 ἀελλής
1042 2863 1123 2929 ΕΜ.
1140 2862 1191 2941 19,

78 2959 132 3026 54.
145 2960 199 3044 ⁸⁴)
229 2958 319 3045 quod
339 2959 529 3029 Euetathiuo
551 2963 624 3042 641,
654 2963 705 3030 63.
739 2963 837 3051 alpha
864 2964 1082 3052 copulativum
1115 2964 1194 3031 dicit

79 3060 141 3136 aed
163 3070 279 3126 neuter
305 3072 409 3141 reete,
438 3086 513 3130 nam
535 3058 656 3151 ἂελλής
677 3065 727 3130 vel
753 3063 794 3130 ab
817 3060 924 3130 ἆέλλω
945 3064 1123 3129 derivatum
1143 3076 1194 3144 eet

78 3185 110 3226 v.
134 3159 259 3228 Techn.
286 3163 357 3229 113.
382 3163 454 3229 ll'l.
470 3164 521 3229 vel
542 3161 583 3228 ab
607 3160 692 3230 diluo
714 3160 823 3247 (oliui)
849 3163 947 3251 alpha
966 3165 1194 3231 concinnitatis

65 3285 180 3329 cauea
207 3262 377 3348 adjuncto,
404 3265 481 3351 quia
509 3263 656 3331 averbie
679 3264 838 3351 adjectiva
859 3266 892 3332 io
913 3253 962 3352 ᾖξ’
975 3265 1093 3332 ducere
1115 3266 1191 3333 eim·

80 3365 179 3452 plicia
213 3363 418 3432 licentiosum
454 3379 512 3433 eet
573 3367 657 3433 Item
691 3358 795 3445 dalea
826 3361 845 3434 ὁ
879 3364 968 3436 πάνυ
998 3369 1194 3457 καρτερικός

134 3539 182 3607 31)
195 3538 228 3594 ln
246 3540 346 3594 eadem
363 3538 451 3593 verba
462 3534 521 3593 exit
532 3535 709 3609 Empedoclis
719 3553 816 3592 versun
831 3537 890 3594 117.
903 3533 1035 3607 ἀλλήλους
1045 3536 1194 3604 δάπτοντες

79 3622 223 3699 ἀκηδείῃσι
241 3620 318 3680 νόοιο
328 3622 391 3680 'hoo
409 3630 451 3680 eat
468 3638 521 3695 per
539 3620 756 3692 incogitantiam.
795 3621 871 3679 Huic
890 3630 983 3681 autem
1002 3623 1131 3697 proxima
1150 3633 1193 3682 eet

81 3708 179 3783 inopia
191 3707 309 3774 consilii,
321 3726 394 3781 quae
409 3712 590 3781 desperantes
602 3724 637 3764 eo
649 3707 765 3763 adducit
775 3716 806 3764 ot
818 3710 940 3765 omnium
952 3698 1045 3766 rernm
1060 3729 1154 3769 curam
1164 3721 1193 3767 et

80 3795 281 3866 cogitationem
294 3795 437 3867 abjiciant.

132 3883 176 3948 31)
189 3881 346 3956 Heayohiua
355 3876 453 3952 Ἀλυχὴ
465 3878 604 3950 depurata
616 3878 718 3950 ἀκηδία
731 3875 793 3950 ὅση,
802 3877 948 3953 ‘detinerer
959 3880 1131 3954 ἀκηδιασιὴς.

132 3966 180 4034 33)
193 3962 321 4038 intexit
343 3968 420 4037 qnod
441 3984 468 4038 p.
493 3966 550 4019 163.
572 3964 739 4032 memoravi,
758 3967 793 4021 ab
814 3967 962 4023 Euanthio
985 3968 1064 4041 rejici
1086 3968 1144 4025 dixi
1164 3968 1192 4025 in

80 4052 215 4106 Addend.
231 4051 269 4104 ad
280 4052 307 4104 la.
323 4051 342 4108 1.

132 4136 179 4203 31)
191 4135 278 4200 Quod
296 4134 430 4191 continuo
447 4135 574 4207 seqnitur
590 4137 620 4198 rt
636 4124 669 4192 οὗ
688 4135 717 4192 τὸ
736 4136 866 4208 civiliter,
891 4139 1015 4209 pertinet
1034 4140 1071 4193 ad
1086 4145 1193 4212 partem

80 4220 220 4288 amineam,
240 4237 324 4292 quam
345 4221 470 4278 Zonaras
489 4241 520 4295 p.
540 4224 600 4278 231.
621 4221 749 4289 narrarit,
768 4217 865 4290 ἀελλὴς
881 4227 928 4277 nai
943 4228 1030 4299 τροπῇ
1042 4213 1193 4289 codicia-o

79 4303 187 4378 cicilia

940 4394 982 4458 3*
