2736 4778
123 367 188 434 DE
209 366 338 433 ALIIS
361 302 605 434 SYNCOl'AE·
621 363 885 432 GENERIBUS
907 361 990 431 (3.1.
1016 367 1042 450 ξ.
1057 363 1089 430 4.
1112 367 1187 441 363

75 551 221 638 prolatae
248 544 267 616 ὁ
297 548 362 636 γάρ
393 547 540 637 ποιητὴς
567 543 651 626 ἴδας
683 544 753 628 ἔχει
781 543 843 624 τὰς
875 544 1056 624 συνθέτους
1080 546 1189 628 λέξεις

75 647 233 730 διαλύειν,
253 641 327 716 οἷον
347 639 828 737 κήρισαιφορήτουςοδς
843 649 963 734 κῆρες
983 649 1188 735 φορέουσι

74 746 300 841 καὶιγρηδς
330 744 609 840 πυκιμήδεος,
649 741 721 815 εἶτα
760 744 908 814 διαλύων
941 744 1001 835 τὴν
1032 743 1189 815 σύνδεσιν

75 850 234 940 ἐπιφέρει
255 849 411 916 τιυιιινδ
438 849 559 939 φρεσὶ
584 844 701 934 μήδε’
733 841 970 935 δχοάσηςῑί)
998 869 1083 933 quae
1107 846 1189 913 loeis

74 951 176 1038 longe
203 950 351 1016 diseretio
383 951 536 1038 leguntur
570 949 638 1018 Od.
668 949 697 1015 Ι.
724 949 799 1014 438.
839 957 873 1012 et
896 947 999 1014 XIX.
1026 949 1100 1015 353.
1128 969 1190 1014 nee

77 1053 232 1118 credibile
255 1062 305 1118 ert
324 1063 471 1140 poetam,
505 1059 606 1138 quum
633 1051 769 1117 alterum
791 1060 946 1138 poneret,
974 1050 1108 1116 alteriue
1130 1049 1189 1119 ha·

77 1153 190 1218 buiase
210 1153 406 1219 memoriam.
449 1153 527 1220 Non
546 1164 655 1218 tamen
682 1153 758 1219 ideo
785 1152 868 1217 illud
888 1174 964 1217 oum
983 1148 1076 1218 τιάιια
1098 1172 1189 1217 oom-

75 1255 220 1341 poeitum
241 1253 395 1334 arbitror,
424 1255 515 1341 quod
536 1254 572 1320 in
599 1254 766 1341 puretheei
788 1253 889 1318 modo
914 1252 1077 1319 invenitur
1097 1246 1188 1318 πύκα

75 1351 219 1444 ποιητός
246 1365 281 1421 et
305 1357 358 1421 all.
387 1356 446 1421 aed
475 1378 550 1422 oum
576 1354 725 1421 obsoleto
758 1353 918 1439 adjectivo
946 1349 1053 1431 ποιός
1077 1352 1189 1419 dorice

74 1453 204 1535 ιιουιιός
228 1456 331 1536 δὶυιο,
359 1457 412 1522 eui
432 1457 515 1522 illud
542 1455 688 1522 adverbii
708 1457 783 1522 loeo
810 1455 943 1520 affixum
967 1465 1028 1520 eat.
1070 1454 1189 1539 Itaque

74 1565 112 1619 ut
132 1548 389 1643 άργικέραινος,
422 1553 616 1646 φοξίχειλος
647 1579 708 1644 pro
737 1555 844 1622 vocali
867 1554 1047 1622 eonnexiva
1068 1553 1191 1620 habeut

74 1655 152 1734 iota,
173 1656 220 1721 ite
242 1654 434 1746 πυκιμὴδης
459 1681 520 1745 pro
546 1654 753 1746 πυκομήδης.
786 1651 1016 1746 Ἀρρηφόρους
1040 1656 1189 1722 nomina-

75 1767 125 1823 ωε
145 1779 219 1824 ease
238 1756 298 1836 τὰς
318 1758 360 1824 τὰ
386 1753 514 1848 άρρητα
538 1753 707 1848 φερούσας
727 1758 839 1826 Sobel.
860 1759 920 1823 Ar.
941 1757 1023 1843 Lya.
1035 1755 1109 1822 648.
1133 1757 1188 1841 (el.

75 1857 345 1944 Aglaopheet.)
368 1869 400 1924 et
418 1854 601 1944 ἀκράχολος
623 1858 689 1925 diei
711 1882 772 1945 pro
793 1852 1189 1944 άκρατόχολοςῦοεδειλ

77 1958 187 2026 Glosa.
213 1981 246 2047 p.
269 1960 300 2025 3.
320 1960 417 2024 valde
434 1959 559 2025 incerta
577 1969 629 2025 eat
649 1962 845 2045 conjectura.
876 1958 1006 2023 Eodem
1020 1958 1095 2024 loeo
1115 1972 1191 2024 sunt

76 2060 175 2126 baeer
203 2059 247 2126 τὰ
275 2056 428 2146 βράβυλα
460 2061 621 2125 καλεῖται·
648 2058 708 2126 καὶ
742 2055 877 2145 μάδρυα
911 2048 985 2123 οἷον
1015 2054 1196 2146 μαλόδρυα

76 2161 198 2227 Athen.
220 2161 267 2240 11,
289 2161 342 2226 50.
362 2163 407 2226 A.
431 2160 509 2225 alibi
530 2159 617 2225 enim
638 2152 797 2244 άμάδρυα
820 2166 989 2235 tueantur,
1016 2160 1110 2245 cujus
1130 2182 1188 2226 vo-

77 2262 181 2328 ealem
201 2262 339 2350 primam
360 2262 498 2328 fortasse
520 2260 651 2326 detrivit
674 2260 878 2325 consuetudo
899 2258 1080 2345 popularia.
1099 2266 1189 2327 Χοι-

79 2361 242 2447 ροβοοκδς
281 2358 331 2439 εἰς
362 2360 401 2427 τὸ
439 2360 519 2448 περὶ
555 2353 791 2450 ὀρθογραφίας
825 2354 927 2429 αὐτοῦ
939 2361 991 2444 ¹³)
1029 2359 1119 2447 λέγει
1150 2359 1189 2429 τὸ

78 2457 215 2550 ἀΐδηλος
236 2454 322 2527 εἶναι
344 2454 494 2529 ἀπὸτοῦ
518 2455 632 2530 ἇϊδνόν
658 2459 697 2528 τὸ
721 2466 883 2550 σημαῖνον
908 2459 947 2527 τὸ
970 2455 1191 2546 ἀφανιστιιιδν

78 2562 163 2629 κατὰ
186 2556 355 2650 αυγκοτιήν
373 2561 454 2628 ΕΜ.
475 2564 537 2641 41,
563 2561 616 2627 40.
659 2561 702 2627 Ιδ
726 2563 781 2626 alii
803 2561 1005 2649 probabilius
1028 2559 1069 2626 ab
1092 2555 1191 2649 άῖδής

78 2663 275 2751 productum
290 2673 415 2751 putarit.
449 2662 623 2750 Χέρνησας
643 2661 672 2727 si
694 2685 735 2727 ex
756 2659 970 2752 Χερσόνησος
989 2672 1190 2729 contractum

79 2777 145 2844 eet,
168 2766 249 2831 duae
271 2765 380 2830 literae
400 2764 517 2841 amisit,
540 2762 592 2827 ain
613 2785 654 2829 ex
674 2760 868 2852 Χερόνηαος
889 2786 988 2829 unam
1008 2774 1134 2830 tuntum
1154 2777 1191 2831 ut

79 2889 179 2954 supra
202 2865 324 2931 dietum
345 2877 396 2931 eet
416 2887 444 2930 e.
467 2866 528 2933 IV.
553 2868 579 2949 ξ.
591 2865 687 2949 311)
736 2866 860 2932 Verum
883 2865 1005 2930 nullam
1034 2878 1092 2931 aut
1116 2867 1191 2930 infi-

78 2967 180 3032 tiandi
209 2978 266 3031 aut
292 2966 490 3031 defendendi
519 2964 705 3030 facultatem
731 2965 884 3051 relinquit
914 2987 980 3029 vox
1007 2967 1194 3051 Aeschyleo

79 3063 340 3154 βδελύκτροπος,
370 3067 459 3152 quod
482 3066 550 3132 eive
578 3087 652 3131 oum
672 3061 853 3148 βδελυκιός
874 3065 1083 3129 coniunctum
1109 3066 1191 3131 dioi-

78 3192 150 3234 mus
172 3169 240 3233 eive
262 3191 336 3234 eum
359 3162 549 3252 βδελυχρός,
572 3189 640 3232 non
660 3176 725 3228 tam
747 3162 810 3229 hoo
828 3164 1011 3229 mirandum
1027 3176 1077 3231 eet
1095 3165 1192 3250 sylla·

79 3270 154 3335 bem
183 3270 342 3355 abjeotam
371 3290 444 3334 esse
473 3266 603 3332 finalem
630 3289 728 3352 quam
754 3266 845 3350 quod
873 3288 940 3330 non
968 3275 1039 3330 tota
1066 3263 1192 3350 abjecte

80 3432 408 3445 -—-.-——-——

149 3526 194 3592 11)
206 3523 298 3594 Hujus'
311 3539 377 3575 uoue
395 3519 592 3575 observatione
608 3516 707 3573 nititur
718 3535 814 3572 eorum
833 3514 929 3588 opinio
948 3516 996 3586 qui
1019 3519 1195 3591 ταλαπείριος

80 3611 136 3666 Οδ.
155 3609 221 3664 vn.
240 3611 281 3663 25.
301 3603 478 3679 interpretati
501 3611 567 3660 eunt
582 3600 730 3679 πόρρωθεν
749 3596 926 3676 πεττερακώς·
944 3601 1049 3675 quippe
1067 3601 1194 3676 requitur

79 3690 196 3765 τηλόθεν
209 3697 238 3757 ἐξ
249 3692 334 3762 ἀπίης
346 3699 435 3763 γαίης.

151 3782 194 3850 15)
208 3781 241 3836 lu
255 3777 467 3851 Orthographia
477 3792 569 3849 nuper
580 3774 657 3832 edita
672 3776 727 3831 hoe
739 3791 796 3830 non
808 3772 913 3845 legitur
932 3775 983 3830 red
1003 3772 1093 3829 simile
1110 3774 1193 3844 quid·

79 3870 143 3922 dam
159 3869 217 3932 177,
232 3869 272 3922 12.
290 3874 319 3920 et
330 3865 420 3938 Epim.
433 3865 455 3918 I.
471 3864 512 3929 te,
524 3865 567 3917 22.

150 3954 193 4021 15)
205 3952 317 4008 Nomen
331 3949 475 4024 proprium
494 3948 651 4022 Ἑμαυτίων
668 3946 692 4001 ri
709 3945 738 4001 in
754 3945 874 4002 Graecia
886 3943 996 3999 radices
1010 3943 1106 4006 habet,
1118 3958 1194 3996 eom·

78 4037 201 4112 positum
213 4055 275 4093 ease
289 4037 375 4093 debet
392 4043 424 4091 ut
435 4035 618 4111 Ἀνδροτίων,
635 4038 799 4106 Δημοτίων,
817 4033 964 4086 Πολυτίων
983 4044 1007 4080 v.
1026 4025 1113 4079 Proll.
1133 4026 1194 4084 390.

79 4127 144 4179 adn.
163 4122 360 4194 concisumque
379 4141 415 4178 ex
430 4121 631 4196 Ἐμαυιοιίων,
645 4121 722 4193 φοοδ
743 4134 846 4173 nomen
867 4115 895 4168 in
913 4110 1016 4167 multoe
1033 4110 1194 4168 mortalium

80 4210 213 4268 convenit
226 4209 390 4282 Solipairmi,
404 4215 435 4265 ut
448 4225 524 4265 nuno
536 4213 648 4272 rotant,
661 4206 799 4273 cultorem
813 4216 914 4272 ςιιεαι
927 4201 1056 4270 φίλαυτοι
1068 4203 1098 4271 et
1108 4191 1194 4255 αὐτά-

79 4317 157 4369 γητοι
170 4297 311 4354 dicuntur.
