2736 4778
125 339 202 414 ⁴⁰8
478 329 798 399 DISSERTATIO
828 329 894 395 111.

125 521 295 605 βεβαῶτες
315 511 402 583 κατὰ
419 515 631 599 πλεονασμὸν
648 516 709 583 τοῦ
731 503 758 581 οἶ
776 508 949 599 γεγόνασιν
970 505 1044 580 ono
1062 515 1122 581 rori
1137 509 1248 581 ἑστῶ-

126 643 181 697 τες
201 617 259 686 καί
278 619 435 702 βεβῶτες.
467 615 501 682 Ν
501 636 541 682 ec
555 616 662 703 magis
678 613 884 682 considerate
900 635 934 700 p.
952 611 1025 678 860.
1034 623 1072 712 et
1084 613 1247 701 Orthogr.

127 721 208 798 224,
228 719 281 786 20.
311 713 382 786 δπδ
403 720 464 784 τοῦ
485 711 555 796 εἶμι
578 717 621 784 νδ
642 713 853 803 πληθυννίκδ
875 712 932 780 διὰ
953 717 1014 781 τού
1043 740 1073 794 ι,
1099 711 1176 799 ἴμεν
1195 712 1249 783 ἴτε

6 879 16 888 ,
126 814 175 889 ίαν
206 820 263 888 καί
293 816 450 905 προςδδῳ
476 822 536 884 τοῦ
562 805 596 885 δι’
605 812 695 895 ἴασι,
722 839 800 882 nem
821 814 886 881 hoo
907 814 1042 900 longum
1063 815 1164 903 alpis
1183 839 1246 905 pro

127 943 275 988 consone
297 907 317 987 ἶ
337 918 559 985 introductum
581 928 629 983 est
646 927 683 984 ut
698 916 796 983 breve
813 917 847 982 in
865 916 1017 1003 perlectis
1038 913 1247 1005 βεβολήαται

125 1035 189 1091 eto.
232 1024 347 1109 Atque
369 1020 446 1087 hino
460 1010 563 1087 'nobis
584 1020 637 1085 vio
658 1019 841 1086 ostenditur
866 1017 909 1083 ad
930 1040 1041 1084 verum
1059 1019 1248 1105 perectasin
1290 1106 1294 1115 ·

125 1124 188 1192 sed
211 1123 350 1191 eandem
373 1145 393 1188 a
415 1121 629 1208 synecdrome
645 1121 841 1208 proiectam:
863 1117 901 1186 νδ
923 1118 1018 1206 παρὰ
1038 1117 1246 1208 Καλλιμάχῳ

81 1284 84 1293 .
125 1222 248 1312 κούρη
268 1223 312 1291 δὲ
336 1222 535 1310 παροίατο
558 1220 835 1308 δακρυχέουσα
860 1212 960 1308 ἤγουν
979 1219 1246 1303 παρεκαθέζετο,

125 1326 213 1404 τινὲς
234 1323 447 1405 πλεονααμδν
469 1318 642 1412 ἡγήσαντο.
689 1315 757 1390 Οὐκ
780 1318 851 1389 ἔστι
874 1321 913 1388 δὲ
930 1320 1141 1405 πλεονασμὸς
1158 1316 1246 1390 illd

125 1419 356 1515 πληθυντικόν
376 1425 487 1511 Ερίια.
510 1425 538 1489 1.
560 1423 633 1489 373.
661 1423 718 1508 qui
746 1422 911 1489 schemate
931 1421 1111 1487 Pindarico
1132 1421 1248 1488 nititur

127 1527 180 1605 ,vol
207 1549 284 1594 vero
313 1521 410 1611 ίίμυοι
437 1525 602 1602 τέλλεται,
631 1525 683 1590 vel
703 1523 930 1590 commenticio
953 1528 1013 1609 τῆς
1037 1517 1071 1589 δ’
1093 1515 1134 1610 ἦν
1153 1530 1248 1612 τρεῖς

127 1625 286 1716 κεφαλαί.
330 1626 399 1695 Sed
429 1648 470 1690 cx
491 1625 563 1690 aliis
585 1625 762 1712 exemplis,
785 1646 869 1711 quae
894 1624 937 1688 ad
956 1625 1079 1690 Buttm.
1101 1646 1135 1711 p.
1158 1623 1190 1690 8.
1213 1635 1247 1690 et

126 1729 201 1794 487.
224 1727 332 1804 attuli,
353 1725 561 1792 menifestum
582 1726 619 1791 fit
643 1737 759 1812 poetes
779 1727 1022 1793 Alexandrinos
1047 1725 1247 1812 singularem

126 1829 266 1897 similem
296 1827 481 1894 reddidisse
517 1826 645 1913 plurali.
699 1827 776 1908 Quo
814 1840 911 1914 pecto
941 1829 1039 1915 Epici
1073 1828 1109 1893 in
1135 1826 1244 1893 verbis

129 1928 370 2018 perispomenis
392 1927 493 2016 ulpho
515 1931 616 2014 longo
637 1929 848 2016 praemittant
866 1929 964 1995 breve
984 1929 1173 2016 singillatim
1184 1950 1244 1994 ex·

127 2032 225 2120 posui
246 2033 282 2098 in
301 2031 442 2097 Dissert.
466 2030 507 2095 de
528 2029 664 2095 dieetesi
686 2030 813 2098 chhn.
838 2055 871 2118 p.
895 2031 967 2097 173.
1004 2031 1059 2097 Ab
1083 2030 1245 2115 adjectivo

126 2133 266 2213 δίδυμος
294 2141 515 2218 propagatum
543 2142 593 2196 est
613 2131 882 2216 andronymioum
902 2128 1063 2215 Διδύμων
1083 2142 1117 2198 et
1137 2133 1245 2199 Διδυ-

122 2230 240 2317 μυίων,
268 2235 360 2317 cujus
392 2232 516 2317 obliqui
548 2253 643 2298 cesus
671 2255 739 2298 non
765 2234 919 2319 leguntur
939 2233 998 2298 sed
1022 2222 1119 2319 pero
1142 2233 1245 2300 deeli-

125 2343 238 2399 nstum
260 2355 333 2400 esse
355 2332 539 2417 colligimus
563 2354 604 2398 ex
624 2334 784 2419 adjectivo
809 2331 1012 2416 διδυμάονος
1034 2330 1080 2412 ὡς
1095 2330 1245 2414 Μαχάο-

127 2459 197 2514 νος,
226 2433 301 2502 ἐπεὶ
331 2426 442 2512 ἄλλως
469 2428 597 2519 ύίφειλε
624 2434 681 2500 διδ
710 2422 821 2502 roi—cd
845 2429 891 2512 ὡς
911 2430 1112 2520 παρώνυμον
1131 2432 1244 2501 Schol.

125 2535 165 2600 Il.
200 2535 242 2604 V.
270 2534 343 2600 548.
392 2534 523 2600 Nomen
553 2531 661 2597 herois
685 2530 840 2618 Ὠαρίων,
875 2534 965 2619 quod
994 2534 1156 2599 interdum
1187 2535 1245 2599 tn'-

126 2634 288 2721 syllabum
309 2637 347 2701 fit
367 2635 467 2721 alpha
490 2647 615 2700 retento
635 2658 664 2699 v.
680 2634 919 2703 Schneidewin.
944 2635 987 2700 od
1003 2635 1100 2701 Pind.
1124 2660 1157 2722 p.
1171 2636 1244 2700 180.

127 2736 217 2802 siex
240 2735 337 2812 urbo,
363 2735 420 2800 ubi
442 2747 537 2801 natus
559 2736 674 2813 fertur,
706 2738 812 2822 Hyria
833 2739 943 2803 fictum
965 2748 1027 2814 est,
1058 2737 1164 2802 vocali
1185 2737 1244 2803 ab·

125 2836 238 2902 undat.
260 2875 302 2885 -
331 2838 385 2901 Ex
410 2859 544 2902 numero
570 2837 849 2903 indeclinabilium
874 2838 1015 2924 primum
1034 2838 1246 2903 memorande

127 2947 203 3003 sunt
229 2937 384 3004 adverbia
408 2935 551 3025 μιγύδην
579 2951 611 3005 et
638 2937 798 3028 φυηύδην.
854 2939 915 3003 ΙΙΙο
943 2939 1109 3004 Nicander
1144 2938 1246 3005 semel

126 3039 227 3104 utitrrr
260 3040 330 3105 sine
362 3040 428 3105 ullo
461 3040 555 3106 metri
587 3041 787 3118 levamento,
821 3062 920 3124 quere
952 3039 1095 3128 dubium
1115 3063 1158 3104 an
1190 3040 1245 3105 ille

126 3140 246 3230 μίγδην
268 3142 316 3206 sic
337 3154 374 3207 ut
395 3141 466 3206 aliis
481 3142 562 3208 locis
580 3142 761 3228 scripserit3
784 3142 919 3206 alterum
936 3165 954 3206 e
974 3140 1046 3206 cod.
1063 3141 1246 3228 repositum

124 3253 177 3308 cet
206 3243 239 3307 iu
269 3243 354 3310 Poll.
384 3244 444 3311 VI.
478 3243 548 3307 175.
579 3266 638 3329 pro
664 3243 701 3308 τὸ
729 3241 878 3330 φρούδην
908 3245 964 3310 καί
991 3244 1030 3308 sd
1059 3239 1158 3328 ῥύδην
1184 3237 1245 3309 οὐκ

126 3336 203 3409 olda
225 3340 257 3410 si
280 3337 431 3410 ἀνεκτόν·
457 3343 512 3427 qui
535 3344 636 3431 ῥύδην
657 3366 724 3409 non
742 3344 784 3410 ob
800 3345 897 3410 uliam
912 3367 1042 3410 censum
1059 3343 1245 3430 improbare

126 3444 234 3529 potuit
256 3466 354 3528 quem
377 3444 454 3529 quin
475 3444 642 3530 poeticum
665 3456 731 3521 est;
754 3443 905 3533 φοράδην
930 3469 1007 3512 vero
1030 3445 1070 3510 eb
1093 3445 1247 3530 anologio

127 3545 295 3622 desciscit,
316 3568 391 3610 nam
414 3568 433 3612 e
454 3544 560 3611 verbis
584 3545 798 3612 circumflexis
823 3547 977 3613 adverbio
993 3546 1082 3611 nulla
1101 3567 1245 3610 nascun-

127 3655 189 3708 tur.
241 3646 358 3730 ltaque
394 3645 521 3734 φύρδην
550 3646 669 3711 dicitur
692 3658 728 3711 ut
756 3640 874 3733 ύρδην,
903 3648 1059 3734 κλίβδην,
1091 3642 1245 3736 κρύβδην,

122 3741 288 3833 υτύγδην,
312 3741 480 3834 φρύγδην,
506 3747 651 3833 ἑλίγδην,
680 3749 922 3835 περιπλίγδην,
946 3745 1083 3835 λύγδην,
1107 3743 1245 3834 φύρδην,

124 3869 212 3934 quae
235 3847 343 3913 omnia
365 3871 385 3913 e
406 3848 513 3914 verbis
535 3848 702 3934 berytonis
725 3850 872 3915 oriuntur
893 3850 964 3915 sine
982 3849 1165 3914 interventu
1186 3871 1246 3913 vo-

124 3950 207 4015 culis
238 3949 344 4038 ulpho.
388 3949 537 4016 Tertium
568 3960 618 4016 est
639 3948 715 4029 δίλις
735 3951 793 4017 καί
816 3953 1016 4038 πλεονασμῷ
1039 3947 1151 4028 ἅλιας·
1175 3947 1248 4017 ἔστι

127 4050 165 4118 dd
181 4055 340 4140 μονῆρες’
365 4046 460 4120 ούδὲν
482 4051 545 4139 γὰρ
568 4037 681 4129 cicc}
699 4052 999 4139 προπαροξύτονον
1021 4046 1098 4118 ἀλλ’
1124 4042 1144 4140 ἢ
1170 4044 1248 4131 ὀξύ·

126 4174 221 4217 τονον
244 4149 335 4232 ἑκάς,
359 4151 560 4238 ἔμπύςφυα.
574 4145 706 4238 lyncis),
726 4148 747 4238 ἢ
765 4151 995 4241 παροξύνονον
1016 4148 1065 4229 oie
1086 4150 1122 4217 αδ
1148 4143 1248 4238 ἀτρί-

124 4273 193 4333 μας
217 4253 317 4335 (αδδα
337 4254 393 4319 καί
413 4247 565 4341 ἠρέμας).
597 4253 643 4319 Τὸ
671 4253 708 4320 δὲ
730 4248 839 4320 αίτιον
859 4259 918 4320 τοῦ
940 4251 1038 4321 τόνου
1061 4247 1078 4318 ὁ
1103 4254 1249 4319 πλεονα-
