2736 4778
184 374 248 443 246
570 371 848 441 DISSERTATIO
870 370 941 439 vu
979 397 990 455 j

184 541 289 607 achius
312 540 330 624 ᾗ
353 538 417 605 204
440 539 511 605 adn.
534 537 554 604 3
587 556 657 604 cum
689 539 743 605 illo
771 539 929 620 componit
951 534 1173 626 Λίσόμνηθεν
1188 535 1221 617 ¹).
1270 537 1315 601 At

179 662 255 711 vero
276 644 350 709 huic
371 642 687 724 proximepraeoadit
705 642 897 724 praepositio
920 641 957 722 ἐξ
978 638 1061 708 Alo.
1087 646 1124 706 ut
1145 636 1183 718 ἐξ
1205 634 1311 725 οόρα·

182 744 300 827 νόθον,
334 745 418 828 quod
440 743 621 810 Priscianus
643 763 756 826 porum
787 750 861 826 apte
888 744 950 809 huo
978 744 1100 810 confert
1128 743 1220 826 quasi
1251 761 1312 824 pro

182 844 220 929 ἐξ
239 843 376 932 αι’ρανοῦ
399 847 546 929 positum.
581 845 615 913 Si
637 842 678 914 δι’
704 842 891 932 οὐρανόθεν
913 847 1029 913 alicubi
1050 847 1228 929 legeremus
1251 863 1312 926 pro

176 947 225 1020 ’δι’
250 946 394 1038 οόρανοῦ
417 950 469 1015 vel
491 943 548 1015 ὑπ’
573 946 768 1037 οὐρανόθεν,
804 970 843 1016 aa
865 952 991 1017 demum
1013 948 1105 1016 firma
1126 954 1214 1014 esset
1234 967 1310 1030 pro·

183 1054 285 1134 batio;
309 1054 370 1120 sed
387 1053 637 1136 praepositiones
660 1057 781 1120 motum
803 1072 821 1119 e
842 1055 911 1120 loco
932 1054 1134 1135 designantes
1157 1046 1238 1131 αἰτιό,
1264 1049 1309 1130 ἐξ

183 1153 268 1222 κατά
290 1156 428 1221 naturali
451 1155 588 1237 quadam
611 1154 764 1222 affinitate
777 1158 976 1239 applicantur
994 1156 1152 1222 adverbiis
1164 1153 1309 1219 eiusdem

184 1259 346 1324 relationis
379 1263 411 1323 et
436 1275 547 1324 nusus
582 1278 602 1323 a
623 1259 726 1340 poetis
749 1258 960 1327 detrahvmtur
982 1259 1086 1325 verbis
1109 1257 1308 1323 discedendi:

184 1354 480 1448 dqsvyrr'upyeog
501 1361 630 1428 Hesiod
653 1361 778 1443 Fragm.
801 1361 876 1441 XX,
909 1361 1010 1428 πέσεν
1037 1358 1187 1448 ἅρματος
1209 1360 1307 1442 Apol·

183 1464 245 1528 lon.
268 1463 313 1529 IV
336 1463 399 1530 598
422 1471 489 1544 etc,
514 1466 585 1530 aliis
608 1483 683 1531 vero
706 1464 873 1530 adiunctus
895 1465 1051 1547 genitivus
1075 1465 1175 1529 locum
1199 1463 1233 1526 io
1247 1485 1309 1547 qao

180 1566 314 1632 indicat:
337 1559 477 1654 Ἄργεος
509 1560 567 1654 ἦεν
588 1586 645 1649 pro
668 1567 703 1634 όν
717 1560 851 1655 '‘Apyar,
874 1587 901 1633 v.
923 1569 1098 1634 Bernhard.
1122 1566 1210 1649 Synt
1237 1566 1308 1632 137.

180 1669 315 1748 Quintus
337 1669 465 1752 quidem
486 1670 548 1736 Vll
571 1669 632 1735 187
662 1676 829 1753 utramque
857 1677 981 1752 partem
1003 1671 1154 1736 orationis
1177 1669 1305 1751 copula·

180 1772 227 1838 ric
248 1773 410 1839 intellectu
432 1773 557 1840 eodem:
594 1769 660 1855 εἰμί
684 1767 714 1840 δ’
738 1771 820 1859 ἐγών
839 1771 1034 1859 Ἰθόκηθεν,
1069 1771 1087 1837 ό
1123 1769 1150 1839 δ’
1167 1765 1308 1858 Ἄργεος

179 1872 386 1961 ἱπποβότοιο
410 1895 468 1958 pro
490 1876 639 1942 adverbio
659 1871 830 1963 Ἀργόθεν,
864 1878 921 1942 scd
942 1878 1002 1943 hoc
1024 1879 1072 1942 uti
1093 1895 1154 1941 non
1178 1880 1308 1957 poterat

115 1990 118 1996 '
178 1984 307 2061 propter
329 1979 504 2061 epitheton,
537 1999 639 2063 neque
667 1998 746 2061 opus
776 1984 846 2044 erat
872 1981 1047 2062 praemisso
1071 1977 1224 2045 eiusmodi
1249 1979 1305 2044 ad·

181 2082 297 2162 verbio,
321 2083 405 2164 quod
426 2083 554 2164 proprie
575 2088 696 2148 motum
718 2102 736 2149 e
758 2083 826 2149 loco
848 2083 974 2148 indicat.
1008 2082 1102 2164 Apud
1124 2082 1203 2148 alios
1226 2082 1305 2148 scri·

180 2191 288 2268 ptores
310 2185 389 2250 nihil
410 2186 637 2267 indagavimus
659 2186 745 2267 quod
759 2184 924 2268 Apollonio
941 2187 1116 2253 subveniat.
1140 2185 1305 2268 Sophoclis

179 2287 277 2353 verba
300 2287 377 2353 Oetl
398 2287 433 2352 G.
456 2288 518 2353 527
552 2281 572 2376 ἦ
605 2285 776 2377 μητρόθεν
811 2291 984 2372 δυσώνυμοι
1019 2285 1123 2376 λέκτρ’
1154 2285 1304 2375 ἐπόήοωῑ

180 2391 316 2472 primum
338 2391 420 2457 lecta
447 2391 507 2457 hoc
529 2390 705 2474 significare
727 2391 887 2458 videntur:
921 2393 1033 2457 νοαενίε
1060 2393 1173 2457 hetam
1199 2389 1305 2476 irffoa

181 2491 255 2557 dum
276 2492 417 2579 amplecti
434 2495 493 2560 hoc
514 2500 565 2560 est
586 2494 747 2582 ι’νιηνεοεαε
771 2517 820 2576 εα,·
856 2513 930 2560 nam
963 2500 1000 2561 ut
1023 2499 1154 2562 κενοῦνΙ
1170 2513 1230 2576 pro
1254 2492 1305 2557 da

181 2619 283 2660 serere
305 2597 414 2677 locum,
438 2599 482 2663 sic
498 2595 691 2679 πιμπλάναι
708 2618 765 2679 pro
777 2596 906 2684 aisperde
918 2599 1043 2677 dicitur,
1068 2619 1093 2663 v.
1110 2598 1150 2662 ad
1162 2598 1211 2663 Αἰ.
1226 2596 1305 2674 987;

180 2700 230 2765 vel
253 2701 348 2764 etiam
357 2700 511 2785 γοόόιιόειό,
535 2719 597 2782 quo
608 2700 771 2766 intellectu
787 2701 947 2766 interdum
960 2696 1152 2786 donatrices
1165 2703 1304 2782 ponitur,

181 2802 387 2883 similiterque
412 2802 635 2868 Germanicum
658 2803 722 2866 coll
742 2802 879 2866 ιααοόεο.
912 2802 975 2868 Sed
986 2803 1187 2868 Hermannus
1204 2804 1305 2869 verba

180 2904 326 2970 subtilius
338 2906 489 2988 disponit:
514 2901 688 2988 όοοώνομο
709 2903 879 2992 μητρόθεν
895 2917 1098 2991 percurrerem
1123 2904 1302 2987 colondum,

180 3012 215 3072 ut
236 3007 415 3073 Ellendtius
437 3026 561 3090 quoque
584 3010 679 3075 vertit
701 3033 722 3071 ο
737 3021 833 3095 porte
855 3009 978 3089 οταινίο,
1002 3028 1064 3090 quo
1086 3009 1140 3073 illa
1163 3010 1302 3075 insolen-

180 3112 243 3177 tiae
267 3112 388 3192 spccies
411 3112 541 3177 tollitur.
586 3113 622 3177 ln
644 3112 758 3177 dasch.
781 3111 896 3192 Coeph.
920 3109 982 3177 929
1012 3109 1134 3178 θεόθεν
1158 3114 1303 3198 φραδαῖ-

128 3212 130 3217 ’
180 3237 231 3279 σιν
245 3209 434 3300 ὡρμημένος
457 3220 490 3279 et
502 3214 587 3296 Sept
599 3215 663 3280 820
686 3210 746 3280 οόκ
759 3209 884 3280 ἀντεῖπε
898 3210 1071 3300 πατρόθεν
1083 3214 1192 3302 φάτις.
1218 3217 1304 3298 quod

176 3317 270 3383 schol.
293 3318 522 3400 interpretatur
546 3317 686 3406 πατρῴα
711 3316 828 3406 φάτις,
865 3317 1023 3383 adverbiis
1046 3319 1206 3384 commode
1232 3320 1301 3409 quis

181 3419 252 3485 dem
276 3421 426 3487 substitui
447 3426 580 3502 possunt
602 3422 744 3503 genitivi,
775 3421 831 3486 sed
853 3421 939 3486 nulla
962 3428 1142 3501 causaest,
1166 3440 1223 3488 cur
1247 3442 1304 3504 pro

181 3524 229 3587 his
253 3524 447 3605 accipiantur
459 3524 494 3605 ²).
546 3523 705 3601 Quantum
726 3525 810 3589 inter
832 3528 1001 3605 utrumqne
1034 3544 1133 3606 genus
1165 3525 1303 3600 intersit

178 3631 311 3708 apparet
344 3646 382 3692 ex
411 3646 462 3705 eo,
497 3628 580 3709 quod
607 3628 694 3693 Jovis
722 3634 814 3709 pater
841 3646 1002 3709 nunquam
1031 3623 1158 3693 Διόθεν
1190 3625 1304 3714 εταεόρ

180 3735 310 3794 vocatur
331 3749 389 3796 nec
412 3731 506 3796 Troia
525 3726 669 3796 Ἰλιόθεν
693 3725 790 3807 πόλις
822 3748 881 3797 nec
911 3731 1012 3797 simile
1042 3731 1230 3813 quidquam,
1265 3748 1305 3796 οε

251 3874 257 3877 .
273 3872 316 3877 ..—..
338 3870 435 3878 ......0-.

249 3936 274 4001 l)
294 3938 364 3989 Idem
384 3939 436 3989 alio
454 3937 513 3989 loco
531 3938 547 3999 ἓ
566 3934 617 3992 198
633 3955 658 4005 p.
677 3938 729 3993 ³13
741 3932 851 4006 Ἴδηθεν
867 3940 949 4019 illnd-
952 3957 999 4006 pro
1015 3933 1097 3991 Ἰόόθι
1118 3940 1233 4006 positum
1244 3957 1306 3992 esse

69 4067 70 4072 ,
179 4026 272 4075 statuit
291 4031 320 4076 ut
338 4019 460 4092 ἐγγύθεν
477 4039 525 4090 pro
543 4018 652 4091 ἐγγύθι,
680 4027 726 4076 sed
744 4027 892 4078 terminatio
911 4031 955 4079 οθι
975 4026 1124 4077 nominibus
1142 4029 1243 4092 primae
1261 4029 1307 4079 de·

177 4111 326 4163 clinationia
344 4127 397 4162 non
415 4111 559 4178 affingitur.

244 4195 273 4257 2)
291 4198 369 4262 Quod
386 4198 518 4250 Homerus
536 4199 601 4251 dixit
618 4199 649 4253 ll.
669 4199 694 4250 ll
714 4197 764 4253 198
791 4191 824 4250 ὃν
851 4196 875 4250 δ’
905 4187 940 4251 αὖ
969 4194 1058 4264 driaco
1084 4191 1174 4266 ἄνδρα
1199 4197 1256 4252 ἴδοι
1280 4210 1309 4254 et

179 4285 250 4350 quod
268 4286 423 4351 Apollonius
440 4285 454 4335 1
472 4282 489 4338 d
507 4279 581 4337 τοῖό*
611 4282 719 4354 όνέρος,
748 4279 829 4337 darer?
861 4263 947 4337 όόοιτο
975 4281 1099 4349 δημόθεν
1132 4284 1307 4349 odoremus,

177 4370 246 4421 idam
266 4372 415 4437 significant
432 4363 523 4442 ε”νόρα
541 4366 670 4440 δημότην,
689 4372 736 4424 sed
755 4372 860 4425 diversa
876 4373 985 4426 ratione.
