2736 4778
150 313 214 378 DE
225 311 494 379 PROSTHESI
504 311 567 377 ET
579 311 841 384 APHAERESI.
853 314 892 382 C.
901 315 999 382 VIII.
1015 318 1040 399 §-
1054 316 1082 380 1.
1108 318 1181 394 153

73 497 138 561 alia
158 494 266 570 verbs,
282 515 375 578 quoe
400 507 564 574 nusquam
584 493 789 578 reperiuntur
804 496 867 560 nisi
885 496 1048 583 duplicato
1064 496 1181 587 πέφνε,

71 593 237 669 κεκαδώκ,
261 588 491 675 δμπεπαλαύν,
511 593 669 678 τεταγιύν,
691 590 881 670 λελάκοντο,
906 596 1098 680 κεχάροντο,
1121 622 1181 665 πε.

71 697 252 785 pulsuum,
274 703 308 756 ct
327 712 396 756 non
418 690 571 777 pauciora
587 693 717 776 utrique
727 692 851 758 formos
866 708 1058 779 opportuno„
1093 696 1180 763 Cau·

72 818 145 860 sam
175 793 273 876 hujus
303 791 519 857 schematismi
545 792 626 858 EM.
654 792 807 871 {HQ-56.
837 793 949 858 reddit
975 795 1035 860 scd
1060 796 1183 876 fulsum,

75 893 278 959 homericum
300 889 481 971 ἐκλέλαθον
500 905 652 978 repetens
678 917 698 958 a
725 895 891 980 praesenti
914 916 1111 979 syracusano
1134 898 1186 962 λε-

78 994 193 1073 luido,
219 991 311 1077 quod
336 1012 434 1077 quum
465 991 564 1079 nlphs
592 994 728 1080 longum
751 994 871 1060 habeut
898 995 983 1060 sicut
1007 993 1187 1081 perlectum

78 1094 199 1178 ipsum,
220 1091 341 1178 systole
364 1113 495 1176 quoque
512 1093 698 1180 effingenda
722 1105 799 1173 emt,
822 1118 887 1180 qua
908 1093 1020 1162 Schol.
1045 1094 1185 1163 0d.VL

79 1193 154 1258 303.
176 1190 413 1276 subjunctivum
444 1189 615 1261 κεκύθωσι
644 1195 808 1280 explicare
841 1206 994 1262 conatur:
1026 1193 1065 1262 εδ
1095 1193 1187 1280 ὑγιές

78 1290 150 1356 ἑοει
183 1286 383 1375 (κεκεύδιοσι
410 1286 480 1359 dud
518 1298 594 1361 κού..
610 1295 716 1377 μέσου
742 1295 991 1381 παρακειμένου
1020 1293 1186 1380 κέκευθα)

75 1383 149 1455 εἶτα
171 1389 314 1477 συστολὴ
331 1389 638 1478 παρηκολούθησεν
660 1389 706 1471 ὡς
727 1394 761 1461 ἐν
782 1399 829 1482 τῷ
853 1395 960 1482 φύξις.
998 1395 1068 1463 Sed
1079 1395 1185 1461 Geor·

75 1490 151 1573 gius
163 1488 296 1557 Curtius
317 1489 352 1554 in
373 1489 457 1555 libro
479 1491 559 1558 scite
579 1504 613 1558 et
637 1494 802 1579 eleganter
824 1495 945 1580 scripto
967 1497 1028 1562 llic
1048 1497 1188 1578 Bilduno

79 1593 136 1655 der
169 1589 326 1672 Tecrporc
359 1593 427 1657 und
454 1592 545 1658 Moci
577 1597 622 1658 im
653 1594 775 1661 θείοιο.
807 1615 839 1659 ιι.
872 1597 943 1662 Lot.
978 1617 1012 1680 p.
1037 1595 1099 1661 150
1117 1616 1187 1680 seq.

75 1690 178 1755 mults
204 1690 241 1757 in
269 1690 355 1759 huuc
383 1693 575 1759 sententium
608 1693 754 1780 disputat
779 1695 988 1782 anadiplosin
1023 1696 1053 1761 si
1080 1696 1187 1761 minus

77 1790 228 1857 omnibus
259 1802 295 1855 ut
322 1801 410 1857 certe
435 1792 600 1878 plerisque
633 1805 690 1860 aut
717 1796 989 1881 significationem
1011 1795 1189 1863 fuctitivum

74 1903 133 1957 aut
143 1893 310 1978 quendum
321 1891 491 1979 emphasin
501 1894 626 1961 afferre.
651 1896 1040 1962 Illudconvenilduobus
1049 1896 1189 1962 Homeri

75 1994 184 2060 verbis
206 1995 356 2075 λελαχεῖν
375 2004 409 2060 et
429 1996 595 2071 λελαδεῖν,
617 1997 678 2060 sed
698 1996 788 2080 apud
797 1996 997 2080 posteriores
1011 1996 1190 2061 hoccidem

77 2105 197 2160 sonunt
219 2093 310 2177 quod
330 2114 397 2158 non
421 2102 518 2158 suctu
539 2115 569 2158 v.
592 2095 637 2157 sd
657 2097 780 2160 Buttm.
801 2094 876 2159 232.
897 2095 952 2159 fin.
964 2095 995 2180 ⁴)
1017 2106 1051 2158 et
1071 2096 1114 2160 sd
1133 2096 1189 2180 Aj.

77 2221 111 2282 p.
136 2196 189 2260 91.
214 2195 299 2260 siout
320 2190 448 2283 ἔφραδο
478 2194 537 2278 (ud
555 2196 678 2261 Bultm
700 2194 789 2277 318.)
817 2206 849 2259 el
874 2196 1045 2284 πέφραδε,
1072 2201 1191 2282 πορεῖν

77 2310 112 2361 et
133 2298 312 2381 πεπαρεῖν,
346 2303 380 2360 et
403 2295 493 2380 apud
512 2296 696 2360 Homerum
715 2294 824 2381 ipsum
843 2294 1017 2363 λαθέσθαι
1040 2308 1072 2362 et
1093 2298 1191 2363 λελα-

77 2396 220 2463 θέσθαι.
265 2394 443 2480 Quumque
469 2395 571 2461 multu
599 2395 665 2460 sint
691 2396 790 2462 verbu
811 2396 974 2483 duplicem
995 2408 1191 2482 potestatem

79 2497 203 2574 sortitu,
227 2497 268 2561 de
290 2495 410 2580 quibus
428 2496 450 2561 l.
473 2518 501 2563 c.
524 2497 647 2562 dictum
668 2508 732 2573 est,
753 2497 817 2562 illis
840 2519 972 2581 quoque
994 2497 1189 2582 duplicatio-

78 2601 131 2663 nis
152 2599 201 2662 vis
230 2596 374 2662 factitius
400 2594 515 2684 purum
543 2596 783 2682 comprobatur.
826 2599 901 2662 Hsc
925 2596 1114 2662 accessione
1135 2617 1192 2661 vo·

79 2699 199 2765 cubula
220 2698 399 2783 aliquando
421 2698 676 2782 significantiora
694 2699 764 2764 lieri
783 2719 856 2763 mss
878 2719 1011 2783 quoque
1031 2696 1193 2764 sententis

79 2802 157 2877 fuit3
184 2799 243 2865 sed
266 2798 308 2863 sd
333 2820 403 2863 eam
430 2799 683 2863 confirmandam
703 2822 770 2865 non
793 2810 865 2864 utar
885 2798 1058 2864 homericis
1082 2821 1192 2864 exem·

80 2903 146 2989 plis
168 2920 252 2984 quse
275 2910 331 2963 aut
353 2898 453 2963 semel
464 2898 670 2965 inveniuntur
685 2910 722 2964 ut
741 2896 951 2978 δμπεπαλών
967 2908 1000 2964 et
1010 2897 1194 2964 hesiodium

79 3005 251 3088 μέμαρπε,
273 3001 430 3083 cujusne
452 3010 540 3066 certo
563 3001 698 3085 quidem
719 2999 880 3082 scriptura
902 3008 966 3074 est,
995 3009 1052 3062 sut
1072 2999 1195 3082 alioqui

82 3127 103 3167 a
125 3101 233 3166 natira
254 3100 364 3186 specie
387 3100 576 3187 discrepant
595 3109 634 3162 ut
654 3095 868 3172 τετυκέσθαι,
895 3093 1083 3164 κεκάδοντο.
1128 3097 1196 3163 Sed

81 3200 194 3290 potius
215 3202 261 3265 itu
283 3201 431 3267 existimo
453 3199 518 3266 hoc
539 3221 607 3264 non
628 3197 773 3262 nativum
794 3214 866 3260 esse
888 3195 1000 3261 coristi
1015 3194 1196 3261 incremen-

83 3319 153 3369 tum
180 3303 240 3368 sed
268 3323 288 3366 ε
315 3302 424 3389 poetis
456 3299 645 3365 arcessitum
676 3297 728 3363 vel
756 3295 862 3362 hictus
892 3295 1071 3384 effugiendi
1099 3319 1198 3365 cause

83 3406 137 3470 vel
165 3403 208 3467 ad
236 3402 483 3490 producendam
514 3424 598 3487 quoe
632 3399 794 3467 'antecedit
821 3397 978 3487 syllabam
1006 3398 1137 3464 brevem
1162 3410 1199 3467 ut

84 3507 185 3575 δέδαε
208 3504 243 3569 in
265 3514 406 3589 quatuor
418 3503 593 3589 Odysseae
609 3501 691 3568 locis
705 3500 764 3585 μὶν
782 3498 899 3579 δέδαε,
915 3493 1080 3590 Ἀθηναίη
1100 3499 1199 3572 δέδαε

85 3606 205 3674 eodem
230 3605 397 3673 intellectu
435 3627 503 3690 quo
532 3602 728 3670 Theocritus
762 3594 844 3664 dixit
867 3595 1068 3680 Ἱππαλίδας
1092 3598 1198 3685 δ’δαεν,

85 3719 120 3774 et
143 3706 351 3794 potissimum
372 3705 416 3771 sd
441 3705 625 3792 explendos
648 3723 816 3780 numeros,
843 3721 946 3787 quare
971 3700 1035 3768 ulio
1056 3701 1130 3771 loco
1151 3704 1199 3772 le·

88 3879 116 3932 ol
128 3877 343 3948 διαλασιασμαί·
364 3878 447 3946 φιλεῖ
456 3870 512 3944 γὰρ
525 3869 596 3943 μετὰ
608 3867 657 3927 riu
668 3871 731 3928 lust
740 3872 789 3926 καὶ
800 3868 848 3926 τὸν
858 3867 911 3927 sii
925 3873 960 3926 κέ
968 3864 1125 3943 σύνδεσμος
1139 3870 1201 3925 ἔκι-

87 3963 237 4032 αίρεσδαι.
274 3961 333 4017 Sed
350 3960 470 4017 ultorum
487 3956 596 4015 invenlt
610 3956 766 4029 Hesychius
792 3951 925 4031 Τετύχησι
942 3953 1025 4032 τύχῃ,
1043 3957 1201 4026 eodemque

89 4045 178 4100 utitur
188 4045 329 4102 Maximus
340 4065 368 4102 v.
382 4034 593 4115 stwv'pour
603 4042 730 4099 Msncth.
743 4041 796 4097 HL
809 4043 868 4097 2⁹⁹.

161 4133 194 4201 l)
209 4131 376 4189 Ἐκλίλαοαν
393 4148 447 4204 pro
467 4128 634 4193 ἐξελάθονια
659 4128 768 4184 invenit
784 4126 941 4197 Hesychius
960 4133 989 4180 et
1009 4123 1203 4194 imperfectum

91 4214 264 4274 currerem
275 4235 328 4289 pro
341 4221 380 4278 εἰς
395 4212 484 4287 λήθην
496 4206 566 4287 ἦγεν
576 4213 708 4287 positum.
