2736 4778
191 344 262 418 oa
279 343 554 416 ammonam
570 341 633 416 m
652 301 926 415 scammum.
949 343 989 414 o.
999 342 1046 414 11.
1065 346 1090 434 ς.
1100 347 1129 415 1.
1158 308 1252 426 toa

121 534 207 602 bitur
233 535 293 602 ced
324 534 431 602 soluto
460 553 620 620 compage
645 542 682 598 ut
709 532 783 601 Νέα
813 526 926 609 πόλις,
957 527 1096 620 Μεγάλη
1120 528 1231 614 πόλις,

122 661 206 723 quac
229 638 257 703 si
279 659 346 702 uno
369 637 536 723 signamus
559 646 712 713 accentu,
737 631 887 720 syntheta
906 633 987 698 fiunt
1004 643 1041 698 ut
1060 637 1233 726 Θεαγένης,

121 739 305 828 νιήιγαιας,
329 736 565 827 μιγαλήφατος
586 748 685 822 atquc
707 735 782 802 hinc
799 734 1050 822 proficiscuntur
1064 757 1158 801 casua
1175 738 1235 804 ob·

122 842 221 926 liqui,
246 863 330 925 quos
352 850 448 905 autea
462 837 583 918 notavi,
604 844 664 927 τῆς
682 834 900 914 Νεαπόλεως.
932 836 1116 921 Diojunctis
1130 849 1237 907 autem

123 944 187 1008 uici
216 952 417 1008 succurreret
445 941 538 1007 litera
560 937 756 1026 majuscula,
778 937 899 1004 lineola
919 937 982 1004 ista
1003 938 1239 1008 eubecn‘bcnda

126 1056 213 1110 essct
228 1066 295 1129 qua
311 1044 445 1108 duarum
460 1041 631 1108 notionum
647 1039 828 1106 declaratur
838 1038 1047 1106 cohaerentid
1060 1040 1237 1109 vocabula·

126 1168 190 1232 que
211 1156 375 1211 mutantur
394 1144 428 1209 in
449 1144 591 1209 nomina.
634 1143 815 1227 Utramque
838 1142 982 1230 speciem
1003 1143 1117 1210 leviter
1134 1145 1239 1233 tangit

125 1247 272 1314 Galenus
295 1246 336 1311 de
358 1244 524 1332 Sophiam.
542 1245 607 1312 III.
624 1244 697 1310 591.
717 1243 758 1310 T.
769 1243 868 1312 XIV.
892 1239 1048 1323 σύνθεσις
1068 1245 1125 1312 καὶ
1147 1246 1236 1317 διαί-

124 1370 218 1435 ρεσις
241 1344 349 1416 διιιὸι
369 1351 464 1415 ποιεῖ
480 1384 523 1396 -
539 1340 700 1430 καθάπερ
725 1341 759 1411 ἐν
779 1347 828 1432 τῷ
851 1340 1027 1424 Νεόπαλις
1051 1346 1108 1414 καὶ
1133 1347 1237 1428 καλός
1349 1364 1358 1382 ‘

125 1443 292 1535 κάγαθός,
321 1469 405 1533 quae
428 1446 630 1535 synaloephe
651 1445 740 1511 haud
765 1466 839 1510 raro
867 1443 1025 1511 dimmitur
1052 1447 1155 1527 καλὸς
1180 1449 1237 1517 καὶ

127 1543 259 1635 ἀγαθός
270 1550 301 1635 ¹)
322 1570 383 1615 nec
404 1549 512 1617 minuc
534 1571 633 1637 saepe
656 1546 839 1636 parathesis
861 1547 935 1616 Νέα
958 1544 1072 1629 πόλις,
1105 1550 1236 1617 eadem·

123 1672 188 1735 que
210 1650 361 1716 diaataaic
383 1650 510 1717 obtinet
531 1652 566 1717 in
588 1650 659 1715 aliia
680 1650 827 1716 locorum
848 1648 1033 1716 nominibus
1052 1648 1127 1717 Νέα
1142 1648 1237 1737 κώμη

123 1750 232 1821 Strab.
250 1751 439 1819 xln.'603.
456 1751 599 1842 Μεγάλη
618 1746 727 1838 κώμη,
752 1749 869 1841 Λευκὴ
892 1746 989 1840 ἀκτή,
1014 1752 1120 1840 Κοίλη
1131 1750 1237 1840 Συρία

125 1855 212 1922 Coele
235 1854 343 1937 Syrio,
367 1877 435 1921 non
458 1855 636 1937 coelesyria
654 1854 775 1918 nedum
795 1853 830 1918 in
846 1853 988 1939 obliquis
1008 1854 1239 1938 θοιλιαιγιλααι

121 1977 152 2020 v.
180 1955 258 2022 Intt.
287 1955 331 2020 ad
355 1954 569 2022 Liv.XL11.
597 1955 650 2034 19,
678 1957 708 2022 7.
758 1955 829 2021 Nec
853 1955 959 2020 minuo
982 1953 1140 2042 probatur
1160 1979 1237 2042 syn-

123 2056 244 2136 thesis,
268 2054 493 2145 Κοιλασυρία,
521 2055 765 2145 Λευκοπέτρα,
787 2051 1063 2143 (Ιεροκαισάρεια,
1093 2061 1239 2122 Νεοκαι-

123 2158 261 2246 σᾶρεια,
304 2158 422 2246 quibus
462 2156 741 2224 adnumerandum
774 2168 824 2222 cet
849 2152 1042 2242 Ἱεράπυιια
1075 2156 1164 2241 quod
1197 2180 1239 2225 ex

117 2255 309 2348 Ἶερόπυτια
338 2281 530 2327 conversum
563 2282 635 2325 ecee
668 2268 807 2347 apparet
837 2279 855 2322 e
885 2256 1029 2343 genitivo
1057 2261 1118 2346 τῆς
1135 2255 1239 2345 Ἱερα-

123 2358 248 2448 πύταης
268 2362 303 2433 iu
323 2362 427 2429 Inscr.
451 2361 538 2428 Cret.
563 2360 652 2449 apud
667 2360 718 2426 Le
738 2362 805 2428 Bac
827 2359 862 2425 in
883 2360 988 2427 Reoue
1008 2359 1120 2426 Pudet
1146 2358 1187 2432 Ἕ.
1208 2361 1236 2427 Ι.
1272 2438 1276 2454 Ι

122 2462 198 2527 267.
229 2487 258 2529 v.
288 2464 473 2530 Tzachuck.
504 2464 547 2529 ad
574 2462 680 2531 Strab.
704 2463 752 2529 X.
778 2461 852 2527 204.
880 2458 1016 2525 et.206.
1068 2458 1237 2544 Quemad-

123 2563 259 2630 modum
278 2577 386 2630 autem
407 2567 495 2659 idem
516 2587 634 2632 nomen
655 2565 690 2629 in
712 2563 809 2630 codd.
836 2560 996 2650 Stephani
1018 2556 1104 2648 Ἱερὰ
1121 2561 1238 2633 Πότια

123 2664 289 2745 scribitur,
319 2667 365 2732 ita
387 2666 489 2734 libere
518 2679 550 2734 ct
570 2668 703 2755 impune
726 2675 964 2734 commutantur
974 2656 1109 2751 Ἄρειος
1131 2662 1240 2753 πάγος

125 2778 158 2832 et
181 2761 407 2854 Ἀρειόπαγος
441 2780 538 2856 atque
571 2770 634 2835 alia
666 2769 828 2856 quaedam
859 2766 1140 2855 asignificatione
1175 2768 1240 2836 loci

124 2869 289 2953 sejuncta,
323 2869 471 2957 primum.
495 2870 602 2937 violae
631 2872 758 2959 species
787 2866 825 2936 τὸ
854 2871 960 2953 μέλαν
988 2864 1040 2936 λὀι
1070 2868 1239 2957 Theophr.

125 2973 171 3036 H.
192 2970 246 3037 Pl.
265 2971 326 3038 VI.
348 2970 377 3050 8,
401 2973 430 3036 l.
453 2971 491 3039 τὸ
512 2968 565 3038 λἀι
590 2970 628 3040 τὸ
649 2972 754 3056 μέλαν
775 2970 804 3033 Ι.
828 2971 878 3035 13.
908 2967 946 3034 τὸ
969 2967 1083 3035 λευκὸν
1103 2963 1156 3035 i'ov
1179 2971 1240 3038 VI.

126 3073 157 3151 8,
180 3073 211 3139 2.
233 3084 266 3138 et
285 3074 467 3161 composita
486 3071 646 3150 λιυκόϊοα,
669 3068 826 3155 μελόνιοι
846 3066 969 3134 Athen.
979 3054 1062 3159 XV.
1070 3068 1143 3135 680.
1156 3071 1195 3137 F.
1207 3074 1239 3159 ²)

125 3186 163 3240 ut
188 3173 391 3254 λευκόλιιον,
413 3169 647 3259 λεακερωόιός,
670 3169 902 3255 μελαναίετος,
924 3164 1151 3256 μελόμπυρος,
1172 3184 1241 3239 tum

124 3275 316 3342 femininum
353 3268 520 3365 ιόμήλυσις
549 3271 664 3338 Diooc.
691 3271 772 3339 Mat.
801 3270 847 3337 11.
877 3271 948 3339 108.
981 3271 1039 3340 σὺν
1072 3266 1243 3361 αλμηλόσιι

124 3379 173 3444 11.
199 3378 251 3443 98.
279 3378 339 3466 τὴν
366 3369 532 3463 ὥμὴλασιι
554 3374 670 3441 Galen.
694 3374 804 3442 Gloas.
836 3383 869 3439 et
890 3373 979 3462 apud
1006 3374 1140 3439 eosdem
1167 3368 1239 3466 ὠμὴ

127 3480 223 3559 λι’σις
251 3501 312 3566 per
340 3499 452 3544 omnes
485 3498 597 3555 casus;
627 3471 793 3563 ὠμόλιαις
820 3500 888 3541 non
916 3475 1024 3564 reperi
1045 3476 1103 3542 sed
1125 3476 1242 3543 cimilia

127 3574 324 3667 ὠμογέρων,
359 3575 545 3667 ὠμοχόραξ.
602 3579 656 3644 Ex
686 3578 791 3646 Servii
821 3577 928 3644 verbis
956 3578 999 3643 ad
1025 3578 1096 3645 Ecl.
1123 3580 1165 3647 V.
1189 3580 1258 3648 86.’

201 3802 228 3868 1)
247 3797 338 3862 Καλὸς
354 3795 478 3871 κάγαθός
497 3802 604 3872 λέγεται
624 3798 692 3857 nord
713 3794 870 3874 συναλιφὴν
889 3795 1051 3872 οόχλίιαλὸς
1067 3804 1114 3857 md
1134 3792 1242 3873 ἀγαθός

127 3887 214 3940 Phot.
243 3886 308 3942 Hoc
326 3885 430 3958 legitur
446 3885 475 3940 iu
486 3885 591 3943 Jambl.
603 3887 694 3944 Protr.
707 3886 740 3943 V.
755 3891 795 3944 78.
815 3886 906 3961 Epict.
921 3886 1042 3943 Dicaert.
1055 3888 1077 3942 1.
1092 3889 1135 3942 7².
1155 3887 1239 3958 Corp.

127 3971 217 4026 lucer.
234 3989 261 4026 n.
275 3972 353 4026 2⁶⁹3.
368 3989 392 4026 c.
412 3978 441 4027 et
458 3971 507 4027 cll.
526 3971 719 4045 καλοκόγαθος
735 3973 853 4030 Ptolem.
868 3974 985 4030 Tetreb.
1001 3974 1033 4028 1..
1047 3971 1098 4027 111.
1116 3990 1144 4044 p.
1158 3975 1200 4027 λλ.
1213 3989 1239 4027 a.

127 4059 177 4112 ced
196 4075 232 4111 ex
244 4057 388 4128 Apollonii
402 4059 476 4124 loco,
489 4076 545 4130 quo
561 4061 597 4114 ad
610 4059 677 4114 Phr.
692 4062 751 4114 603.
766 4079 832 4114 usuc
849 4076 920 4124 aum,
938 4057 1057 4113 removit
1068 4055 1223 4112 Bekkerus.

196 4144 226 4212 ’2)
246 4144 315 4198 Cum
332 4137 420 4215 μαλός
437 4143 467 4199 id
485 4153 527 4199 est
543 4142 649 4214 λευκός,
668 4148 743 4200 unde
755 4140 907 4217 Μόλουρος
923 4140 1070 4215 λιόκουρος
1084 4143 1153 4197 Hes.
1167 4160 1240 4199 com·

127 4229 250 4305 positum
278 4230 390 4285 videtur
415 4224 554 4302 lychnidie
583 4230 746 4287 coronariae
773 4247 947 4303 synonymon
973 4224 1090 4298 μαλόϊαα
1106 4260 1140 4268 -
1156 4223 1243 4294 ὄνθος

128 4316 230 4386 ὅμοιον
246 4315 360 4385 λιιααΐῳ
379 4315 474 4373 Diosc‘.
492 4316 699 4372 Mat.111.104.
719 4317 809 4386 (11⁴.)

971 4399 1033 4467 36*
