2736 4778
221 316 286 381 DE
305 314 577 383 PROSTHESI
596 312 661 379 ΕΤ
682 313 946 383 APHAERESL
980 315 1020 382 Ο.
1036 262 1115 384 viI
1168 318 1242 393 137

122 498 223 565 dibus
244 498 342 565 etiam
365 495 512 583 ἑσιηιῦιι
532 506 568 560 et
587 493 705 558 similia
722 494 1241 567 r.Frmclr.ad1uscr.Richteri

123 624 159 687 p.
179 601 254 667 397.
282 599 463 687 ipsumque
487 592 549 672 ὗός
574 594 609 659 iu
636 592 830 688 epigraphis
858 605 909 659 sat
934 598 1074 683 antiquis
1099 623 1131 667 v.
1149 602 1240 669 Keil.

125 704 210 768 Zwts‘
229 704 347 783 arioch.
367 700 493 765 Issos
513 719 546 782 p.
558 694 609 760 18.
631 695 693 761 sed
714 705 752 760 ut
772 693 855 761 heee
877 695 1038 783 scriptura
1056 699 1092 767 iu
1109 702 1241 768 Attico·

123 825 198 867 rum
212 799 316 866 libros
332 797 509 885 recipiatur
522 795 951 882 necquidquamcontendit
959 797 1093 866 Giesius
1104 799 1145 866 de
1154 802 1243 869 Dial

124 901 225 968 Aeol.
247 922 326 988 pag.
346 900 390 965 27
412 920 463 984 sq.
482 897 602 965 nedum
621 907 661 963 ut
680 897 833 965 Nanekio
857 909 971 966 nostro
994 901 1188 967 accedamus
1211 903 1246 969 in

124 1000 302 1088 Aristoph.
324 1024 360 1088 p.
380 999 432 1069 53.
452 999 498 1066 sd
518 1022 553 1067 u.
572 999 606 1067 2.
630 998 831 1067 homericum
857 997 930 1080 υἱός
956 1001 992 1067 iu
1013 997 1075 1080 ὑός
1095 1002 1246 1069 vertenti.

125 1102 185 1168 De
207 1113 315 1187 etymo
333 1123 401 1169 neu
418 1122 569 1188 repugno
589 1112 623 1166 st
641 1099 684 1167 ab
706 1101 823 1168 eodem
839 1101 917 1188 φύω
937 1124 1058 1170 nomeu
1077 1101 1142 1190 ὅλη
1165 1126 1244 1191 pro·

129 1213 288 1288 pagatum
304 1224 375 1269 esse
389 1202 514 1270 dudum
530 1202 683 1268 censensi
698 1202 824 1268 Techn.
836 1203 909 1271 275.
941 1206 994 1272 Ex
1007 1204 1122 1272 Photii
1134 1205 1245 1273 verbis

125 1300 248 1388 ῥάχους
269 1302 328 1381 τὰς
352 1296 565 1381 ἀκανθώδεις
591 1303 650 1370 καὶ
671 1301 827 1402 ιραχιίιις
849 1301 994 1391 ῥάβδους
1021 1307 1154 1393 colligat
1181 1308 1242 1373 ali-

122 1402 198 1486 quis
219 1424 292 1479 eum
308 1402 374 1470 huc
394 1403 570 1469 inclinasse
590 1413 628 1468 ut
648 1403 775 1468 literam
794 1430 815 1471 τ
835 1405 996 1472 excidisse
1016 1418 1159 1494 putaret,
1181 1408 1244 1475 sed

122 1502 216 1588 quod
236 1504 328 1570 addit
350 1504 554 1592 Sophoclem
574 1504 621 1569 ita
643 1504 766 1571 dixisse
789 1506 867 1582 τοὺς
887 1506 1063 1591 φραγμούς
1088 1509 1132 1573 sd
1152 1510 1243 1576 aliud

121 1604 230 1669 tendit
245 1615 379 1691 etymon
397 1628 418 1671 a
433 1605 546 1674 Schol.
556 1605 631 1671 Nic
644 1604 718 1671 868.
730 1605 907 1671 indicatum
923 1606 1023 1695 ῥῆχος
1039 1603 1058 1675 ὁ
1075 1608 1242 1698 φραγμός,

122 1706 211 1772 unde
227 1707 442 1794 consequitur
457 1711 553 1794 ρᾶχοι
575 1706 708 1794 proprie
730 1706 914 1793 siguificare
931 1719 1040 1776 sentes
1057 1733 1242 1799 vepresque

123 1808 244 1892 quibus
273 1831 372 1896 sepes
400 1819 619 1876 contexuntur
640 1818 674 1873 et
694 1806 859 1894 φράσσαι
883 1809 992 1877 locum
1012 1813 1168 1898 vepribus
1188 1817 1241 1883 vel

122 1909 260 1996 pariete,
281 1911 414 1977 eraticio
447 1911 572 1998 sepire,
604 1919 777 1993 unumque
810 1920 920 1974 sutem
948 1934 1002 1998 ap.
1031 1915 1242 1982 Herodotum

124 2024 220 2098 tropo
250 2012 470 2099 etymologico
495 2013 647 2096 junctum
676 2031 749 2075 esse
778 2013 867 2095 ῥηχῷ
892 2016 1111 2096 πιφρᾶχθαι,
1141 2026 1249 2081 etex:

123 2112 316 2196 synonymis
341 2112 561 2200 compositum
584 2106 802 2191 Κλαόάριιχοι
827 2107 896 2172 sive
923 2106 1129 2195 κλαδόραχοι
1154 2137 1244 2202 φρα-

123 2211 205 2297 γμοί
225 2214 308 2279 Hes.
331 2251 375 2264 -
406 2210 613 2279 Aduerbium
630 2205 732 2292 Ὑράξ
749 2203 870 2296 μίγδην
889 2209 973 2275 Hes.
996 2222 1125 2278 certes
1145 2211 1241 2304 φύρω

122 2314 412 2383 ι.Ριιιι11.77.-
438 2309 623 2380 &comior
642 2308 853 2376 Grammatici
875 2308 916 2376 ab
937 2306 1042 2391 ἀσκός
1062 2313 1243 2383 derivatum

124 2423 241 2500 putant
256 2414 360 2481 Proll.
382 2414 454 2480 134.
471 2450 513 2462 -
540 2410 643 2494 Quod
664 2409 834 2497 Josephus
860 2411 894 2475 iu
919 2412 1064 2502 Synops.
1083 2414 1157 2480 566.
1179 2439 1241 2503 pro

123 2516 276 2602 exemplo
298 2515 488 2603 aphaeresis
510 2511 667 2601 proponit
688 2508 838 2601 φθισάιη
858 2510 999 2600 drudro,
1021 2536 1061 2581 ea
1081 2536 1170 2581 mera
1192 2528 1244 2583 est

122 2617 309 2695 barbaries3
335 2621 477 2685 tisanam
504 2614 679 2701 scriptores
702 2611 831 2680 infimae
854 2614 970 2679 aetatis
996 2615 1058 2704 ιῆι
1077 2615 1243 2708 πτισάνην

121 2728 243 2785 vocant
262 2729 300 2784 ut
321 2721 397 2786 ticin
415 2717 477 2806 τὴν
498 2711 629 2805 φθίσιν.
670 2715 726 2780 De
748 2714 916 2800 adjectivis
936 2713 1041 2804 φοξός
1063 2728 1096 2782 et
1116 2717 1243 2808 φολκός

123 2820 152 2884 si
176 2819 257 2905 quid
280 2818 456 2885 dicendum
477 2826 545 2894 est,
573 2814 655 2880 nihil
674 2816 743 2882 reri
764 2816 900 2881 similius
920 2817 1049 2904 reperio
1073 2841 1171 2905 quem
1192 2821 1242 2887 al·

123 2933 231 2986 terum
248 2942 323 2986 cum
340 2914 420 3000 ὀξύς
439 2927 477 2984 ιιι
495 2919 531 2983 iu
550 2916 640 2984 Gud.
654 2916 728 2995 556,
743 2917 797 2983 42.
821 2917 940 2982 dicitur
960 2930 1136 3004 cognatum
1158 2943 1242 2999 esse,

123 3023 265 3087 alterum
293 3041 368 3085 cum
395 3017 493 3099 ὁλκός
520 3041 559 3086 ac
587 3019 721 3106 proprie
752 3017 936 3101 siguificare
965 3039 1040 3082 eum
1069 3020 1126 3102 qui
1149 3025 1243 3102 pedes

123 3126 227 3190 trahit
248 3121 338 3207 quod
360 3120 402 3187 de
423 3119 607 3187 choliambo
631 3119 711 3184 dicit
733 3116 875 3184 Ovidius
895 3116 989 3180 Rem.
1011 3117 1088 3181 Am.
1111 3117 1186 3183 379.
1207 3130 1246 3184 ut

124 3223 328 3290 Philoctetes
355 3221 515 3309 δύστηνον
543 3216 684 3300 ἐξέλκων
705 3214 799 3284 πόδα
827 3215 932 3303 Soph.
954 3215 1019 3282 Ph.
1039 3217 1112 3283 291.
1137 3218 1245 3287 idest

124 3324 325 3402 claudicans,
345 3323 429 3389 alius
447 3320 521 3407 quis
539 3313 658 3384 dicitur
674 3314 846 3404 ἐπισύρειν
863 3319 909 3386 τὼ
928 3317 1017 3386 πόδε
1032 3319 1135 3406 Diog.
1148 3321 1176 3387 l.
1191 3321 1243 3390 81.

125 3437 299 3511 utrumque
321 3436 430 3491 autem
450 3422 515 3490 hoe
534 3419 634 3487 modo
657 3421 786 3487 differre
808 3421 899 3506 quod
920 3417 1021 3500 ὁλκός
1041 3421 1244 3491 indefinitam

124 3526 226 3591 habet
248 3525 400 3593 trahendi
421 3522 708 3611 significationem,
731 3519 857 3612 φολκός
876 3533 1001 3600 autem,
1023 3534 1180 3607 quantum
1201 3548 1243 3592 ex

124 3627 225 3694 unico
253 3628 310 3693 illo
335 3625 475 3694 Homeri
503 3623 577 3691 loco
605 3623 716 3709 colligi
746 3634 872 3709 potest,
903 3622 945 3689 de
973 3623 1113 3710 pedibus
1141 3627 1242 3695 modo

127 3729 247 3794 dicitur
260 3729 325 3812 ⁸⁰).
368 3727 464 3794 Idem
480 3725 521 3790 ab
537 3722 628 3808 ὀξύς,
648 3724 739 3812 quod
755 3724 864 3790 multis
880 3723 977 3791 rebus
995 3748 1164 3797 commune
1181 3740 1242 3808 est,

123 3830 237 3896 differt
258 3827 378 3920 φοξός,
407 3828 471 3896 hoe
493 3837 544 3893 est
563 3822 783 3916 ὀξυκάρηιις·
807 3835 840 3892 et
866 3827 914 3895 sic
942 3829 1074 3916 saepius
1098 3828 1243 3897 vocabu-

125 3932 233 3998 lorum
260 3930 497 4018 primitivorum
516 3936 696 4017 potestates
723 3949 791 3994 uon
816 3931 1054 4019 compositione
1082 3931 1189 3997 solum
1212 3937 1245 4011 et

198 4168 244 4235 66)
256 4164 439 4223 Doederlein.
451 4165 556 4237 Synon.
565 4166 599 4222 Τ.
607 4165 657 4221 Vl.
668 4167 725 4220 tto.
736 4166 847 4221 confert
859 4126 976 4220 latinum
984 4162 1067 4236 falco
1074 4183 1085 4226 ‚·
1097 4161 1137 4219 sic
1149 4169 1243 4220 autem

121 4252 276 4307 dicebatur
292 4250 341 4324 qui
358 4254 461 4324 pedem
477 4250 615 4307 introrsus
632 4255 776 4306 cunctum
793 4251 889 4305 habet.
