2736 4778
126 304 208 383 33⁶,
428 296 743 367 DlSSERTATlO
767 296 804 365 u.
847 299 888 366 Ρ.
909 296 934 365 Ι.

127 485 273 574 ορίσιλαι·
294 482 316 547 1.
336 506 364 550 c.
387 465 526 553 s‘verbo
548 486 780 575 perispomeno
802 488 930 573 κροφοῖ.
966 484 1004 552 Si
1015 484 1101 549 enirn
1111 479 1244 568 λάθρα,

126 586 179 652 cui
201 586 236 650 in
255 586 353 652 codd.
375 608 477 672 saepe
498 587 566 652 iota
587 587 801 653 subscribitur
821 586 963 674 (Spitzn.
985 586 1132 654 aduv.
1148 583 1243 672 269.)

127 688 254 754 dativus
277 699 337 765 est,
359 699 395 753 ut
415 688 458 755 G.
472 689 647 755 Dindorfio
668 688 806 767 videtur,
829 687 1023 754 adverbialis
1045 710 1066 752 a
1087 685 1245 753 substan-

125 791 191 856 tivo
213 789 357 875 quodam
379 790 508 878 sepulto
538 812 578 857 nc
605 790 757 877 deposito
783 788 898 873 λα’θρα
922 788 1100 868 derivatus,
1133 787 1245 855 omnis

126 891 285 957 dubitatio
307 892 520 978 praeciditur3
542 914 618 958 unm
638 890 679 957 ob
694 890 883 977 hujusmodi
900 889 1086 956 nominibus
1100 889 1246 978 plurima

95 1044 98 1050 -
124 994 268 1060 derivato
296 1005 372 1059 sunt
400 992 568 1072 adverbia,
602 991 800 1082 κλαγγρὸόν,
835 987 1010 1079 ἇγελρδον,
1046 989 1243 1078 νεφεληόόν,

124 1095 306 1183 γνωμηδόν,
329 1096 519 1183 σφαιρηδόα
539 1108 601 1161 etc.
646 1097 715 1165 Sed
735 1096 769 1161 in
790 1096 848 1175 illo
863 1093 1074 1160 Manethonis
1095 1091 1171 1157 loco
1193 1091 1243 1157 II.

124 1197 198 1262 312.
221 1195 369 1280 λάθραις
391 1194 585 1282 καρτομοάις
604 1222 640 1264 τα
663 1193 725 1264 ἀνὰ
747 1193 892 1274 πιόλιας
913 1198 1089 1280 σοβέονται
1112 1192 1242 1259 dudum

125 1297 251 1363 correxi
274 1291 422 1374 λα’σθαις
442 1296 478 1361 id
500 1309 551 1362 est
571 1297 767 1385 λοιδορίαις.
813 1297 850 1366 Si
872 1319 948 1361 vero
971 1291 1101 1381 λαθρός
1121 1295 1155 1360 in
1176 1317 1243 1360 usu

124 1399 195 1477 fuit,
216 1421 237 1464 α
259 1420 324 1483 quo
346 1397 531 1466 Ellendtius
556 1400 590 1465 in
612 1402 697 1467 Lex.
720 1399 825 1488 Soph.
847 1398 893 1463 11.
919 1399 951 1463 3.
979 1396 1122 1461 dativum
1147 1396 1243 1462 illum

125 1497 241 1590 λάθρᾳ
263 1499 390 1588 repetit,
413 1501 488 1567 hinc
510 1526 643 1589 quoque
669 1501 843 1590 iuuppdo'v
860 1498 997 1564 derivari
1012 1498 1161 1586 potuisse
1178 1498 1239 1565 do·

125 1614 275 1668 cumento
298 1613 374 1667 sunt
395 1600 554 1694 ῥαιβηόόν
575 1617 608 1671 et
626 1597 883 1691 τετραοοδηδόν,
906 1623 990 1687 quse
1011 1601 1109 1665 unice
1130 1599 1238 1689 reperi

125 1702 166 1768 ab
189 1703 356 1786 adjectivis
379 1705 537 1770 traducta.
568 1707 622 1772 Ao
634 1704 826 1793 λαθρόςΗ)
844 1726 912 1769 non
927 1703 1089 1790 reperitur
1105 1701 1236 1788 quidem

125 1816 255 1891 praeter
274 1803 409 1870 dubium
431 1806 591 1890 Hesychii
611 1808 736 1884 locum,
764 1806 825 1871 sed
845 1806 920 1871 hinc
950 1815 1102 1871 contextu
1123 1803 1237 1869 viden·

126 1917 178 1970 tur
209 1904 360 1990 syntheta
393 1905 609 1992 λαθροβόλος
644 1920 705 1974 eto.
755 1908 840 1973 Nam
872 1908 969 1972 trium
1001 1904 1238 1984 adverbiorum,

126 2029 210 2093 quae
231 2030 306 2073 oum
327 2005 441 2094 λάθρα
464 2009 531 2073 sive
551 2006 681 2094 λάθραι
703 2009 841 2076 conferri
859 2021 1008 2097 possunt,
1030 2031 1131 2072 unum
1149 2009 1239 2093 πέρα

125 2109 258 2176 omnino
281 2133 349 2176 non
376 2110 597 2197 componitur,
627 2112 764 2177 alterum
789 2107 897 2179 πάλαι
928 2109 1085 2196 syllabam
1109 2107 1240 2174 finalem

124 2213 242 2277 retinet
264 2209 498 2297 παλαίφατος,
526 2212 611 2278 tertii
639 2213 745 2297 χαμαί
767 2212 992 2299 diphthongus
1022 2211 1097 2278 aute
1119 2232 1238 2277 conso·

125 2334 185 2379 nus
207 2324 317 2380 manet
334 2313 461 2399 integro
479 2311 680 2402 χαμαιγενής
692 2324 754 2378 eto.
778 2314 967 2381 obliteratur
986 2337 1063 2380 vero
1087 2325 1162 2379 ante
1177 2334 1237 2378 vo·

125 2415 229 2496 cclcs3
252 2437 328 2479 nam
355 2411 571 2501 χαμαιεύιήο,
606 2411 847 2502 χαμαιούρειος
879 2417 1008 2504 poetice
1039 2417 1240 2482 conformate

125 2532 214 2594 sunt,
236 2516 335 2603 vulgo
357 2530 465 2580 autem
488 2515 605 2580 dicitur
625 2513 785 2606 χαμείοη,
814 2514 1003 2606 χαμερπής,
1026 2541 1110 2604 quae
1131 2530 1237 2582 tumen

125 2642 191 2684 non
210 2642 250 2683 ex
271 2614 453 2703 paracletico
474 2630 534 2683 etc.
558 2630 724 2683 contracta
746 2629 822 2682 sunt
845 2620 904 2684 sed
929 2641 969 2684 ex
989 2616 1153 2708 χαμοεὺοη
1176 2641 1237 2706 po-

126 2721 190 2784 tius
208 2720 288 2784 eliso
308 2706 536 2797 oconnexivO,
557 2721 646 2805 quod
665 2732 739 2786 unte
763 2721 893 2786 vocales
917 2722 1050 2807 quidem
1072 2744 1238 2806 nunquam

125 2821 286 2887 invenitur
320 2820 380 2883 sed
410 2832 484 2885 ante
512 2813 687 2890 consonam
726 2822 760 2887 in
791 2823 919 2888 duobus
956 2834 1042 2890 certe
1071 2821 1237 2887 vocabulis

123 2926 307 3008 χαμογαιον
330 2944 395 3006 quo
419 2923 606 3009 Hesychius
630 2923 794 2994 ἐπίπεδον
816 2926 958 3012 explicat
988 2939 1020 2989 et
1040 2925 1131 3010 quod
1151 2925 1238 2991 idom

127 3048 186 3092 suo
209 3027 282 3091 loco
305 3023 438 3091 exhibet
453 3023 669 3108 χαμόκοιτος·
693 3028 752 3092 sed
775 3050 835 3114 pro
857 3035 1068 3108 χαμοκοαεῖν
1089 3026 1237 3111 Lucieno

124 3135 355 3212 χαμαικοιτοῖν
385 3150 402 3192 e
430 3129 526 3194 codd.
556 3130 697 3195 restituit
718 3128 942 3206 Jaecbitzius3
973 3129 1113 3214 denique
1135 3117 1238 3216 prod

126 3229 283 3295 successit
304 3228 403 3314 alpha
425 3227 628 3310 Χαμαδύται
653 3232 857 3315 saptiam).
901 3230 989 3294 Hinc
1018 3243 1126 3296 autem
1148 3230 1236 3294 evol-

124 3331 209 3395 vitur
230 3343 371 3414 etymon,
396 3330 486 3413 quod
502 3331 572 3412 jum
593 3331 685 3395 multi
707 3331 895 3417 suspicione
917 3331 1108 3416 attigerunt,
1132 3325 1239 3412 χάμος

126 3431 193 3497 sive
214 3428 386 3517 zdpp¹³);
419 3430 573 3515 idemque
596 3431 817 3498 adhibendum
840 3444 890 3497 est
911 3432 1064 3498 adverbio
1086 3426 1239 3516 χαμόθεν

198 3669 242 3736 tt)
255 3663 372 3740 Λαθρός
388 3671 544 3724 acuendum
561 3676 605 3723 ost
623 3685 659 3723 ex
670 3667 770 3740 regula
788 3665 819 3722 τὰ
838 3673 876 3730 εἰς
893 3654 942 3741 pb}
959 3663 1109 3735 δισύλλαβα
1128 3668 1239 3738 weyers}

125 3753 223 3824 ἔχοντα
236 3751 306 3807 δασὺ
325 3754 378 3823 πρὸ
391 3742 474 3828 παῦρ’
487 3752 610 3816 ὀξύνεται
628 3755 694 3810 Arc.
710 3758 757 3809 73.
776 3755 875 3826 Itsque
887 3754 979 3828 λάθρα
991 3762 1138 3809 accentum
1149 3762 1238 3807 retra·

125 3838 167 3896 xit
180 3849 210 3893 ut
222 3833 333 3910 σρ-ὀιλρα
346 3847 376 3893 et
387 3839 469 3910 ὅμως,
484 3843 560 3913 quod
573 3840 633 3912 ipse
645 3840 849 3912 significetiono
864 3843 958 3897 differt
976 3844 1010 3896 ab
1025 3839 1108 3913 ὁμῶς,
1125 3858 1238 3912 promo·

124 3926 164 3981 uit
177 3935 270 3980 sutem
282 3923 358 3979 ἄλλα.

196 4016 240 4082 12)
256 4014 342 4078 Quod
359 4009 486 4084 sequitur
504 4016 596 4066 Χανεῑ
608 4008 745 4082 φυλάσσει
767 4011 945 4068 scribendum
965 4013 1079 4068 videtur
1101 4009 1238 4086 φλοιῖσσει

127 4101 172 4155 vel
185 4100 276 4171 aptius
290 4101 385 4155 futuro
399 4094 546 4170 ρλοάσεια
561 4101 647 4152 verbo
660 4095 944 4171 α-λαάζωειφλυαρῶ.
961 4105 1069 4153 Χανεῖν
1080 4117 1132 4170 pro
1146 4104 1240 4169 quoa-

127 4191 186 4259 ρεῖν
200 4185 306 4255 legitur
319 4185 440 4258 saepius.
1168 4255 1236 4263 μ

197 4272 242 4341 13)
255 4271 318 4326 Ηοα
330 4273 379 4326 ills
391 4278 507 4326 accentu
520 4271 643 4325 notanda
657 4288 717 4325 csse
731 4273 815 4325 docet
827 4269 926 4340 regula
937 4270 1002 4324 Asc.
1016 4271 1057 4323 59.
1072 4267 1103 4324 τὰ
1117 4273 1155 4330 εἰς
1167 4289 1240 4341 apoc
