2736 4778
137 326 211 399 ονι
246 394 253 407 ,
493 321 814 420 orosaarfflo
843 322 887 391 v.

100 542 103 547 ·
137 510 179 574 ad
202 530 333 574 sensum
352 507 433 573 nihil
455 508 581 575 conlert
601 506 662 575 sed
681 507 718 574 in
733 510 817 575 Hes.
841 506 935 595 Opp.
953 506 1027 574 264.
1048 518 1083 573 et
1099 508 1248 574 Maneth.

136 610 197 677 VI.
223 608 296 674 288.
330 607 389 677 ἐπὶ
419 606 529 695 πάγχυ
554 620 712 695 sequente
738 608 838 676 verbo
872 610 926 675 eui
952 608 1101 697 adaptari
1131 622 1248 698 potest.

135 712 222 778 Fixa
244 732 321 775 vero
349 720 399 775 est
424 708 620 797 compositio
653 730 879 795 eorumquae
908 710 1114 777 consuetudo
1143 712 1249 796 quoti·

136 814 235 879 diana
264 810 423 898 suscepitr
450 810 591 899 primum
616 810 699 877 illud
723 812 815 899 quod
843 811 955 880 Sehol
982 810 1086 878 Dion.
1113 810 1157 899 p..
1179 812 1248 889 925,

137 916 188 982 13.
213 913 366 999 designat
387 912 556 999 πρόθεσις
581 910 617 977 ἐν
642 908 847 1001 ἐπιρρήματι
874 911 969 993 κατὰΙ
982 908 1143 979 σύνθεσίν
1164 910 1249 981 ἔστιν

135 1007 208 1083 οἷον
227 1010 398 1098 ὖπίρενγε,
423 1006 557 1095 ὑπέρευ,
580 1014 673 1097 cujus
695 1012 795 1079 altera
817 1036 896 1101 pars
917 1023 1034 1079 natura
1054 1012 1248 1098 adjectivum

136 1138 209 1182 esse
230 1124 363 1202 putatur
383 1112 611 1179 indeclinabile
639 1112 735 1199 παρὰ
761 1112 800 1180 τὸ
823 1112 880 1192 ἐΰς
898 1114 979 1179 ΕΜ.
1023 1115 1138 1199 Atque
1171 1113 1248 1179 lreeo

136 1240 156 1283 a
180 1214 365 1283 nominibus
388 1214 556 1281 defectivis
585 1227 619 1281 et
645 1214 803 1281 obsoletis
825 1213 982 1280 derivatio
1007 1236 1076 1280 non
1097 1214 1249 1281 abhorret

135 1316 176 1393 ab
203 1315 374 1404 Apollonii
402 1317 588 1401 conjectura
616 1314 776 1405 ἐξαίφνης
808 1338 853 1381 ex·
879 1314 918 1395 ἐξ
946 1310 1098 1403 ἀφανίας
1128 1316 1249 1383 iactum

137 1440 210 1486 esse
232 1411 307 1485 κατ’
336 1416 601 1505 ἕπιρρηματικὴν
628 1412 783 1497 σιίνιαξιν
810 1410 858 1495 ὡς
882 1416 922 1485 τὸ
947 1416 1087 1505 ἓξαττῐης
1117 1440 1153 1505 p.
1175 1416 1248 1485 ³41.

135 1520 189 1587 eui
217 1540 317 1606 supra
345 1518 487 1605 apposui
516 1516 654 1604 ἐφεξῆς,
681 1516 835 1606 καθεξῆς
862 1526 896 1583 et
921 1516 1071 1605 παρεξῆς
1089 1514 1249 1607 =tanquan]

135 1644 210 1699 cum
231 1620 374 1707 genitivo
397 1618 543 1685 funditus
566 1616 687 1684 abolito
709 1614 785 1707 ἑξῆς
805 1618 960 1705 copulata
981 1618 1073 1687 Diss.
1096 1618 1152 1687 lll.
1175 1640 1205 1687 o.
1218 1620 1250 1687 2.

134 1727 160 1809 ξ.
181 1722 213 1789 5.
265 1720 413 1788 Clariora
445 1718 543 1804 hujus
573 1718 805 1785 denominativi
831 1720 961 1806 generis
989 1721 1132 1807 vestigia
1147 1742 1249 1789 oom-

134 1833 317 1890 monstrant
343 1821 408 1886 alii.
465 1820 613 1885 Primum
641 1822 792 1889 Joannos
820 1842 854 1907 p.
876 1821 929 1887 29.
955 1818 1027 1891 ἔστι
1054 1822 1132 1890 τινὰ
1159 1817 1248 1910 παρ’

134 1920 323 2010 αἰτιατικῆς
348 1916 505 2007 γεγονότα
535 1914 608 1987 οἷον
643 1918 682 1987 τίν
714 1920 823 2005 πέραν
849 1920 909 1988 καὶ
940 1920 1025 2007 μετὰ
1049 1920 1249 2009 προθέσεως

134 2020 318 2108 ἀντιπέραν
355 2022 411 2089 καί
448 2015 518 2088 ἀπὸ
552 2022 686 2111 δοτικῆς
713 2021 814 2108 πέρα.
859 2022 946 2088 Tum
971 2022 1052 2089 ΕΜ.
1081 2022 1162 2103 266,
1197 2023 1246 2089 18.

134 2119 235 2214 δηρόν
256 2117 453 2208 ὀνοματικὸν
475 2121 644 2210 ἐπίρρημα
665 2119 777 2207 ὥςπερ
799 2122 907 2211 πέραν
924 2134 957 2190 et
970 2124 1167 2191 Eustathius
1176 2124 1247 2203 ³06,

131 2226 185 2291 24.
209 2226 316 2311 πέραν
338 2222 427 2291 ἐστίν
446 2220 615 2310 ἐπίρρημα
635 2224 854 2312 μεταληιγθὲν
871 2219 942 2292 ἀπὸ
962 2226 1114 2313 &pls-aig
1133 2222 1244 2293 αἶτια·

132 2328 209 2415 τῆς·
233 2322 324 2410 πέρα
345 2318 444 2410 γὰρὴ
466 2326 509 2409 γη
530 2323 616 2390 κατὰ
639 2324 791 2410 γλῶσσαν
819 2322 903 2392 ὅθεν
930 2322 949 2413 ἡ
982 2323 1113 2411 περαία
1135 2320 1245 2414 παρά-

131 2450 224 2513 γεται
259 2434 292 2491 et
323 2423 435 2492 Sohol.
469 2422 575 2488 Thuc.
609 2422 631 2489 l.
666 2424 738 2489 100.
772 2419 955 2514 ἀντιπέρας
994 2424 1244 2513 παροξετόνως·

80 2546 82 2551 ’
131 2518 239 2610 ὄνομα
266 2522 328 2610 γιίρ
350 2525 421 2593 ἔστι
445 2522 592 2612 θηλυκὸν
619 2530 749 2613 γενικῆς
776 2522 937 2605 πτώσεως
962 2523 1134 2594 σύνθετον.
1178 2530 1244 2595 Ac·

133 2626 268 2692 cusativi
299 2626 332 2689 in
362 2624 550 2690 adverbium
571 2625 719 2690 conversi
748 2628 933 2714 exemplum
959 2627 1073 2713 adjicit
1101 2630 1244 2696 Zonaras

132 2726 226 2792 1338.
250 2721 356 2812 μάνην
379 2720 451 2791 ἀντὶ
472 2727 529 2790 τοῦ
550 2724 703 2808 ματαίως
725 2720 794 2795 ἀπὸ
824 2730 970 2816 θηλακοῦ
992 2726 1042 2807 τίς
1066 2728 1244 2818 ἐπίρρημα,

131 2829 225 2915 plura
260 2829 408 2893 Joanncs
441 2826 513 2912 ipse
541 2826 562 2889 l.
593 2848 620 2892 c.
650 2826 707 2892 καί
736 2828 774 2895 τὸ
801 2825 917 2916 πρώην
944 2824 1028 2914 παρ’
1058 2826 1246 2917 αἰτιατικὴν

131 2927 365 3017 σχηματιζοισι
398 2928 456 2994 καὶ
487 2926 526 2994 τὸ
565 2919 647 3015 ἀκην
679 2928 734 2993 καὶ
764 2927 802 2994 τὸ
836 2923 953 3018 ἀκμήν.
1010 2930 1136 2997 Coraes
1170 2954 1244 2997 vero

130 3029 248 3096 Prodr.
270 3029 344 3095 Ael.
367 3055 400 3116 p.
424 3030 467 3095 48
490 3050 538 3114 sq.
562 3040 692 3116 praeter
718 3029 781 3094 hoc
804 3029 901 3095 etiam
924 3023 1008 3116 ίίγαν
1033 3031 1075 3097 ab
1097 3026 1164 3121 ίίγη
1189 3032 1244 3098 de·

130 3133 283 3198 clinatum
306 3142 399 3218 putat
421 3142 453 3196 ct
475 3130 561 3217 ἀίδην
582 3130 648 3196 sive
673 3124 757 3217 ίίάην
778 3129 819 3196 ab
840 3131 994 3196 inusitata
1021 3128 1086 3220 ridp'
1108 3139 1244 3201 satietur.

128 3234 257 3299 Horum
278 3245 385 3297 autern
402 3231 566 3296 nonnullis
588 3232 850 3318 praepositiones
871 3233 1031 3298 accedunt
1052 3226 1245 3318 ἀντιπέρας,

129 3328 309 3418 ἀντιπέραν
328 3346 360 3399 et
382 3332 472 3417 quod
493 3332 600 3397 minus
622 3333 822 3399 auctoritatis
836 3333 935 3400 habet
955 3327 1129 3418 ἀντιπέραν,
1152 3357 1245 3401 eum·

129 3457 193 3519 que
229 3433 354 3499 duabus
386 3433 686 3521 praepositionibus
713 3428 792 3500 κατ’
821 3428 1003 3520 ἀντιπέραν
1031 3434 1152 3519 Polyb.
1182 3435 1242 3502 lx.

126 3536 180 3611 42,
204 3537 253 3600 11.
280 3536 370 3621 quod
389 3558 495 3621 nuper
508 3534 726 3622 Xenophonti
748 3546 780 3600 et
796 3534 945 3600 Luciano
968 3534 1155 3601 restitutum
1178 3550 1244 3614 est;

128 3658 201 3701 oum
230 3659 295 3699 una
325 3637 471 3701 diversae
505 3636 670 3703 relationis
705 3637 949 3724 praepositione
982 3635 1019 3702 ἐκ
1050 3637 1158 3723 πέραν
1185 3641 1262 3704 τοίῖ

125 3731 303 3819 χειμάρρου
331 3734 355 3800 l.
376 3737 528 3804 Maccab.
551 3739 593 3806 V.
616 3739 669 3804 37.
701 3738 790 3823 quod
812 3738 869 3823 qui
890 3738 936 3803 ita
957 3737 1106 3824 scripsit,
1135 3740 1278 3825 rrr'pos‘

126 3858 186 3923 pro
210 3834 364 3903 adverbio
389 3836 504 3902 habuit
526 3847 562 3901 ut
584 3836 675 3915 λίαν,
707 3838 759 3903 cui
783 3840 907 3905 nullum
930 3839 1097 3905 antecedit
1117 3862 1240 3907 nomen

126 3938 185 4004 sed
208 3939 422 4025 proemittitur
442 3948 549 4004 tamen
570 3938 770 4025 praepositio
788 3938 837 4019 εἰς
857 3942 931 4007 λίαν
940 3939 1085 4026 Longin.
1096 3940 1248 4011 vatt.

124 4042 150 4122 ξ.
172 4041 201 4104 1.
231 4065 264 4127 p.
290 4041 360 4105 142.
388 4036 471 4125 ὑπὲρ
499 4037 575 4105 λίαν
598 4038 632 4103 in
662 4040 704 4105 N.
728 4039 769 4105 Τ.
790 4054 823 4108 et
842 4044 936 4109 Eust.
961 4041 1062 4121 1396,
1095 4042 1148 4107 42.
1179 4065 1249 4109 nee

123 4138 202 4203 mihi
228 4164 419 4227 persuasum
447 4151 497 4205 est
522 4162 578 4205 eos
603 4139 659 4223 qui
689 4134 858 4230 ὑπεράγαν
883 4154 1082 4231 usurparunt
1109 4154 1147 4209 ut
1168 4146 1243 4211 Ae·

123 4238 198 4301 liau.
220 4242 264 4304 II.
287 4244 375 4308 Anu.
400 4240 451 4307 ΙΙΙ.
474 4242 526 4308 38.
555 4240 653 4324 (unus
674 4241 747 4308 eod.
772 4237 856 4328 irio
878 4235 975 4330 distet)
999 4245 1100 4331 Diog.
1122 4243 1175 4311 ΙΙΙ.
1188 4242 1245 4311 26.
