2736 4778
132 350 194 420 164
519 350 797 419 DISSERTATIO
828 350 901 419 vu

130 515 188 583 Od.
211 516 270 583 XV
292 516 364 599 434,
387 518 444 585 sed
465 519 606 600 proxime
631 521 705 599 post
724 514 789 584 439
824 520 894 596 τοῖς
915 506 1068 593 dohaec
1092 515 1269 598 μετέειπε,

130 626 164 687 at
184 621 225 686 ad
247 639 372 686 versum
394 621 604 687 claudendum
625 620 746 702 pariter
768 624 844 701 apta
865 613 990 687 ὁππότ’
1013 612 1056 683 ἄν
1080 611 1174 686 ohta
1187 614 1269 705 ΙΙιῧ-

131 727 242 813 ἄῃσθα
263 723 342 789 VIII
363 722 437 805 444,
468 723 567 790 δόλον
590 714 669 790 αὖτε
692 721 711 807 ΙΙ
734 717 914 789 ἀθανάτων
935 721 963 787 V
985 719 1061 802 356,
1088 715 1269 790 ἄλλωνδ’

131 820 209 895 αὖτε
222 822 275 915 1Ιῆ
283 866 318 874 -
345 826 420 893 Hes,
443 825 523 910 Opp.
546 825 610 892 245
632 833 666 892 et
687 826 827 892 vicissim
850 821 889 893 οὗ
912 825 973 913 γὰρ
997 822 1043 891 ἔτ’
1068 816 1180 904 αι”ῐις
1189 822 1213 911 ΙΙ
1223 824 1268 891 n'·

130 952 233 1014 oopus
266 930 302 995 Il.
335 928 446 994 XXIII
478 929 528 994 75.
553 967 590 978 -
625 930 747 997 Eodem
778 927 960 994 reseruntur
986 921 1135 1006 Ἤλιδος
1171 920 1268 993 ἔνια

129 1032 166 1099 ΙΙ.
181 1031 214 1097 Π
235 1030 308 1112 626,
331 1029 368 1100 εἴ
385 1033 423 1100 κέ
443 1057 506 1115 μιν
529 1025 610 1100 ἄντα
633 1033 653 1120 ΙΙ
675 1030 778 1121 στήῃς
798 1032 891 1098 XVII
906 1029 948 1098 29
971 1038 1004 1097 ct
1026 1029 1268 1115 significatione

128 1135 243 1201 leniter
263 1135 415 1201 inclinata
437 1129 693 1224 ὁμοιωθήμεναι
717 1128 837 1225 ἄντην
869 1136 906 1202 ll
928 1135 945 1201 I
969 1134 1041 1217 187,
1068 1133 1268 1221 ἐναλίγκιος

130 1232 230 1326 ἄντην
253 1237 311 1304 Od.
334 1238 379 1303 lv
402 1236 466 1303 slo
487 1244 521 1304 et
542 1241 668 1321 saepius
691 1238 836 1320 Quintus,
859 1239 913 1321 qui
935 1238 1036 1304 altero
1058 1256 1130 1304 non
1155 1239 1266 1319 utitur,

128 1342 189 1407 nisi
212 1347 349 1407 metrum
371 1342 462 1424 cogit,
485 1361 514 1407 v.
537 1341 678 1426 Koechly
699 1340 798 1425 praet
820 1342 936 1408 LXIII.

215 1446 242 1530 ᾖ.
266 1446 295 1511 2.
339 1445 488 1512 Protinus
510 1445 651 1512 dicemus
677 1447 716 1512 de
738 1445 926 1512 nominihus.
974 1446 1142 1531 Τέκμαρ
1165 1442 1264 1528 Apol·

129 1550 232 1616 lonius
254 1550 381 1631 saepius
403 1549 517 1632 posuio
540 1549 595 1615 ubi
616 1548 706 1614 brevi
728 1548 850 1632 syllaba
872 1568 952 1632 opus
974 1552 1033 1628 est,
1056 1546 1165 1612 semel
1188 1554 1264 1613 aute

129 1670 297 1720 consonam
331 1653 451 1738 τέκμαρ
482 1649 652 1735 μετιόντες
673 1651 719 1717 IV
740 1651 814 1732 483,
845 1670 904 1733 pro
936 1668 999 1733 quo
1026 1649 1059 1713 in
1085 1649 1262 1716 unollor.

129 1757 289 1840 τέκμωρ
310 1756 435 1837 legitur,
458 1761 491 1820 et
513 1756 558 1820 sic
579 1755 676 1819 etiam
698 1755 730 1820 in
745 1756 918 1821 anituantc
930 1770 1101 1819 consonam
1113 1752 1260 1820 Iv1335

128 1859 240 1942 bisque
264 1865 338 1925 ante
363 1859 504 1924 vocalem
526 1854 660 1922 111492
683 1863 716 1923 el
739 1857 832 1939 1002,
853 1857 908 1924 uhi
930 1856 1106 1924 Mcrlrclius
1130 1876 1152 1924 c
1174 1857 1259 1925 codi-

128 1962 216 2028 cibus
238 1961 396 2028 nonnullis
418 1962 545 2048 τέκμαρ
568 1961 697 2043 recepit
752 1960 821 2028 Hoc
847 1962 924 2026 usus
947 1959 997 2025 est
1017 1959 1184 2027 Hesiodus
1207 1979 1258 2028 cc-

128 2071 222 2149 gente
244 2083 352 2131 versu:
380 2062 504 2151 τέκμαρ
527 2063 659 2150 ἐναργές
680 2063 806 2147 Frugm.
829 2062 961 2129 CLXXI
981 2068 1161 2148 posteaque
1182 2064 1257 2131 Pill-

128 2169 225 2234 durus
253 2175 286 2234 el
313 2169 439 2251 tragici3
471 2168 629 2233 Homerus
662 2186 760 2232 unum
791 2167 879 2232 novit
910 2166 1060 2253 τέκμωρ,
1093 2166 1257 2252 huiusque

128 2270 270 2352 exemplo
302 2271 407 2353 potius
438 2289 533 2353 quam
565 2288 768 2336 numerorum
799 2287 896 2335 causa
917 2268 1069 2347 Quintum
1090 2268 1160 2337 XII
1180 2270 1204 2336 2
1224 2273 1258 2335 ct

128 2372 307 2457 Oppianum
329 2373 401 2439 Hal.
425 2374 470 2439 IV
492 2372 534 2440 26
564 2380 659 2458 atquc
680 2373 880 2457 Apollonium
902 2373 1007 2455 Ipsum
1028 2373 1160 2463 τέκμωρ
1183 2391 1257 2441 con·

128 2482 250 2544 stanter
283 2478 315 2541 in
349 2476 411 2542 fine
433 2494 581 2542 versuum
614 2477 758 2559 posuisse
791 2495 912 2543 censeo.
939 2515 973 2523 -
1000 2475 1048 2541 Ab
1071 2476 1139 2562 his,
1173 2494 1258 2559 quae

128 2586 194 2645 toto
216 2586 359 2662 tempore
382 2582 465 2646 inter
489 2600 523 2646 se
546 2579 708 2658 differunt,
732 2581 861 2662 paulum
884 2580 983 2645 distat
1005 2579 1121 2661 duplex
1144 2581 1259 2645 termi-

127 2684 213 2747 natio
246 2684 380 2748 nominis
415 2679 590 2772 ἄλειφαρ
625 2689 657 2747 et
680 2678 848 2771 ἄλειψα,
881 2689 1016 2765 utraque
1038 2682 1164 2762 brevis,
1199 2682 1260 2750 sed

127 2785 229 2851 altera
251 2786 429 2851 accessione
453 2785 801 2851 consonaescmibreuis
825 2787 955 2868 auctior,
978 2785 1261 2868 quareaLehrsio

128 2887 255 2965 Quaest.
279 2889 341 2953 275
370 2909 426 2971 pro
448 2889 508 2955 hac
530 2908 626 2955 causa
648 2888 787 2955 affamur.
844 2886 951 2956 Vcrha
972 2890 1031 2955 siri
1064 2888 1260 2971 peritissimi

126 2991 205 3057 hoec
228 2997 316 3057 sunt:
342 2993 498 3080 Μέμηλεν
521 2991 611 3078 opud
627 2992 833 3077 Apollonium
854 3005 934 3056 recle
957 2992 1037 3056 mili
1054 2991 1089 3054 τ’νι
1109 2990 1260 3080 μεμήλει

126 3107 279 3158 νινεαέανη
300 3094 439 3178 oa'detor;
472 3096 529 3159 illo
563 3097 596 3158 ai
614 3097 663 3159 oli
690 3095 847 3176 coluisset,
880 3118 943 3159 ooo
977 3096 1010 3159 ι’νι
1040 3094 1102 3175 fine
1138 3117 1258 3158 versata

127 3198 300 3279 aacc'cc‘sset,
325 3220 384 3281 quo
408 3197 530 3282 quidem
553 3199 619 3262 loco
637 3199 766 3284 plenior
777 3186 894 3283 formo
916 3199 1091 3285 occepta'or5
1114 3204 1149 3263 et
1172 3199 1260 3266 hano

126 3300 166 3366 ob
189 3319 317 3366 causam
351 3301 455 3382 epicos
490 3295 634 3389 ἄλειφαρ
668 3308 701 3366 et
730 3292 883 3381 οἶσθας
903 3302 1099 3368 brevioribus
1122 3292 1258 3390 ἄλειψα

127 3395 277 3484 (παῖδας,
303 3394 406 3469 alaha
421 3406 610 3486 praetulisse
632 3404 759 3469 iudicat.
803 3403 1150 3487 Plusquamperfectum
1175 3405 1258 3471 illud

126 3504 303 3571 Brunckius
326 3513 413 3572 recte
435 3508 585 3589 reposuit,
609 3508 666 3573 sed
687 3507 726 3573 ob
750 3508 844 3572 aliam
867 3526 1003 3588 causam,
1026 3507 1101 3589 quia
1123 3513 1256 3591 tempus

126 3607 205 3673 illud
227 3610 267 3673 ad
291 3628 418 3675 sensum
441 3611 547 3693 aptius
570 3616 620 3676 est
640 3609 789 3692 perfecto.
826 3605 994 3699 Ἆλειφαρ
1007 3610 1197 3677 Theocritus
1220 3619 1257 3678 et

128 3708 299 3792 Oppianus,
334 3731 412 3794 quos
435 3713 636 3779 Muetncllius
668 3714 787 3780 iudicat
809 3713 847 3779 dc
870 3714 985 3797 Theog.
1008 3733 1079 3797 pag.
1101 3713 1153 3795 58,
1189 3734 1254 3781 uon

125 3820 255 3896 propter
278 3832 389 3881 sonum
412 3816 530 3881 dixisse
552 3816 712 3896 videntur,
736 3817 792 3882 sed
815 3819 888 3900 quia
909 3818 969 3883 hoc
990 3818 1153 3899 analogIac
1176 3837 1254 3900 pro·

125 3916 196 3998 pius
220 3923 360 3984 atcerte
391 3938 428 3983 ex
458 3919 734 4000 grammatIcorum
768 3923 926 3987 sententia
956 3922 1149 4004 primitivum
1185 3928 1253 3999 est3

124 4019 197 4085 hinc
219 4022 302 4086 onim
328 4015 452 4109 ἄλειφα
476 4027 633 4105 ιορωμαι,
656 4042 683 4087 v.
696 4023 839 4089 Rhcmat.
858 4024 929 4104 313,
952 4032 1047 4107 atque
1069 4025 1129 4090 hoc
1143 4025 1250 4106 ipsum

125 4121 164 4187 ab
187 4123 325 4192 Hesiodo
348 4130 381 4191 et
404 4125 520 4203 Quinto
553 4126 586 4192 ln
609 4126 694 4191 exitu
716 4128 854 4209 positum
876 4146 947 4193 esse
972 4127 1184 4210 Goeltliuqus
1208 4128 1252 4194 ad

124 4224 239 4307 Theog.
263 4227 326 4293 553
349 4234 383 4294 at
404 4227 544 4312 Koechly
565 4228 664 4312 prael.
687 4229 763 4295 LIII
797 4231 939 4297 codicum
962 4231 1150 4297 auctoritate
1173 4249 1249 4297 con·

123 4327 258 4396 firmant.
283 4328 352 4396 'De
374 4332 470 4398 verho
494 4323 618 4412 οἶσθας
639 4331 722 4399 infra
744 4333 867 4400 dicendi
889 4333 1011 4400 occasio
1033 4333 1107 4413 erit,
1129 4331 1185 4397 ubi
1209 4334 1248 4399 de
