2736 4778
207 350 282 426 312
495 340 815 415 DISSERTATIO
845 345 891 411 11.
934 344 975 411 P.
997 342 1026 410 I.

208 533 301 604 ἔσεαι
324 544 357 599 et
376 555 444 598 non
466 534 617 598 convenit
646 534 734 620 apud
762 533 954 619 interpretes
977 530 1260 598 substantivumue
1284 532 1327 600 sit

207 661 248 704 an
271 635 528 721 adjectivum²⁰l
553 645 586 699 et
614 635 670 720 qui
698 635 739 699 de
767 633 830 699 hoc
854 634 1078 708 consentiunt,
1105 642 1261 719 pugnant
1283 635 1325 701 dc

208 739 378 825 scriptura:
404 737 491 814 τινὲς
519 736 557 802 τὸ
584 738 683 823 τιμῆς
713 734 770 800 διὰ
800 724 901 802 corii
923 731 1123 822 γράφουσιν·
1152 730 1223 800 ἀπὸ
1258 737 1324 825 γὰρ

204 844 264 906 τοῦ
281 834 422 926 τιμήεις.
463 832 558 902 Οὕτω
577 835 634 902 καὶ
651 835 711 922 τὴν
730 830 918 925 αἰτιατικὴν
937 828 1013 902 ελσε
1029 834 1151 918 χρυσὸν
1168 840 1323 924 τιμῆντα.

208 937 329 1006 Καίτοι
359 934 457 1024 λόγος
485 935 572 1002 ἐστὶν
603 931 648 1012 ὠς
675 939 771 1003 πᾶσα
797 931 917 1004 εὐθεῖα
948 931 1125 1019 ἀρσενικοῦ
1154 931 1325 1022 ὀνόματος

206 1035 241 1108 ἐν
261 1043 301 1128 τῇ
322 1038 497 1126 τελευταίᾳ
520 1035 580 1103 δύο
599 1032 719 1117 ἔχοισα
738 1033 1033 1125 praeparamenta
1056 1036 1199 1124 ἒκιμονεῖ
1220 1040 1325 1124 χωρὶς

204 1145 264 1208 τοῦ
296 1139 463 1226 epatu).
506 1139 573 1204 Hic
601 1161 702 1223 quum
728 1138 905 1204 masculina
930 1139 1076 1204 nominat
1095 1140 1321 1222 Herodianus,

206 1240 379 1307 excludere
407 1240 535 1305 videtur
559 1239 714 1304 feminina
743 1239 818 1328 δᾴς,
847 1237 930 1327 κλῄς
951 1239 1002 1305 vel
1022 1234 1220 1324 bisyllabum
1243 1268 1320 1331 κτρ-

202 1337 281 1430 χνῄς
300 1340 471 1429 Aristoph.
498 1332 589 1407 Avv.
603 1341 742 1426 305.22)
773 1352 828 1406 aut
855 1341 953 1406 etiam
981 1351 1131 1405 neutrum
1158 1339 1261 1430 στᾴς,
1293 1345 1321 1409 si

204 1442 337 1528 quando
366 1442 413 1507 sio
442 1443 598 1530 scriptum
625 1453 688 1519 est3
722 1443 820 1528 vulgo
853 1442 986 1527 quidem
1016 1449 1112 1521 σταῖς
1140 1442 1261 1508 dicitur
1290 1458 1322 1511 et

203 1544 317 1621 attice,
337 1555 375 1610 ut
389 1542 530 1610 Photius
553 1543 666 1620 tradit,
688 1543 770 1621 στάς
791 1538 869 1609 ἄνευ
893 1549 952 1608 τοῦ
968 1529 1120 1610 ἶΡατελλ.
1140 1544 1191 1609 89.
1225 1545 1320 1612 Illius

202 1645 372 1711 masculini
394 1645 523 1731 generis
545 1647 696 1713 Joannes
718 1669 751 1731 p.
772 1645 802 1709 8.
826 1644 891 1710 duo
915 1643 1008 1709 affert
1028 1649 1130 1730 τιμῆς
1153 1656 1185 1709 et
1204 1654 1318 1734 φθογ-

203 1750 278 1832 γῆς,
308 1746 438 1811 tertium
467 1747 596 1833 δαφνῆς
624 1745 717 1811 addit
743 1745 995 1812 Choeroboscus
1024 1744 1106 1812 Can.
1130 1746 1183 1824 46,
1202 1747 1256 1813 28.
1287 1761 1320 1813 et

203 1845 276 1924 253,
304 1847 356 1912 20.
385 1846 492 1914 Crem.
522 1847 651 1912 Aneod.
680 1847 721 1913 T.
752 1848 812 1914 IV.
837 1847 911 1926 396,
939 1850 992 1913 31.
1023 1860 1172 1934 quartum
1199 1846 1320 1937 αἶγλῆς

202 1947 393 2014 Eustathius
414 1948 490 2024 899,
513 1947 566 2015 53.
577 1948 740 2014 Arcadius
762 1972 839 2016 vero
863 1950 897 2014 in
918 1948 1001 2014 libro
1024 1950 1117 2014 tertio
1140 1973 1174 2036 p.
1191 1950 1246 2028 24,
1264 1950 1318 2016 20.

203 2061 342 2136 quatuor
356 2042 476 2135 ingerit
494 2049 612 2115 abillis
631 2051 804 2137 praeterita
825 2055 1024 2138 σοενῆς21),
1043 2054 1167 2138 τεχνής,
1185 2053 1317 2140 λαχνῆς,

203 2151 323 2239 ζαχρὴς
337 2153 405 2237 ²⁴).
458 2152 588 2216 Horum
626 2165 734 2218 tamen
770 2152 1043 2218 nominativorum
1078 2153 1187 2218 nullus
1227 2155 1318 2242 apud

267 2402 531 2475 20)1ntampestiv0
550 2402 678 2459 acumine
699 2403 827 2463 nonnulli
846 2403 874 2458 in
891 2405 981 2460 Thuc.
998 2405 1049 2459 ΙΙΙ.
1065 2406 1106 2470 70,
1120 2409 1144 2459 λ.
1166 2403 1180 2459 ὁ
1199 2411 1318 2469 Unctae

199 2490 238 2544 lu
249 2492 348 2556 βουλῆς
361 2491 415 2545 luri
428 2489 584 2560 genitivum
598 2506 649 2562 pro
664 2487 834 2543 nominativo
849 2499 1032 2561 acceperunt:
1047 2496 1202 2559 σημειωσοι
1216 2494 1318 2559 βουλῆς

200 2573 214 2628 ὁ
231 2572 375 2643 βουλευτής
393 2581 439 2629 καὶ
457 2573 472 2643 ᾗ
489 2574 584 2645 γενικὴ
600 2577 754 2641 sontiates·
786 2575 934 2644 Adjectira
948 2577 1031 2647 hujus
1047 2575 1123 2630 modi
1139 2576 1317 2632 circumflexa

199 2678 216 2713 a
229 2677 358 2724 sermone
376 2661 468 2716 soluto
486 2659 647 2731 longissime
666 2667 773 2713 remota
791 2670 871 2728 sunt3
890 2662 977 2731 ἀργᾶς
993 2654 1131 2734 serpentis
1149 2679 1252 2717 nomen
1273 2681 1316 2717 se·

199 2745 293 2816 quitur
313 2746 529 2801 declinationem
549 2745 674 2818 primam.
703 2746 794 2815 [Haec
815 2748 850 2801 de
870 2747 1016 2817 adjectivis
1040 2747 1069 2801 in
1084 2734 1143 2816 ἧς
1161 2747 1316 2821 disputatio

197 2829 317 2900 primum
335 2830 480 2902 proposita
496 2839 540 2885 est
557 2829 586 2884 in
603 2831 736 2900 Prolegg.
751 2831 841 2886 Leott.
857 2833 946 2886 Aead.
964 2833 1052 2902 1810.)

267 2917 314 2982 21)
332 2915 402 2971 Cod.
421 2913 496 2989 Θρᾴε
515 2935 550 2972 ex
569 2935 666 2972 eorum
685 2917 817 2989 opinione
832 2917 880 2988 qui
899 2915 1158 2990 &praescriberent
1176 2917 1234 2972 iota
1253 2918 1314 2972 lon·

197 3019 263 3071 gum
277 3019 339 3056 esse
353 3001 406 3057 rati
423 3014 520 3060 contra
533 3005 659 3075 regulam
671 3022 726 3074 qua
742 3003 878 3075 ancipites
893 3012 958 3059 ante
972 3005 1099 3076 duplices
1114 3005 1315 3076 corripiuntur,

197 3092 303 3155 πνιξαι,
323 3086 406 3156 apisci
426 3109 451 3144 v.
467 3089 567 3143 Parall.
583 3093 641 3142 100.
663 3087 690 3143 τὸ
708 3093 794 3162 Opust
812 3087 1029 3160 περισπώμενον
1048 3090 1097 3145 οὐκ
1115 3093 1238 3161 ἐκφανεῖ
1255 3078 1316 3146 zoi

196 3173 323 3244 Theogn.
340 3174 407 3230 Can.
426 3177 482 3238 132,
498 3178 541 3229 30.

264 3261 311 3327 tt)
325 3263 429 3333 Νηοῇς,
445 3264 546 3333 Θησῆα,
566 3264 659 3334 γενῇς,
679 3263 767 3332 παρῇς
784 3259 812 3313 in
825 3261 914 3332 primo
934 3279 999 3316 casu
1018 3281 1074 3316 non
1093 3262 1200 3334 reperi.
1220 3280 1314 3333 neque

195 3343 283 3414 magis
304 3339 367 3415 λλςὶς
388 3344 433 3398 vel
454 3342 528 3416 φιρς,
552 3347 629 3415 quod
649 3345 796 3416 pluraliter
818 3345 872 3399 dici
894 3347 975 3400 solet.
1009 3345 1121 3403 ἨΡΩΣ
1144 3352 1313 3414 ΧΡΙΙΣΤΗ,

195 3433 272 3502 quod
296 3429 324 3485 in
343 3429 450 3502 aliquot
471 3431 664 3502 sepulcrorum
686 3430 773 3484 titulis
793 3430 910 3499 legitur,
936 3432 1118 3488 masculinum
1142 3432 1254 3486 videtur
1277 3435 1313 3487 ad

195 3515 312 3568 alterum
332 3533 430 3570 sexum
453 3516 626 3570 translatum.
668 3515 854 3569 Masculinum
873 3521 931 3583 νῆις
951 3536 1008 3572 non
1029 3517 1116 3588 magis
1140 3518 1314 3572 contrahit-ur

195 3614 277 3667 quarn
296 3599 458 3655 femininum
480 3602 557 3670 Νηΐς.

263 3686 307 3748 tt)
325 3684 458 3751 Σλνινὴεις
479 3687 546 3756 fingi
567 3685 659 3757 potuit
679 3704 696 3740 a
715 3689 816 3747 σθένος
840 3693 870 3739 ut
893 3684 1018 3753 ὰλθὴεις,
1042 3685 1167 3757 clyditis,
1191 3687 1311 3757 κνοὴτις,

195 3763 308 3837 utrisne,
334 3768 453 3840 τεσχὴιις
473 3773 524 3824 sed
544 3769 630 3842 epicis
654 3770 777 3825 inhabile
799 3778 842 3824 est
864 3771 916 3824 nisi
937 3783 1066 3844 correpto
1085 3783 1131 3828 eta
1153 3783 1184 3827 ut
1205 3778 1311 3842 τελέεις,

195 3853 292 3928 appleto

264 3943 310 4009 ut)
335 3941 421 4006 Quod
442 3942 477 3994 ab
501 3940 544 3993 his
568 3939 716 4009 distinguit
739 3945 785 3995 καλ
809 3939 838 3996 td
863 3944 954 4014 μονῆς
976 3941 1107 4016 λαμβικλν
1130 3940 1313 4012 ἰσοσύλλαβον

193 4027 342 4097 manifesto
357 4035 398 4079 est
414 4044 514 4080 nornen
528 4024 674 4097 proprium
687 4043 721 4079 ex
736 4032 846 4087 φονέας
860 4036 1033 4082 contractum
1047 4038 1077 4083 ut
1093 4033 1199 4090 Θολλας
1213 4032 1311 4097 Θαλῆς,

193 4116 304 4173 Πασέας
316 4115 421 4179 Ποδῆς,
436 4131 508 4184 quae
520 4110 681 4166 Eustathius
698 4113 770 4172 1051,
784 4114 823 4165 13.
838 4130 873 4166 ex
886 4113 1048 4168 Herodiano
1063 4117 1145 4169 affert
1159 4117 1195 4169 cf.
1208 4115 1311 4170 l'nrall.

196 4199 252 4251 150.
268 4198 365 4253 Ινεὴτε.
376 4199 461 4254 Arist.
472 4200 530 4251 310.
548 4201 657 4268 lappis
673 4213 708 4249 ex
723 4192 843 4267 ζαχοῆεις
858 4197 974 4259 coaluit,
990 4200 1068 4268 eujus
1083 4202 1203 4254 obscura
1217 4210 1313 4255 manet

193 4281 327 4337 memoria
347 4283 373 4337 in
394 4285 484 4355 Etim.
500 4284 574 4339 Gud.
588 4283 647 4347 220,
660 4283 685 4335 3.
704 4285 826 4355 ζαχμιλης
845 4286 1013 4358 oppetam
1033 4283 1047 4340 ὁ
1065 4292 1154 4356 βίαιος
1172 4290 1219 4340 καλ
1238 4304 1312 4360 σιμο-
