2736 4778
132 366 208 440 238
426 361 747 431 Dlssmtmlo
769 363 818 428 11.
859 362 903 428 Γ.
925 362 954 429 Ι.

576 502 581 533 λ

132 548 201 612 eive
218 544 327 612 ionice
341 537 491 635 ίίπλητος
501 547 549 628 ³),
567 543 724 635 πλησίας,
739 546 834 632 παρὰ
851 544 890 614 τὸ
909 545 1002 615 πέλω
1013 545 1054 614 τί
1071 541 1249 632 πλησιάζει

133 649 236 715 Proll.
259 647 333 713 422.
360 644 524 736 πληγενὴς
554 647 619 713 hoo
647 657 713 726 eet,
744 657 782 712 ιιι
807 646 977 713 Albertiue
1007 648 1249 734 interpretetur,

133 750 241 827 πέλας
263 743 376 834 γεγοίς.
418 747 531 814 Alium
551 746 733 836 preeeenh'e
753 748 893 815 formem
913 748 1038 837 profert
1058 747 1249 833 Hesychius

133 847 350 934 Προςπλοίζει
385 845 628 939 προςπαλάζει,
671 849 873 935 eundemque
912 851 1061 917 Homero
1101 849 1251 914 attribuit

132 948 245 1027 Sohoi.
267 948 307 1015 11.
328 948 414 1016 Xll
435 949 509 1015 285.
534 944 623 1034 κῦμά
644 974 702 1028 μιν
723 946 938 1036 πρυςπλοίζον
959 945 1174 1036 κατερύκεται
1195 950 1254 1015 in·

131 1060 313 1137 terpretene
333 1045 579 1133 προςπελοίζον,
608 1050 763 1136 idemque
797 1072 966 1138 syncopae
996 1049 1153 1116 adeeribit
1175 1050 1255 1116 Eu

131 1147 468 1226 audiue1701‚25.
497 1160 531 1216 et
551 1151 595 1217 ed
622 1151 690 1220 Od.
711 1151 778 1218 Xl.
807 1151 882 1218 583.
909 1149 1006 1240 λίμνη
1033 1148 1249 1237 προςίπλαζε

133 1249 248 1340 γενείῳ
267 1249 323 1315 ille
348 1249 469 1336 puriter
489 1246 696 1338 προςηγγιζε.
740 1252 812 1319 Neo
844 1252 1009 1337 dieorepet
1037 1251 1148 1318 Sohol.
1170 1250 1245 1318 Nie.

132 1353 187 1418 At.
211 1351 263 1417 79.
295 1349 352 1436 qui
383 1373 484 1436 quum
515 1372 577 1437 pro
613 1346 844 1435 ίμπλοίσσεται
881 1352 1038 1439 seriptum
1070 1350 1246 1417 invenieeet

133 1449 356 1538 ἕμπλοίζεται,
392 1449 456 1517 hoo
489 1473 549 1538 per
579 1447 761 1534 ε’μπελοίζει
797 1453 948 1539 explicet.
991 1454 1046 1519 De
1075 1451 1245 1536 Hesychio

132 1553 273 1621 dubitari
293 1562 405 1641 poteet
426 1574 470 1617 en
491 1551 688 1639 spectaverit
699 1553 809 1618 looum
821 1554 985 1640 quendum
1002 1554 1037 1618 in
1057 1575 1122 1638 quo
1140 1567 1247 1638 προς-

132 1651 271 1735 πλιίζειν
292 1653 416 1719 dietum
436 1664 524 1719 eeeet
545 1653 586 1717 de
610 1652 720 1737 aliquo
745 1654 802 1739 qui
821 1654 906 1739 μετὰ
928 1649 1158 1742 σφοδρότητος
1181 1676 1245 1720 πε·

132 1750 226 1834 λάζιι
252 1753 288 1818 id
317 1765 368 1819 eet
397 1748 600 1838 ἐμπλήσσει,
636 1754 727 1836 quod
752 1754 889 1821 verbum
914 1776 1015 1842 eoepe
1043 1753 1245 1819 intransitive

132 1855 265 1942 ponitur
290 1877 352 1942 pro
380 1851 579 1939 impingere,
613 1852 782 1939 ingruere3
810 1879 912 1940 quere
939 1856 1029 1922 idem
1054 1854 1244 1939 Heeyehiue

100 1984 105 1989 ·
131 1951 366 2044 ἐνιπλήξαντες
394 1954 504 2020 reddit
532 1950 779 2037 ἐμπελάσαντες
806 1967 839 2021 et
871 1951 1054 2043 Ἐμπλῆξαι
1087 1953 1245 2038 ἐμπεσεῖν

131 2055 273 2145 ἐγγίσαι.
301 2059 418 2143 Atque
436 2055 501 2120 huo
517 2055 616 2120 etiem
632 2053 833 2123 homericum
847 2056 981 2123 verbum
999 2056 1041 2120 ab
1051 2052 1243 2121 Arietnroho

130 2158 268 2223 relatum
289 2181 362 2224 esee
389 2158 488 2224 modo
512 2156 634 2221 dietum
658 2167 718 2222 eet
750 2158 814 2223 Ille
832 2168 942 2223 temen
953 2154 1242 2244 appropinquandi

132 2258 327 2343 significatio
357 2260 428 2324 eole
454 2257 606 2323 convenit
630 2257 852 2345 Xenophnnie
877 2258 933 2324 Fr.
955 2257 1039 2325 ΧΠ.
1060 2257 1103 2321 49
1128 2258 1243 2322 Κοιει.

131 2356 228 2446 γαίης
248 2354 328 2425 τόδε
348 2363 470 2446 πεῖρας
490 2353 608 2443 ὁρᾶται
631 2354 747 2443 αίιλὲρι
761 2355 975 2442 προςπλοίζον
997 2356 1242 2442 (προςπλᾶζον)

132 2461 222 2546 quod
246 2459 396 2545 congruit
426 2481 499 2524 eum
529 2458 693 2523 homerico
716 2455 834 2542 αἰθέρι
856 2462 969 2542 κῦρον,
996 2480 1058 2523 neo
1079 2457 1243 2524 diversum

129 2563 258 2627 videtur
278 2558 418 2640 πλάζειν
439 2559 530 2643 quod
549 2560 760 2624 Herodianus
784 2559 906 2625 Atticis
935 2558 1047 2623 tribuit
1071 2558 1166 2624 Mon.
1189 2559 1241 2625 23.

131 2663 188 2728 ubi
201 2663 301 2727 verbe
316 2662 351 2726 in
373 2650 441 2740 (ιζ-ιο
454 2660 554 2748 elphe
568 2659 665 2726 breve
676 2661 796 2727 hebere
808 2661 896 2737 dioit,
919 2655 1048 2749 σφάξαι,
1072 2651 1241 2744 ἀγοράζω·

130 2765 228 2827 τοῦτο
255 2759 316 2828 ἐπὶ
338 2757 451 2844 ἑτέρου
480 2760 723 2849 σημαινομένου
753 2759 913 2830 θέλουσιν
939 2757 1094 2827 ἐκτείνειν
1116 2753 1162 2838 ὡς
1183 2759 1243 2825 καὶ

118 2860 168 2929 τὸ
191 2856 323 2941 πλάζει·
344 2857 448 2927 ταῦτα’
471 2886 508 2948 γε
526 2856 645 2928 derenci
668 2859 731 2930 είσι
743 2910 751 2940 ,
781 2863 871 2947 quod
891 2861 984 2926 addit
1004 2870 1140 2947 propter
1163 2881 1240 2925 neo-

128 2962 228 3027 lieum
248 2955 366 3042 πλάζιο
387 2959 426 3030 τὸ
448 2958 598 3050 πλήσσιο.
642 2963 745 3028 Tollit
755 2963 817 3028 hoo
828 2961 986 3028 Lehreius
1000 2984 1059 3048 pro
1075 2959 1113 3029 τὸ
1124 2958 1241 3042 πλάζω

130 3064 296 3150 corrigens
317 3059 454 3145 τοπάζω
473 3064 533 3128 eed
554 3063 624 3129 fieri
645 3074 756 3151 potest
779 3074 817 3128 ut
837 3062 891 3128 ille
912 3063 1002 3149 apud
1018 3063 1133 3128 ettiooe
1157 3085 1239 3147 poe-

129 3177 180 3232 tes
200 3165 317 3251 legerit
339 3162 526 3247 ίπλοίσλλην,
549 3165 711 3242 πλαστός,
737 3156 910 3243 ἄπλαστος
919 3169 963 3243 ⁴),
985 3160 1237 3249 πρόςπλαστσς,

129 3267 248 3353 quibus
278 3262 428 3329 omnibus
455 3284 542 3326 nuno
572 3275 750 3347 praeeunte
777 3264 943 3331 Brunokio
985 3263 1030 3329 ed
1051 3258 1137 3329 Ηυο.Ι
1165 3262 1238 3328 880.

128 3367 234 3452 eigme
256 3366 434 3429 detractum
455 3372 514 3426 eet.

178 3615 209 3682 3)
223 3614 287 3667 Ηοο
299 3612 477 3668 Her-menone
490 3612 604 3685 reponit
615 3613 643 3667 in
655 3613 724 3668 Hes.
736 3610 790 3667 Th.
800 3616 857 3669 151.
871 3616 918 3670 ubi
929 3615 1099 3671 Centimnnie
1111 3613 1239 3669 tribuun-

127 3707 174 3755 tur
181 3704 275 3770 χεῖρες
286 3693 430 3753 ἄπλαστοι.
466 3697 646 3753 Μιιειτελλίιιε
658 3715 686 3769 p.
702 3701 743 3753 54.
762 3699 808 3754 hie
823 3699 856 3755 od
875 3704 1072 3773 πεπλασμένας
1087 3698 1239 3770 signifioeri

126 3790 210 3858 putet
222 3785 277 3837 hoc
290 3790 334 3835 eet
350 3779 564 3843 κακοπλιίσιους.
593 3783 652 3837 Sed
670 3782 897 3841 Centimanorum
916 3805 1013 3841 manue
1031 3786 1132 3859 procul
1150 3785 1238 3840 dubio

126 3889 183 3926 non
197 3865 367 3936 {octogintae
380 3882 433 3920 nee
445 3867 518 3921 mele
531 3868 666 3923 tornatae
680 3876 761 3923 erant
772 3872 824 3924 eed
835 3889 982 3926 mensurno
996 3872 1121 3945 emperie
1134 3880 1226 3942 aptae.

179 3960 203 4019 t)
217 3955 251 4009 In
263 3953 348 4008 Exco.
363 3951 503 4021 Gregorio
516 3949 671 4022 eobjunotie
683 3956 744 4008 eu.
757 3962 787 4008 et
798 3956 856 4010 699.
870 3958 899 4009 αλ
910 3958 1058 4029 λναλλαγαι
1071 3946 1154 4027 rod}
1169 3946 1239 4018 ttc'c}

126 4039 214 4112 βραχὺ
228 4044 283 4095 τοῖν
301 4036 404 4093 Ἰώνων
414 4042 477 4106 εισι,
497 4043 651 4106 μεμακυῖαι,
668 4040 824 4109 λελουμένη
836 4045 882 4094 καλ
900 4037 1038 4105 ἄπλαστος
1056 4043 1238 4098 scribendum

126 4133 169 4179 ent
181 4135 213 4180 ut
225 4127 253 4181 in
266 4128 341 4182 Gud.
354 4125 415 4190 ote,
426 4125 469 4179 te.
484 4118 611 4189 ἄλουτος,
623 4125 702 4193 quod
712 4123 816 4177 fefellit
827 4124 1031 4182 Muetzellium.
1046 4128 1237 4199 Sigmoreme-

125 4218 176 4264 net
191 4210 220 4264 in
233 4214 340 4268 duabus
353 4208 488 4283 Hesychii
506 4205 609 4281 gloeeie
626 4205 842 4280 Ἀπρόςιιλησιος
858 4219 887 4265 ει
901 4211 1118 4269 Ἀαοιιιιλασιον
1135 4212 1238 4288 inpic-

124 4299 252 4352 πλασισν.
