2736 4778
180 292 295 419 aaa⁸
462 335 781 409 ursanararro
809 341 856 408 11.
899 341 939 408 Ρ.
957 341 1004 409 11.

181 529 274 595 1841.
295 548 403 613 neque
424 535 537 591 contra
556 526 665 591 valent
688 549 773 613 quae
784 528 970 613 Hesychius
993 529 1080 593 unde
1102 530 1190 594 unde
1214 529 1292 595 sub-

178 629 260 716 legit
294 627 419 719 ψίεσσα
452 625 618 706 εὐδαίμων
655 639 688 693 et
722 631 913 716 Ταρφιέντα
948 626 1088 715 ἐντάφια
1122 627 1290 718 τεφρώδη,

174 724 344 812 ‘raptaue
363 728 484 814 βεβαία
505 741 542 794 ut
560 729 595 795 in
616 730 690 796 cod.
714 729 870 816 scriptum
892 741 958 808 est,
988 753 1126 814 quorum
1153 731 1293 817 primum

180 831 260 919 quid
289 831 332 896 sit
358 842 391 896 et
421 833 510 896 unde
543 832 585 896 sit
618 833 822 919 ignoramus,
854 831 947 896 alteri
979 831 1182 920 ταρφιόεντα
1213 833 1291 898 sub·

178 935 378 1002 stituendum
398 932 525 999 videtur
544 933 595 998 vel
612 933 821 1022 ταρφήεττα,
852 933 1017 1018 quomodo
1045 933 1141 998 etiam
1163 935 1293 999 tertium

178 1037 351 1124 corrigitur
372 1046 405 1100 et
426 1035 518 1119 quod·
535 1035 570 1099 in
590 1034 673 1099 libro
697 1035 738 1100 de
753 1035 877 1117 Quant.
899 1036 972 1113 284,
986 1037 1017 1100 2.
1039 1035 1158 1121 legitur
1179 1044 1291 1125 odey-

178 1141 270 1229 yr'atc.
302 1133 501 1223 Ἀγλαΐεσσα
529 1136 564 1201 in
582 1136 723 1222 Emped.
752 1161 781 1202 v.
806 1136 876 1216 186.
904 1137 1107 1202 aKarstano
1129 1137 1292 1202 invectum

180 1253 239 1309 est.
282 1239 386 1306 Aliud
400 1236 496 1322 hujus
514 1260 679 1326 syncopae
698 1239 881 1327 exemplum
898 1238 1054 1325 proponit
1069 1239 1149 1304 EM.
1169 1238 1242 1316 505,
1258 1239 1290 1305 5,

179 1341 250 1412 ἀπὸ
279 1345 339 1430 τῆς
365 1340 505 1424 κέρατος
535 1344 664 1427 γενικῆς
692 1338 863 1426 κεραιόεις
890 1340 947 1406 καὶ
976 1344 1127 1428 ουγκοπῇ
1151 1337 1289 1423 κερόεις.

178 1447 301 1515 Verum
328 1441 408 1507 illud
436 1462 544 1525 neque
578 1441 734 1528 scriptum
755 1441 936 1506 invenimus
958 1464 1065 1527 neque
1086 1441 1210 1528 fingere
1232 1464 1290 1507 ne·

178 1569 270 1613 cesse
294 1543 461 1608 habemus.
512 1539 652 1631 Κερόεες
674 1544 767 1608 enim
798 1544 929 1608 unicum
958 1554 1008 1608 est
1034 1544 1227 1628 adjectivum
1255 1543 1290 1608 in

178 1637 247 1727 ἶις
268 1671 288 1711 a
307 1645 438 1712 nomina
461 1645 586 1729 syllaba
603 1633 654 1723 αξ
669 1644 839 1711 terminato
859 1645 1002 1730 ideoque
1017 1644 1144 1710 transiit
1161 1646 1203 1709 ad
1222 1646 1289 1711 for·

177 1746 265 1816 nram
282 1770 395 1813 eorum
417 1747 536 1834 quibus
557 1746 757 1812 substantiva
777 1747 812 1811 in
827 1734 871 1825 ος
893 1746 1101 1835 praecedunt.
1143 1748 1236 1833 Ergo
1254 1759 1291 1812 ut

176 1849 263 1927 θύος
285 1845 416 1928 dudae,
442 1848 543 1935 κρύος
564 1844 713 1934 κρυόεις,
738 1848 843 1936 θέρος
864 1847 1013 1934 θερόεις,
1043 1849 1090 1914 sic
1113 1849 1209 1915 etiam
1234 1874 1289 1917 κε-

177 1949 268 2041 ρόεις
288 1950 462 2036 figuratum
482 1960 533 2016 est
553 1949 646 2037 quasi
668 1973 688 2014 a
708 1960 796 2017 recto
818 1951 930 2035 κέρας,
959 1952 1051 2036 cujus
1071 1951 1214 2038 speciem
1236 1974 1288 2016 ee·

177 2065 319 2142 quuntur
342 2050 493 2138 syntheta
513 2051 712 2141 κεροβάτης,
733 2050 919 2140 κεροφόρος
938 2064 998 2118 etc.
1016 2064 1052 2118 ut
1067 2059 1173 2141 γῆρας
1188 2079 1289 2140 γηρο-

175 2155 316 2245 τρόφος,
342 2155 441 2237 κρέας
461 2158 667 2242 κρεοκοττεῖν.
713 2152 860 2219 Tertium
882 2165 946 2220 est:
970 2154 1065 2242 παρὰ
1082 2155 1140 2223 τὸν
1159 2151 1288 2244 εὐρῶτα

176 2254 301 2344 γίνεται
340 2249 542 2340 εὐρωτόεντα
580 2253 636 2321 καὶ
672 2260 823 2344 σογκοπῇ
855 2249 1034 2338 εὐρώεντα·
1070 2251 1091 2345 ἢ
1123 2255 1219 2340 παρὰ
1249 2252 1288 2322 τὸ

153 2409 157 2413 -
176 2351 274 2442 εὖρος
295 2349 450 2442 εὐρώεντα
474 2354 531 2421 καὶ
552 2352 684 2423 ἐκτάσει
703 2350 868 2442 εὐρώεντα
885 2356 964 2421 ΕΜ.
982 2356 1098 2433 398,1.
1120 2355 1289 2442 Analogia

175 2456 281 2523 neutri
307 2455 472 2533 subvenit3
501 2478 576 2520 nam
607 2479 647 2521 ex
673 2457 938 2522 numerosissima
966 2456 1088 2521 familia
1121 2458 1288 2523 nominum

174 2558 368 2624 neutralium
396 2559 430 2622 in
450 2545 501 2639 ὀς
526 2558 650 2623 nullum
679 2559 886 2645 progignitur
915 2559 1108 2642 adjectivum
1138 2560 1172 2624 in
1185 2549 1287 2640 Ῑιᾙξ,

175 2661 239 2725 nisi
261 2660 344 2726 forte
367 2657 506 2744 κητώεις
527 2660 688 2745 ejusmodi
711 2674 842 2747 etymon
862 2659 962 2725 habet
983 2659 1024 2725 ab
1046 2660 1166 2727 usitato
1188 2667 1288 2749 κῆτος

175 2775 258 2830 cetus
281 2772 367 2827 certe
387 2761 486 2846 longe
510 2761 687 2839 diversum;
709 2785 815 2849 neque
838 2765 934 2829 etiam
954 2786 1037 2847 quae
1063 2765 1198 2829 eandem
1215 2786 1287 2829 cum

175 2858 281 2950 εὐρώς
308 2862 564 2928 terminationem
590 2863 711 2930 habent
741 2862 855 2951 ἱδρώς,
886 2868 988 2951 γέλως
1008 2878 1068 2932 ctc.
1097 2867 1161 2933 huc
1182 2867 1286 2933 dedu·

175 2978 292 3032 cuntur
310 2976 438 3053 praeter
460 2966 679 3052 suspiciosum
700 2967 781 3032 illud
803 2962 934 3051 ἐρώεις,
965 2969 1054 3051 quod
1077 2968 1288 3036 Grammatici

175 3067 307 3155 quidam
322 3068 436 3133 novitii
453 3069 592 3134 afferunt
606 3093 672 3136 non
690 3080 727 3134 ut
744 3069 886 3134 nativum
905 3071 964 3135 sed
981 3082 1017 3135 ut
1039 3071 1138 3136 ectasi
1157 3083 1287 3137 auctum

174 3195 214 3237 ex
237 3171 345 3257 ἐρόεες
366 3192 395 3234 v.
413 3169 537 3235 Techn.
555 3170 626 3236 181.
650 3182 682 3236 et
699 3171 788 3236 Add.
810 3173 965 3236 Attamen
984 3171 1182 3257 antiquiores
1201 3184 1287 3239 certe

173 3269 337 3357 εὐρώεντα
355 3273 467 3337 dicunt
482 3272 613 3359 putrida
632 3272 794 3356 foedaque
813 3273 922 3360 potius
943 3298 1040 3359 quam
1055 3264 1286 3363 late'patentia

172 3373 340 3438 nominum
367 3384 475 3439 autem
495 3373 530 3438 in
549 3362 599 3452 ἷος
619 3375 805 3439 exeuntium
824 3386 914 3439 tanta
936 3388 985 3440 est
1001 3377 1150 3463 paucitas
1166 3389 1203 3441 ut
1219 3401 1286 3442 non
1306 3424 1308 3427 ψ

172 3474 288 3539 mirum
315 3476 357 3540 sit
384 3476 480 3541 unius
500 3476 600 3541 modo
623 3476 815 3561 adjectivum
842 3477 976 3564 reperiri
1002 3490 1034 3543 ct
1055 3479 1090 3543 id
1113 3479 1244 3563 quidem
1268 3502 1287 3543 a

172 3576 277 3663 primo
301 3598 379 3642 casu
401 3578 594 3656 derivatum,
622 3600 688 3643 non
714 3591 750 3642 ut
772 3577 826 3642 ille
848 3577 935 3643 dicit.
979 3580 1045 3645 Hic
1069 3579 1097 3645 si
1120 3580 1286 3667 cognitum

171 3676 340 3744 habuisset
365 3677 495 3763 μὲομα,
525 3681 615 3766 quod
644 3679 831 3764 Hesychius
860 3680 1088 3769 interpretatur
1114 3685 1285 3766 μέστωμα,

173 3780 335 3864 ejusdem,
358 3790 449 3867 puto,
472 3781 615 3867 syllabae
634 3768 871 3848 {adelectum
895 3785 1099 3862 adnotasset,
1130 3784 1193 3849 nisi
1223 3806 1285 3871 po·

172 3883 236 3946 tius
264 3880 304 3946 ab
332 3881 375 3950 έιο
398 3886 440 3949 ’το
464 3884 580 3972 τιληρῶ
601 3884 821 3970 repetiverunt
842 3895 879 3949 ut
893 3881 1014 3967 μεστός
1034 3887 1113 3952 EM.
1137 3886 1210 3962 588,
1232 3887 1284 3951 44.

170 3983 281 4068 Hujus
304 3984 389 4048 enim
410 3983 499 4049 verbi
522 3984 635 4050 erebra
657 3997 707 4051 est
724 3987 813 4074 apud
833 3987 1071 4054 Grammaticos
1086 3986 1207 4052 mentio
1216 3985 1287 4085 set-l

171 4085 323 4173 probatio
350 4085 439 4151 nulla
463 4109 492 4150 v.
522 4085 646 4153 Techn.
680 4091 750 4154 153.
800 4088 854 4153 Ex
885 4089 948 4153 alio
976 4090 1135 4173 adjectivo
1160 4090 1195 4153 in
1217 4112 1286 4165 οεις

171 4187 341 4253 terminato
368 4186 560 4254 Eustathius
591 4188 669 4266 839,
695 4189 726 4253 4.
758 4189 922 4275 syllabam.
938 4178 983 4257 Tac
1007 4188 1171 4256 effluxisse
1193 4188 1287 4274 fingit

173 4286 319 4354 adhibita
342 4297 452 4376 tropa:
478 4288 644 4377 rrrdrjaoou
668 4288 769 4358 οἱονεὶ
787 4287 996 4359 πιδακόεσοα
1016 4292 1099 4358 κατὰ
1116 4289 1285 4377 ouyaomjv
