2736 4778
436 359 494 424 DE
516 357 741 425 EPITHETIS
765 357 939 440 otiosis.
1176 356 1238 423 365

123 521 299 588 subiectum
322 526 355 586 et
376 522 545 615 obnoxiurn
565 520 787 605 significantis;
820 539 1000 604 quanquam
1031 519 1083 585 hic
1108 520 1241 603 insignis

123 624 234 689 titulus
257 625 443 690 succedente
466 629 607 706 ternpore
631 625 748 690 eviluit.
794 623 857 688 Sed
880 624 920 689 de
943 610 1155 704 parallelismo
1183 624 1241 688 ali·

123 727 248 807 qnando
260 728 406 792 universe
417 728 547 793 dicetur.
565 727 669 816 Hicin
680 726 940 810 disceptationem
951 726 1080 791 veniunt
1091 725 1243 791 vocabula

124 829 267 895 diversae
279 816 456 911 potestatis,
469 830 584 913 quibus
598 834 654 902 aut
665 834 754 895 aetas
766 833 822 893 aut
833 846 926 894 senus
938 833 994 893 aut
1015 827 1091 894 ordo
1103 833 1158 892 ant
1169 845 1241 892 con·

124 932 201 997 ditio
223 933 387 998 indicatur.
431 932 465 998 Si
487 933 602 998 tibicen
626 926 800 1018 αὐλητὴς
832 924 904 1018 άυή
911 956 931 1018 ρ
953 934 1083 997 vocatur
1103 930 1193 995 Dem.
1216 948 1242 995 c.

124 1034 199 1099 Mid.
208 1033 279 1100 565.
291 1034 319 1116 6,
332 1034 527 1117 significatur
532 1034 639 1117 procul
647 1032 742 1099 dubio
749 1039 838 1100 aetas
843 1034 989 1114 hominis3
1000 1051 1074 1098 narn
1085 1033 1139 1114 qui
1150 1033 1182 1097 in
1192 1033 1241 1098 lu-

123 1136 311 1219 dispublicis
319 1138 551 1216 concertabant,
564 1137 736 1205 secundum
743 1142 864 1212 aetates
876 1133 1149 1217 dispescebantnr:
1164 1136 1242 1202 aoi-

123 1243 187 1318 δες,
202 1235 354 1326 lyssam,
367 1232 493 1327 άνάρες.
504 1240 686 1322 Eodemque
698 1240 790 1306 modo
806 1243 902 1317 παῖς
918 1235 1107 1316 occulcatis
1117 1238 1241 1318 dicitur,

123 1342 205 1407 sicut
236 1347 303 1407 tres
336 1341 465 1408 Pindari
497 1343 577 1408 odae
610 1343 779 1425 inscriptae
812 1347 886 1409 sunt
919 1339 1016 1407 παιδὶ
1050 1341 1178 1406 aradae?
1194 1345 1243 1406 -et

124 1445 221 1511 παιδὶ
245 1445 425 1533 παλαιστῇ,
448 1450 482 1510 et
501 1447 621 1527 pariter
631 1446 886 1511 discriminantur
907 1441 964 1507 filii
991 1446 1024 1506 et
1045 1439 1128 1507 filiae
1150 1441 1240 1508 lami-
1292 1496 1297 1501 .

123 1546 196 1611 lias:
229 1540 376 1632 υάεῒςῆ
408 1548 633 1636 θυγατέρες
656 1550 775 1626 παῖδας
795 1548 829 1612 id
850 1551 901 1612 est
921 1548 1026 1610 ceute
1047 1545 1138 1627 pueri
1160 1545 1240 1611 Plat.
1315 1551 1319 1561 '

123 1648 240 1728 etalii,
262 1668 290 1714 v.
313 1649 407 1714 Proll
430 1647 481 1714 54.
525 1649 712 1716 Liberorum
734 1650 900 1731 utriusque
922 1665 1016 1712 sexus
1031 1664 1144 1712 nomen
1157 1664 1240 1712 com·

122 1746 216 1816 mune
238 1756 289 1816 est
304 1757 394 1831 παῖς,
417 1751 475 1816 sed
495 1752 555 1818 hoc
577 1752 605 1816 si
627 1752 668 1816 ad
679 1749 1038 1828 lemnamtransfertur,
1060 1749 1241 1832 ambignum
1305 1808 1308 1814 ,

122 1859 295 1934 nuptamne
318 1852 472 1936 significet
493 1873 534 1919 an
556 1854 721 1933 coelibem,
757 1871 837 1934 quae
870 1852 997 1935 propria
1017 1851 1112 1917 huius
1134 1853 1240 1918 condi·

123 1955 218 2020 tionis
229 1960 305 2021 nota
316 1957 498 2038 adiungitur
510 1956 634 2023 Arrian.
646 1956 733 2021 Alex.
746 1955 792 2021 IV
806 1955 852 2022 19.
864 1956 886 2020 8
898 1955 946 2039 (5)
967 1951 1148 2041 Ὀξυάρτου
1160 1960 1241 2033 παῖς

123 2057 297 2143 παρθένος
314 2056 457 2146 Ῥωξάνη
481 2051 587 2144 άυαμα
609 2064 646 2124 ut
675 2056 824 2146 θυγάτηρ
861 2058 1030 2145 παρθένος
1063 2059 1094 2122 ἐν
1128 2054 1240 2146 ἡλικίᾳ

122 2157 232 2243 γάμου
253 2159 411 2227 Plutarch.
431 2159 533 2243 'Ages
555 2161 601 2227 XI
624 2161 658 2242 3,
692 2162 864 2243 eodemque
896 2160 1058 2226 intellectu
1089 2159 1121 2223 in
1145 2157 1240 2239 Soph.
1327 2143 1334 2156 ’

122 2262 233 2328 Trach.
256 2262 319 2329 637
342 2261 422 2351 κάρη
444 2264 690 2346 contraponitur
712 2268 753 2352 τῇ
777 2262 962 2350 ἕζευγμὲνρ,
984 2262 1073 2348 υάυρο
1090 2261 1239 2343 maritae5

121 2365 201 2431 Plat
224 2366 320 2448 Legg.
342 2366 404 2432 Vll
426 2365 488 2432 813
512 2367 539 2432 Ε
561 2366 639 2445 τοὺς
671 2362 751 2443 υἱεῖς
773 2365 807 2432 ἐν
829 2374 868 2454 τῇ
892 2363 991 2432 πόλει
1026 2366 1151 2454 παῖδας
1183 2364 1239 2430 καὶ
1289 2376 1292 2381 ”

123 2463 247 2554 diodone
268 2469 323 2535 καὶ
346 2464 449 2553 κόρυς
470 2468 525 2536 καὶ
548 2473 716 2554 pointing,
738 2467 792 2532 ubi
814 2473 949 2551 quatuor
971 2466 1239 2532 substantivorum

121 2571 366 2654 unumquodque
388 2590 479 2637 suam
499 2571 564 2637 vim
585 2569 714 2637 obtinet
759 2569 823 2635 Sed
844 2570 885 2636 ad
907 2570 1123 2651 pleonasmum
1149 2585 1238 2635 acce·

122 2674 202 2739 dunt
223 2673 377 2756 asyndeta
397 2673 491 2739 Paua.
513 2673 559 2739 IV
584 2671 622 2738 19
645 2671 794 2740 ἐνταῦθα
817 2665 894 2760 ρ’)’και
924 2667 1024 2759 κάρη
1059 2670 1117 2737 σὺν
1137 2669 1237 2758 μητρὶ

122 2775 351 2863 παρθένος,
373 2777 464 2859 isque
486 2794 548 2842 non
570 2776 692 2842 tolliturr
714 2794 761 2856 eo,
783 2775 960 2858 quodcum
983 2773 1112 2855 virginis
1129 2772 1237 2855 appel-

120 2877 237 2943 latione
258 2878 444 2961 plernmque
465 2879 624 2943 notionem
645 2878 845 2959 incorruptae
863 2877 1021 2942 castitatis
1033 2874 1236 2956 comprehen·
1328 2915 1337 2927 -

121 2980 234 3062 dimus,
255 2998 337 3064 qnae
359 2978 400 3045 ab
422 2979 478 3045 illa
499 2978 599 3045 abest
