2736 4778
355 334 420 404 nn
446 335 736 404 rmnarunsr.
781 336 821 403 c.
842 337 907 405 111.
939 341 965 424 ι.
985 336 1015 404 a.
1170 340 1244 416 535

129 523 201 600 351,
232 523 348 608 l'l.¹⁰)
402 521 460 590 Sic
488 512 601 608 ὂίωρτο
629 542 671 585 ex
696 513 796 607 ἤορτο
825 531 937 588 natum
966 544 1038 589 esse
1065 534 1192 591 constat
1211 547 1241 590 v.

127 623 305 690 Ι)1εε.ΙΙΙ.
337 644 366 689 c.
388 621 419 687 6.
453 624 480 707 ξ.
501 621 532 687 3.
576 618 661 688 Cum
684 621 808 708 duplici
829 623 973 708 genitivo
993 623 1184 708 Κρονίωνος
1209 636 1242 692 et

131 722 311 811 Κρονίονος
328 721 520 789 Eustathiru
537 721 609 801 193,
626 722 677 789 15.
698 723 824 791 confert
842 723 922 790 hoc:
950 726 1008 790 καί
1029 722 1067 791 τὸ
1092 717 1241 813 ἡνάλωτο

127 826 165 891 ἐκ
194 829 255 893 τοῦ
284 819 434 912 ἀνήλωτο
468 819 653 912 μεερλλιίγη
682 827 729 911 τῷ
756 820 867 913 χρόνῳ
897 825 954 894 καί
982 825 1021 891 sd
1051 818 1243 914 ἠναντιοῦτο

128 922 196 994 ἀπὸ
221 930 278 991 τοῦ
301 925 497 1010 ἐνρντιοῦτο.
541 925 664 993 Verum
685 925 742 1011 qui
764 921 914 1014 ἦνοίλωιο
943 927 1110 1002 dixerunt,
1143 924 1243 1013 alpha

128 1051 197 1094 non
229 1026 323 1092 aliter
351 1025 585 1113 pronunciasse
611 1027 762 1094 videntur
791 1049 890 1113 quarn
919 1028 976 1113 qui
1005 1023 1158 1095 ἀνάλωτο
1181 1027 1243 1094 hoc

130 1139 180 1194 est
204 1129 377 1216 producte,
400 1139 434 1195 et
453 1127 510 1195 illa
526 1130 692 1215 augmenti
711 1130 746 1195 in
766 1129 1044 1217 praepositionem
1068 1129 1243 1195 transfusio

128 1231 349 1319 compluribus
364 1229 470 1297 verbis
486 1231 665 1297 communis
678 1232 722 1297 ad
732 1232 831 1296 alium
842 1231 950 1296 locum
961 1231 1112 1317 pertinet.
1136 1231 1244 1298 Miror

129 1356 214 1399 vero
238 1355 294 1399 our
320 1325 525 1418 ἄνηχὲὀαται
553 1331 621 1398 sive
651 1327 831 1418 ἆκρχέαεαι
869 1343 902 1397 et
932 1332 1010 1398 huic
1047 1333 1244 1401 contrarium
1363 1358 1366 1366 ·

130 1430 306 1514 ἇναχείαεο
337 1432 542 1518 neglexerint
574 1457 674 1520 quum
708 1433 898 1520 praesertim
934 1433 1141 1520 participium
1180 1433 1242 1501 bac

127 1535 250 1600 ratione
279 1534 460 1621 explicent:
489 1531 530 1602 τό
562 1529 743 1623 ἀκηχεμένη
776 1540 882 1600 κεῖται
910 1538 1141 1612 μεταθετικῶς
1171 1529 1242 1601 ἀντὶ

124 1640 187 1703 τοῦ
208 1631 395 1720 ἇιιαχημένη
413 1633 472 1700 διὰ
492 1632 606 1717 χρείαν
626 1632 750 1719 μέτρου
770 1635 864 1700 Enst.
877 1633 950 1712 ool,
964 1635 1014 1699 12.
1051 1634 1240 1720 Subjuncti-

125 1758 183 1801 vos
208 1732 364 1816 θείομεν,
397 1731 547 1818 βείομεν,
575 1732 741 1823 ἐρείομεν,
772 1734 978 1819 τραπείομεν
1006 1735 1094 1801 idem
1124 1746 1156 1802 et
1187 1737 1241 1803 alii

126 1861 167 1902 ex
188 1833 431 1923 amphibrachis
452 1832 601 1920 θέωμεν,
623 1836 753 1920 βέωμεν
773 1835 876 1901 factos
900 1857 972 1901 esse
995 1838 1136 1916 tradunt,
1154 1861 1238 1926 pro-

127 1940 224 2006 ducta
254 1959 315 2024 per
346 1934 540 2023 epenthesin
569 1936 688 2024 prima,
722 1948 873 2023 correpta
898 1936 998 2002 altera
1005 1963 1014 2015 ;
1051 1941 1111 2005 sed
1136 1951 1238 2005 meta-

126 2041 228 2107 thesis
256 2039 405 2117 nomine‚
437 2037 528 2124 quod
558 2036 611 2104 hic
639 2037 778 2103 maxime
807 2048 921 2125 aptum
950 2050 1034 2116 erat,
1067 2038 1240 2117 abstinent,

126 2151 258 2208 utuntur
274 2142 351 2207 vero
376 2138 433 2205 ubi
457 2161 573 2226 parum
595 2138 747 2204 convenit
764 2137 799 2204 in
821 2139 1019 2226 participiis:
1049 2139 1083 2206 έν
1109 2144 1156 2229 τῷ
1180 2140 1240 2226 ἒμ-

125 2245 301 2330 ιτεφοῶτες
329 2237 585 2325 ὑπερβιβασμὸς
614 2236 743 2325 ἐγένετο
772 2243 831 2306 τοῦ
859 2238 980 2325 χρόνον
1008 2236 1117 2327 ὥςπερ
1138 2241 1173 2309 ἒν
1194 2245 1241 2332 τῷ

126 2343 308 2428 Κρονίονος
337 2340 501 2409 Choerob.
531 2339 612 2406 Can.
637 2339 710 2419 829,
732 2341 785 2406 34.
812 2341 923 2429 Epim.
949 2341 978 2407 l.
1007 2341 1081 2421 364,
1102 2343 1239 2411 20-30.

125 2444 249 2511 scilicet
278 2443 357 2531 quia
384 2444 521 2531 πέφυκα
545 2441 678 2528 ypsilon
704 2441 840 2528 longum
861 2441 969 2508 habet
1014 2445 1137 2511 Verum
1158 2444 1240 2509 illud

124 2547 165 2612 ab
188 2545 364 2613 indicativo
389 2544 510 2630 πίφυα·
530 2542 710 2609 derivatum
732 2555 839 2611 estut
861 2543 982 2624 δεδιώς
1006 2569 1026 2609 a
1047 2547 1143 2614 δέδια
1168 2569 1241 2611 cum

124 2649 227 2715 ectasi
253 2645 450 2733 penultimae
482 2654 519 2709 ut
547 2651 726 2732 γεγαῶτες,
762 2649 941 2731 βεβαῶτες.
995 2647 1119 2735 Aptius
1147 2647 1241 2713 affert

123 2747 315 2816 Eustathius
343 2747 424 2824 282,
444 2746 497 2812 38.
524 2747 564 2813 τὸ
592 2749 765 2831 μεμαῶτες
797 2745 942 2812 ἐνταῦθα
974 2747 1035 2832 μέν
1064 2748 1239 2835 ἕμεγιίλυνε

127 2851 182 2939 τὴν
205 2844 467 2936 παραλήγουσαν
495 2842 712 2930 ἱωνικιίτερον
738 2848 795 2914 καί
822 2845 881 2937 τὴν
908 2847 1239 2938 προπαραλήγσυσαν

126 2950 345 3025 συνέστειλεν,
369 2940 512 3029 ἀλλαχοῦ
536 2947 573 3015 δὲ
601 2948 654 3032 (Β
679 2946 768 3030 818.)
797 2947 856 3034 τὴν
879 2945 1142 3034 παραλήγουσαν
1163 2975 1237 3014 κοι-

123 3048 260 3135 νότερον
283 3045 471 3134 έσμίκρυνε,
493 3046 554 3132 τὴν
575 3046 612 3113 δὲ
640 3044 973 3132 προσαραλήγουσαν
1000 3046 1138 3125 ἐξέτεινε
1167 3074 1237 3134 με-

123 3149 273 3237 μαότες
294 3147 482 3237 ἐγχείῃσι.
515 3148 609 3212 Haec
630 3168 650 3211 a
670 3145 777 3212 verbis
799 3146 889 3233 puris
913 3147 1010 3213 ducta
1026 3158 1111 3226 sunt,
1135 3172 1155 3213 a
1171 3173 1238 3215 non

124 3276 207 3341 puro
233 3250 421 3319 Meinekius
450 3247 561 3315 Anall.
588 3247 661 3314 382.
689 3248 802 3334 posuit
827 3248 860 3313 in
887 3248 1060 3315 Heliodori
1090 3251 1237 3316 versibus

122 3351 320 3442 ὀφθαλμοῖς
353 3346 503 3437 ἆραριῦσι
534 3349 691 3432 καλύψας
720 3351 822 3436 idque
854 3373 874 3415 a
906 3351 1048 3430 testatis,
1083 3374 1166 3438 quae
1197 3355 1239 3420 ad

121 3458 244 3521 Buttm.
262 3454 315 3521 36.
337 3451 494 3531 indicavi,
516 3451 614 3517 etiam
635 3451 699 3518 hoc
721 3453 854 3519 nomine
876 3453 1015 3520 discedit
1033 3456 1123 3540 quod
1145 3468 1236 3523 ante·

121 3555 335 3645 penultimam
355 3552 486 3621 brevem
507 3551 620 3631 habet,
649 3575 733 3640 quae
756 3554 881 3640 syllaba
903 3566 977 3621 ante
998 3557 1129 3644 longam
1151 3582 1234 3648 pen-

121 3658 267 3723 ultimam
293 3655 432 3743 produci
458 3655 542 3721 solet
571 3659 779 3740 τετριγῶτες,
809 3663 1019 3745 κεκλργιῦτες.
1076 3661 1129 3726 De
1161 3660 1236 3752 ἐλή-

121 3763 230 3844 λαμαι
253 3782 337 3846 quae
359 3757 453 3823 luerit
469 3756 653 3822 Herodiani
676 3758 837 3823 sententia
859 3770 954 3824 antea
976 3761 1054 3826 dixi.
1103 3761 1238 3843 Πίομοιι

122 3873 156 3927 et
174 3864 319 3940 ruodpert
338 3858 529 3924 Eustathius
548 3859 621 3938 943,
639 3860 692 3925 44.
711 3871 846 3948 propter
867 3863 1038 3949 enallagen
1056 3874 1238 3949 temporum

122 3961 248 4026 conlert
271 3982 344 4025 cum
364 3955 500 4041 Σιδόνος
521 3972 553 4027 et
569 3963 731 4042 Σιδῶνος,
755 3963 961 4051 Κρονίωνος,
992 3958 1118 4049 ὄρωρεν
1148 3964 1237 4027 aliis-

193 4199 237 4266 10)
257 4199 333 4253 Addi
351 4206 484 4271 poterant
506 4199 624 4255 nominis
648 4197 704 4274 ᾐών
728 4217 808 4255 casus
834 4197 941 4268 obliqui
966 4205 995 4251 et
1016 4190 1113 4272 ᾐόνιος.
1151 4199 1237 4272 Apud

122 4283 225 4341 Zonar.
241 4303 262 4341 s.
275 4281 425 4362 Ἐοίρναζον
436 4288 496 4344 tta.
509 4303 561 4361 pro
576 4282 775 4361 παραλήγουσα
787 4300 872 4355 prave
886 4283 990 4341 editum
1003 4291 1046 4340 est
1061 4285 1233 4360 παραλλαγή.
