2736 4778
360 381 425 446 nu
449 379 741 448 umrnrunsr.
784 379 893 448 uu
926 384 1005 469 §.a
1166 387 1247 461 ιιι.

303 590 369 630 una
403 565 541 651 incipiat
571 587 733 644 consona,
766 565 867 630 altera
899 589 919 630 a
950 564 1075 632 duabus
1090 569 1247 684 'syllepsi

336 663 486 752 ἀριθμός
509 677 540 731 et
566 657 748 752 ι’ίγλαυρος,
781 688 920 753 quorum
945 665 1027 731 illud
1049 668 1187 754 primam
1210 681 1245 739 et

351 790 370 833 e
400 766 576 832 secundam
609 777 642 832 et
670 766 797 833 tertiam
826 778 1025 846 commutat3
1055 768 1244 860 Σιμωνίδης

382 864 521 954 ’μιβρόιι
542 860 618 936 elne
638 864 720 937 καθ’
744 864 943 954 ὑπέρθεσιν
966 868 1005 938 iu
1026 867 1064 935 δὲ
1083 872 1144 939 τοῦ
1165 864 1245 956 ἆμι-

449 970 530 1034 ΕΜ.
553 969 604 1046 83,
625 971 678 1035 42.
708 971 798 1055 quod
819 969 1091 1039 Schneidewinus
1113 993 1147 1059 p.
1171 971 1245 1040 125.

473 1082 487 1135 t
521 1081 557 1135 ut
592 1069 717 1157 syllaba
751 1071 861 1137 media
892 1072 1145 1161 produceretur,
1183 1072 1246 1141 etsi

419 1172 547 1258 lyricos
568 1173 699 1260 saepius
722 1173 918 1260 productum
938 1174 1007 1240 iota
1024 1173 1124 1241 hebet
1146 1197 1246 1260 quam

354 1275 536 1360 Λγλουρος
552 1285 585 1339 et
602 1266 765 1360 ίίγραυλος
783 1298 884 1361 quum
900 1274 976 1342 alibi
994 1275 1029 1341 in
1047 1275 1145 1341 codd.
1163 1298 1245 1343 eon-

266 1387 396 1439 nttum
424 1375 459 1440 in
484 1375 559 1440 Nic
582 1374 646 1440 Th.
668 1374 720 1440 62.
744 1398 806 1442 nec
831 1376 1117 1464 praetermiserunt
1142 1377 1244 1443 inter-

186 1498 257 1543 cs:
280 1470 442 1563 οίγλαυροι
465 1474 618 1560 ποταμοί
643 1473 676 1543 ολ
698 1478 850 1563 λαμπροί
870 1477 956 1544 κατὰ
977 1475 1160 1561 μετάθεσιν
1179 1484 1247 1548 τῶν

85 1576 302 1701 στοιχείων
324 1568 442 1645 αἶαν’
420 1603 528 1663 uypou
521 1574 639 1644 λοισι
666 1575 812 1647 natot’
791 1605 811 1665 η
837 1577 896 1645 καὶ
921 1573 956 1645 ol
984 1569 1176 1664 ἀγλαὰς
1140 1570 1247 1665 αιίρας

126 1676 254 1763 ἔχοντες
279 1672 301 1764 ἢ
328 1675 361 1745 ολ
389 1678 618 1760 ὁιαλελυμίυοι
640 1677 698 1744 καί
720 1676 888 1767 υρυφεροί.
931 1680 1061 1744 Harum
1083 1678 1244 1768 interpre-

126 1781 286 1847 tationum
319 1779 409 1844 nulla
443 1789 493 1843 est
527 1801 613 1864 quae
648 1802 716 1846 non
749 1780 791 1845 ad
828 1780 1020 1867 scripturam
1056 1780 1249 1849 tralaticium

126 1875 295 1969 ι’ίγλαυρος
314 1880 485 1956 referatur,
515 1880 582 1945 sive
604 1881 638 1944 id
661 1882 800 1968 simplex
822 1904 894 1948 esse
917 1892 1052 1969 putatur
1075 1883 1145 1948 sive
1171 1906 1246 1949 cum

129 1977 218 2069 αἷίρα
240 1981 459 2068 compositum
481 1981 528 2045 sie
551 1991 588 2045 ut
608 1983 661 2048 vel
686 1982 815 2069 limpidi
838 1982 929 2047 fluvii
950 1983 1174 2069 significentur
1194 1985 1247 2052 vel

128 2085 234 2172 aprici
250 2082 420 2168 ventisque
440 2082 593 2168 expositi.
635 2084 681 2147 Et
696 2084 753 2168 qui
770 2083 812 2149 de
826 2082 998 2150 metathesi
1014 2083 1142 2171 loquuti
1159 2098 1247 2166 suut,

129 2181 298 2274 ἄγραυλος
318 2185 452 2271 quidem
473 2183 629 2269 scriptum
652 2183 844 2249 invenerunt
864 2185 923 2250 sed
944 2183 979 2250 id
1000 2207 1061 2272 pro
1081 2177 1249 2273 ίίγλαυρος

129 2288 274 2376 positum
301 2308 375 2353 esse
402 2296 596 2351 sumserunt.
641 2285 863 2353 Schneiderus
891 2309 968 2354 vero
989 2286 1066 2372 jure
1094 2288 1249 2375 praetulit

131 2384 315 2476 ὄίγλαυρος,
346 2386 438 2473 quod
464 2386 554 2451 idem
581 2397 681 2473 poeta
707 2410 737 2452 v.
759 2387 834 2456 441.
864 2412 924 2475 pro
953 2387 1092 2474 simplici
1120 2383 1248 2474 ἀγλαός

129 2489 300 2578 usurpavit
321 2488 362 2554 ci.
376 2487 478 2554 Proll.
493 2487 566 2553 259.
610 2490 729 2574 Aeque
747 2489 872 2554 fluxum
887 2498 938 2554 est
955 2488 1110 2554 herolnae
1126 2509 1247 2555 nomen

128 2615 160 2658 v.
182 2591 271 2657 Keil.
302 2590 425 2657 Onom.
445 2589 499 2655 42.
529 2588 618 2654 unde
648 2589 784 2654 demum
806 2591 940 2656 atticum
961 2583 1147 2677 Ἀγραυλήν
1177 2589 1248 2658 sive

121 2689 286 2780 Ἀγρυλήυ
302 2683 544 2759 denominatum
562 2691 683 2755 dieunt.
722 2690 824 2774 Quod
840 2691 961 2759 Suidus
982 2691 1114 2779 scripsit
1128 2685 1246 2778 Ἀβρι-

128 2795 285 2878 κέστερου
306 2787 544 2880 ἀληθέστερον,
567 2815 609 2857 ex
631 2814 740 2858 errore
761 2803 873 2859 natum
894 2793 1032 2859 habetur
1059 2816 1119 2880 pro
1146 2790 1246 2878 ἄκρι-

127 2895 298 2980 βέστερου.
340 2893 441 2959 Nulla
459 2915 536 2960 vero
558 2892 702 2980 suspicio
724 2895 887 2980 contingit
905 2893 1005 2959 verba
1023 2892 1196 2982 ψαθοίλλιο
1215 2904 1248 2960 et

130 2991 310 3082 φυλάττω,
345 3016 485 3079 quorum
512 3003 686 3078 utrumque
715 3016 736 3057 a
764 2991 846 3078 ψοίιυ
878 2995 1056 3059 derivatum
1084 3005 1151 3070 est,
1183 2992 1250 3061 hec

129 3104 309 3183 praeeunte
325 3093 426 3162 verbo
445 3092 577 3201 ψάλλω,
598 3093 680 3157 illud
698 3093 792 3178 quasi
814 3117 834 3158 a
853 3091 970 3183 ψὴθιο,
992 3095 1084 3179 eujus
1103 3093 1257 3180 speciem

129 3195 229 3262 refert
253 3217 374 3262 nomen
403 3182 571 3280 ψαθυρός
598 3193 666 3259 sive
694 3191 865 3295 ψαθυρος.
909 3197 1033 3264 Verum
1054 3219 1158 3263 nons
1143 3196 1249 3262 solum

128 3296 306 3364 continuae
329 3294 473 3384 syllabae
494 3315 656 3362 consonas
677 3294 812 3362 interae
831 3297 1059 3364 transfundunt
1075 3297 1134 3363 sed
1151 3297 1249 3364 etiam

130 3399 329 3484 disjunctae:
356 3395 454 3485 παρὰ
481 3393 520 3462 τὸ
549 3390 728 3481 (lucidulam
751 3389 947 3480 ἅμιίλδαιου
978 3398 1016 3465 τὸ
1042 3394 1169 3488 &pavis
1190 3396 1250 3467 καὶ

129 3493 326 3584 ἇμοίιόαλον
352 3492 439 3586 παρ’
461 3491 609 3587 Ἀλκαίῳ
642 3498 723 3564 ΕΜ.
750 3497 807 3576 76,
835 3497 888 3565 51.
916 3499 1005 3565 unde
1037 3509 1087 3565 est
1114 3499 1249 3568 verbum

123 3593 338 3684 Ἀμαιδολολ
358 3591 512 3688 ἀφανίζει
522 3599 607 3665 Hes.
634 3599 739 3665 Non'
729 3608 776 3665 rta
791 3599 918 3666 facilem
934 3600 1132 3691 explicatum
1148 3601 1249 3670 habet

126 3700 282 3766 alterum·
303 3694 459 3785 βόλιμος·
477 3697 538 3788 τὴν
558 3697 766 3787 παραγωγὴν
785 3693 958 3772 ἀπέδωκα·
986 3704 1043 3772 οιαὶ
1062 3702 1102 3772 τὸ
1127 3727 1251 3793 σημαι-

129 3799 268 3884 νόμοισι
283 3798 390 3880 οἷίιοις
407 3787 506 3889 εὗρον
522 3795 572 3879 εἷς
586 3824 624 3867 ιο
614 3799 819 3890 ῥητορικὸν
840 3802 979 3884 λεξιιιόι.
994 3795 1090 3871 ’Ἐστι
1106 3798 1251 3888 μόλιβος

128 3901 187 3969 καὶ
207 3925 292 3968 nuru
279 3896 489 3990 διαλλαγὴν
502 3897 645 3985 βόλιμος
657 3922 755 3989 παρα
743 3897 1011 3990 Συρακουσίοις
1020 3903 1099 3969 ΕΜ.
1110 3903 1184 3980 204,
1194 3901 1249 3971 39.

131 4003 200 4069 Hic
228 4023 419 4091 peragogae
448 4000 573 4069 mentio
602 3999 725 4077 clamm
749 4000 831 4069 iacit
852 4003 1106 4073 Grammatmum
1129 4024 1250 4071 nomen

128 4104 273 4190 βόλιμος
294 4125 355 4190 pro
378 4101 523 4168 derivato
539 4100 705 4169 habuisse.
749 4103 992 4188 Quaerentibus
1010 4125 1087 4168 veru
1109 4103 1198 4169 unde
1214 4103 1251 4175 iu

128 4205 312 4271 derivatum
342 4203 532 4281 crediderit,
564 4202 647 4269 nihil
678 4203 774 4270 citius
807 4204 842 4269 in
869 4215 1009 4270 mentem
1038 4203 1126 4270 venit
1152 4227 1251 4292 quam

127 4302 251 4390 βόλος,
274 4305 367 4392 cujus
387 4303 538 4392 proxima
558 4326 711 4393 propago
734 4315 785 4371 est
804 4302 909 4389 βολίς.
953 4307 1030 4373 Hoc
1058 4319 1166 4374 autem
1188 4330 1250 4375 uo-

975 4408 1042 4477 ffi*
