2736 4778
152 307 217 373 DE
237 305 507 374 PROSTHESI
526 304 589 369 ΕΤ
611 305 872 374 APHAERESI.
906 306 945 375 0.
963 309 1043 377 VII·
1098 315 1171 388 145

54 514 174 557 nomen
196 487 402 573 ὕσπληγξ
376 509 406 551 sr
431 483 623 569 praesertim
644 493 769 549 vectem
788 487 1005 557 remissorium
1026 491 1095 559 sive
1120 513 1173 559 re·

54 592 180 681 pagula
212 588 373 662 declarat,
407 605 494 669 quae
525 592 592 648 est
606 581 816 647 usitatissima
847 584 1057 668 siguifloatiQ
1093 591 1174 676 quin

55 693 157 758 etiam
173 687 231 754 ubi
249 707 310 773 pro
328 680 525 771 βούκεντρον
543 682 670 760 dicitur,
694 682 866 749 manilesto
888 704 909 747 a
929 685 1067 772 ινλήσσω
1087 690 1173 756 dori·

54 803 168 858 vatum
193 798 261 863 est;
282 807 360 904 nam
381 783 469 848 idem
491 784 741 850 instrumentum
763 783 952 848 nominatur
971 782 1123 871 βούπληξ
1143 800 1176 855 ct

58 890 294 978 βούπληντρος
316 877 447 952 αἰιαινα.
489 883 608 968 Neque
632 896 739 950 tomen
761 883 870 969 placet
894 883 1021 969 quod
1011 907 1047 949 ιιι
1066 886 1177 971 Epim.

59 993 88 1056 I.
108 991 181 1071 340,
202 989 256 1054 24.
280 985 414 1062 dicitur,
442 1005 484 1048 ex
510 979 671 1072 ὑπόπληξ
697 995 900 1055 conmotam
928 1006 1011 1051 esse.
1059 985 1180 1070 Itaque

61 1088 187 1153 nomini
211 1084 366 1173 ὕσπληγξ
387 1082 575 1170 prosthesin
598 1084 760 1151 biliteram
782 1084 930 1170 quamvis
954 1098 1181 1172 repugnanter

63 1187 282 1255 concedimus.

144 1305 199 1368 De
216 1299 360 1386 syllabae
375 1298 502 1386 primae
523 1299 705 1385 abjectione
721 1302 803 1369 nihil
825 1302 1002 1387 antiquitus
1023 1302 1178 1369 traditum

57 1402 188 1470 invenio
215 1401 278 1467 uisi
304 1399 388 1465 illud
415 1399 642 1485 pervulgatum
666 1404 758 1486 quod
782 1403 824 1467 ad
848 1402 1011 1468 delectum
1035 1425 1178 1490 praepo·

59 1506 214 1569 sitionum
227 1502 360 1566 attinet:
380 1492 448 1587 ἦρα
466 1500 504 1565 τὸ
523 1499 648 1578 ἐντελὲς
666 1501 791 1590 ἐπίηρα
808 1502 885 1570 sch.
900 1503 968 1569 Od.
979 1503 1113 1570 XVIII.
1125 1505 1177 1570 56.

59 1605 189 1687 dequo
212 1599 434 1667 conuoversia
456 1611 507 1664 est
522 1599 611 1665 inter
631 1601 803 1668 doctorum
825 1602 1017 1680 sententias,
1050 1613 1083 1669 et
1115 1596 1178 1686 ὅχα
1286 1682 1290 1688 ,

61 1698 137 1769 ιιαν>
161 1697 345 1790 ἀφαίρεσιν
366 1703 427 1784 τῆς
448 1697 486 1778 ἐξ
506 1702 723 1785 προθέσεως·
746 1701 817 1770 ἔστι
843 1701 880 1770 δὲ
906 1703 1077 1792 ἐπίρῥημα
1104 1699 1180 1771 ὀνο-

58 1798 202 1888 ματικόν
221 1801 303 1867 ΕΜ.
324 1799 399 1876 644,
417 1799 470 1863 47.
492 1801 602 1886 Epim.
614 1802 642 1866 Ι.
655 1803 728 1868 319.
772 1804 815 1869 Id
836 1813 940 1869 totum
960 1802 1065 1887 rejicit
1083 1804 1180 1870 Butt-

59 1920 212 1967 manuus·
218 1901 287 1965 veri
310 1923 346 1965 se
366 1900 516 1984 ignarum
534 1902 712 1987 professus.
758 1905 827 1972 Sed
848 1914 1035 1990 opportuna
1053 1904 1182 1968 videtur

59 2000 228 2070 Eustathii
252 2001 454 2087 comparatio
484 2024 517 2087 p.
540 2001 599 2077 54,
618 2004 687 2067 42.-
701 2002 736 2069 ἐν
756 2009 804 2089 sti
828 1995 891 2085 ὄχοι
913 1997 1069 2069 λείπει(
1051 2029 1071 2088 η
1095 2000 1183 2087 πρό-

59 2109 161 2180 θεσις
188 2100 226 2182 ἐξ
249 2100 347 2167 καθὰ
377 2098 477 2167 auli
480 2105 569 2189 νεῷ
584 2093 726 2188 ”,Ὀχη
713 2094 795 2186 όρος
817 2101 853 2169 δὲ
875 2075 974 2168 rorico
1001 2099 1180 2188 ἐξέχονθθ)

62 2203 244 2287 eademque
259 2199 455 2287 significatio
468 2200 663 2265 eminentiae
676 2200 804 2266 reddita
816 2211 865 2268 est
879 2202 1064 2288 conjugatis
1074 2196 1182 2284 ὄχθος

62 2315 97 2368 ει
118 2295 221 2390 όχθη,
250 2301 369 2388 quibus
394 2300 437 2368 ob
467 2301 604 2366 similem
631 2302 824 2388 epenthesin
847 2303 958 2368 literae
982 2303 1072 2369 theta
1099 2324 1179 2369 con·

61 2403 197 2470 ferenda
224 2413 301 2468 sunt
328 2397 391 2490 ὅχή
418 2397 439 2488 ἡ
467 2400 579 2489 τροφή
608 2401 644 2466 id
672 2413 722 2468 est
751 2406 998 2470 sustentaculum
1024 2408 1180 2485 corporis,

62 2515 100 2569 ut
121 2503 161 2568 ab
180 2503 370 2591 Augustino
391 2502 584 2589 appellatur,
606 2514 639 2568 et
659 2496 798 2584 siioxdog
818 2526 893 2570 cum
909 2501 1010 2568 verbo
1027 2499 1181 2582 εὖοχθεῖν

64 2604 150 2671 κατὰ
178 2602 392 2683 πλεονασμὸν
418 2607 480 2672 τοῦ
500 2591 543 2670 θ
561 2603 673 2671 Schol.
694 2605 776 2670 Hes.
801 2606 895 2693 Opp.
917 2603 991 2668 475.
1017 2624 1082 2688 quo
1106 2603 1181 2669 loeo

62 2725 131 2768 non
150 2699 354 2784 εὐωχεῖσθαι
375 2702 575 2789 significanti
597 2705 657 2769 sed
678 2698 713 2771 εὖ
736 2702 821 2786 ligera
842 2705 909 2770 sive
927 2698 1088 2791 εὐθηνεῖν.
1123 2703 1181 2772 Sio

63 2805 165 2891 igitur
193 2803 354 2870 sententia
381 2815 444 2881 est,
474 2803 573 2870 verba
601 2799 686 2887 ἔχειν
712 2820 744 2870 ει
766 2800 855 2886 ὀχεῖν
881 2805 1081 2891 respondere
1104 2828 1180 2891 ger-

62 2904 214 2982 manicis,
244 2926 329 2989 quae
358 2904 501 2971 Graffius
529 2905 564 2970 in
592 2905 719 2971 Lexico
747 2905 846 2991 Ling.
870 2905 981 2972 Germ.
1011 2907 1054 2970 ad
1082 2929 1181 2971 unam

64 3007 202 3091 stirpem
222 3005 320 3071 refert
347 3009 445 3073 lutea
467 3016 500 3071 et
519 3008 630 3082 lobea,
660 3016 694 3071 et
714 3005 789 3069 hine
812 3026 880 3069 nou
903 3005 1008 3069 solum
1032 3006 1182 3071 elevandi

64 3119 100 3173 et
127 3105 308 3173 sustinendi
329 3105 545 3171 instrumenta
562 3104 721 3170 nominari
743 3097 825 3184 ι’ίχιις
844 3107 943 3177 vetet,
970 3099 1065 3184 ὄχεύς
1087 3110 1182 3171 uectis

65 3208 126 3274 sed
148 3206 247 3272 etiam
264 3201 324 3294 ὄχή
344 3206 478 3294 proprie
496 3206 680 3292 significare
695 3207 745 3270 die
756 3205 902 3289 Herone,
927 3215 959 3268 et
975 3195 1028 3285 ὄχ’
1046 3195 1184 3287 dicturos

64 3315 237 3377 eminenter
256 3311 402 3391 οριίιιιιιι,
422 3329 533 3393 neque
549 3307 646 3371 alium
663 3305 860 3371 intellectum
878 3304 999 3371 habere
1017 3300 1116 3386 ἔξοχα
1128 3307 1182 3390 10)

66 3411 158 3496 quod
187 3408 266 3495 quia
294 3409 481 3497 expressius
511 3419 561 3475 est
588 3408 741 3492 idemque
769 3406 939 3485 usitatius,
968 3406 1091 3473 idcirco
1118 3398 1183 3489 ῧχα

66 3511 175 3599 ellipsi
197 3511 389 3599 apponitur,
418 3532 517 3597 quam
536 3518 661 3576 veteres
681 3509 789 3574 minus
816 3507 968 3595 apposite
988 3506 1183 3594 aphaeresin

65 3621 194 3676 vocant.
239 3611 506 3700 Praepositiones
525 3632 626 3698 saepe
641 3621 760 3697 poetae
776 3607 971 3674 subtrahant
986 3618 1055 3677 tum
1070 3609 1105 3674 in
1120 3632 1183 3674 no-

65 3710 209 3777 minibus
225 3712 351 3799 χείριος
366 3712 510 3778 dicentes
526 3733 588 3799 pro
603 3709 795 3795 ὑποχείριος
808 3719 846 3774 ut
857 3709 1000 3796 Tragici,
1016 3708 1185 3800 τάῤῥοθος

139 3947 186 4015 tt)
198 3942 267 4017 Ὄχη
287 3943 317 4002 εὖ
336 3951 470 4018 μέγιστον
488 3947 543 4001 τῶν
561 3945 682 4000 ἐνταῦθα
700 3941 774 4016 ὀρῶν
791 3943 885 3999 Strab.
900 3943 938 4000 X.
953 3947 1012 3999 tlt.

139 4049 187 4116 70)
206 4047 236 4103 Si
252 4042 304 4118 ὅχιι
317 4047 432 4120 proprie
445 4045 551 4118 ὀχυρῶς
562 4045 659 4116 firme,
677 4046 764 4102 valde
780 4046 920 4118 siguificat
938 4055 969 4100 ut
980 4042 1184 4101 Doederleinio

67 4134 183 4187 videtur
200 4132 266 4203 Syn.
280 4133 317 4187 11.
337 4135 380 4186 tl.
400 4128 444 4203 og*
467 4127 577 4204 ciprum
593 4131 681 4187 multo
699 4131 784 4188 alium
803 4131 978 4188 intellectum
996 4130 1083 4186 habet
1099 4137 1185 4202 atque

68 4212 182 4287 liox'd
185 4233 284 4290 (aaron

122 4304 160 4343 uo
168 4237 201 4345 tis
209 4305 256 4353 ο,ι
274 4303 365 4344 ιἰιιοι
936 4299 976 4365 10
