<?xml version="1.0" encoding="UTF-8"?>
<!DOCTYPE html PUBLIC "-//W3C//DTD XHTML 1.0 Transitional//EN"
    "http://www.w3.org/TR/xhtml1/DTD/xhtml1-transitional.dtd">
<html xmlns="http://www.w3.org/1999/xhtml" xml:lang="en" lang="en">
 <head>
  <title>
</title>
<meta http-equiv="Content-Type" content="text/html;charset=utf-8" />
  <meta name='ocr-system' content='tesseract 3.04.00' />
  <meta name='ocr-capabilities' content='ocr_page ocr_carea ocr_par ocr_line ocrx_word'/>
</head>
<body>
  <div class='ocr_page' id='page_1' title='image "./pathologiaegrae00lobegoog_0364.png"; bbox 0 0 2736 4778; ppageno 0'>
   <div class='ocr_carea' id='block_1_1' title="bbox 210 360 1247 437">
    <p class='ocr_par' dir='ltr' id='par_1_1' title="bbox 210 360 1247 437">
     <span class='ocr_line' id='line_1_1' title="bbox 210 360 1247 437; baseline -0.006 0"><span class='ocrx_word' id='word_1_1' title='bbox 210 362 286 437; x_wconf 78' lang='lat'><strong>358</strong></span> <span class='ocrx_word' id='word_1_2' title='bbox 494 360 813 431; x_wconf 71' lang='lat' dir='ltr'><strong>Dlsssmsrlo</strong></span> <span class='ocrx_word' id='word_1_3' title='bbox 835 363 884 431; x_wconf 88' lang='lat'><strong>11.</strong></span> <span class='ocrx_word' id='word_1_4' title='bbox 927 364 967 432; x_wconf 88' lang='grc' dir='ltr'><strong>Ρ.</strong></span> <span class='ocrx_word' id='word_1_5' title='bbox 982 365 1030 433; x_wconf 92' lang='lat'><strong>11.</strong></span> <span class='ocrx_word' id='word_1_6' title='bbox 1124 380 1127 385; x_wconf 81' lang='grc'><strong>’</strong></span> <span class='ocrx_word' id='word_1_7' title='bbox 1241 410 1247 431; x_wconf 89' lang='grc'><strong>.</strong></span> 
     </span>
    </p>
   </div>
   <div class='ocr_carea' id='block_1_2' title="bbox 99 537 1326 1951">
    <p class='ocr_par' dir='ltr' id='par_1_2' title="bbox 99 537 1326 1951">
     <span class='ocr_line' id='line_1_2' title="bbox 207 537 1326 636; baseline 0.008 -25"><span class='ocrx_word' id='word_1_8' title='bbox 207 537 335 635; x_wconf 81' lang='grc' dir='ltr'><strong><em>όψόθι,</em></strong></span> <span class='ocrx_word' id='word_1_9' title='bbox 383 539 500 612; x_wconf 78' lang='grc' dir='ltr'><strong><em>οἴκοθι</em></strong></span> <span class='ocrx_word' id='word_1_10' title='bbox 532 554 593 612; x_wconf 89' lang='lat' dir='ltr'><strong>etc.</strong></span> <span class='ocrx_word' id='word_1_11' title='bbox 625 546 694 614; x_wconf 85' lang='lat' dir='ltr'><strong>non</strong></span> <span class='ocrx_word' id='word_1_12' title='bbox 729 561 979 636; x_wconf 88' lang='lat' dir='ltr'><strong>componuntur.</strong></span> <span class='ocrx_word' id='word_1_13' title='bbox 1033 550 1099 616; x_wconf 90' lang='lat' dir='ltr'><strong>His</strong></span> <span class='ocrx_word' id='word_1_14' title='bbox 1137 552 1326 625; x_wconf 75' lang='lat' dir='ltr'>inconsulte</span> 
     </span>
     <span class='ocr_line' id='line_1_3' title="bbox 99 637 1323 747; baseline 0.007 -33"><span class='ocrx_word' id='word_1_15' title='bbox 99 720 102 726; x_wconf 63' lang='grc'><strong><em>,</em></strong></span> <span class='ocrx_word' id='word_1_16' title='bbox 207 646 467 714; x_wconf 69' lang='lat' dir='ltr'><strong>intermiscentur</strong></span> <span class='ocrx_word' id='word_1_17' title='bbox 498 637 606 747; x_wconf 54' lang='grc' dir='ltr'><strong><em>ἄγχι,-</em></strong></span> <span class='ocrx_word' id='word_1_18' title='bbox 628 643 711 735; x_wconf 72' lang='lat' dir='ltr'><strong>ists,</strong></span> <span class='ocrx_word' id='word_1_19' title='bbox 751 647 844 738; x_wconf 72' lang='grc' dir='ltr'><strong><em>τῆλε,</em></strong></span> <span class='ocrx_word' id='word_1_20' title='bbox 881 671 967 736; x_wconf 89' lang='lat' dir='ltr'><strong>quae</strong></span> <span class='ocrx_word' id='word_1_21' title='bbox 1005 650 1080 738; x_wconf 86' lang='lat' dir='ltr'><strong>ipsa</strong></span> <span class='ocrx_word' id='word_1_22' title='bbox 1117 651 1221 718; x_wconf 89' lang='lat' dir='ltr'><strong>lorma</strong></span> <span class='ocrx_word' id='word_1_23' title='bbox 1261 655 1323 723; x_wconf 83' lang='lat' dir='ltr'><strong>de·</strong></span> 
     </span>
     <span class='ocr_line' id='line_1_4' title="bbox 206 736 1325 844; baseline 0.004 -26"><span class='ocrx_word' id='word_1_24' title='bbox 206 750 306 818; x_wconf 85' lang='lat' dir='ltr'><strong>clarat</strong></span> <span class='ocrx_word' id='word_1_25' title='bbox 341 770 409 819; x_wconf 89' lang='lat' dir='ltr'><strong>non</strong></span> <span class='ocrx_word' id='word_1_26' title='bbox 443 768 517 813; x_wconf 88' lang='lat' dir='ltr'><strong>cum</strong></span> <span class='ocrx_word' id='word_1_27' title='bbox 554 750 598 815; x_wconf 74' lang='lat' dir='ltr'><strong>a</strong></span> <span class='ocrx_word' id='word_1_28' title='bbox 619 760 652 816; x_wconf 90' lang='lat' dir='ltr'><strong>et</strong></span> <span class='ocrx_word' id='word_1_29' title='bbox 670 736 719 817; x_wconf 66' lang='lat' dir='ltr'><strong>or</strong></span> <span class='ocrx_word' id='word_1_30' title='bbox 743 751 926 839; x_wconf 82' lang='lat' dir='ltr'><strong>composita</strong></span> <span class='ocrx_word' id='word_1_31' title='bbox 949 751 1009 817; x_wconf 90' lang='lat' dir='ltr'><strong>sed</strong></span> <span class='ocrx_word' id='word_1_32' title='bbox 1032 751 1171 820; x_wconf 85' lang='lat' dir='ltr'><strong>maxime</strong></span> <span class='ocrx_word' id='word_1_33' title='bbox 1193 755 1325 844; x_wconf 72' lang='lat' dir='ltr'><strong>simpli·-</strong></span> 
     </span>
     <span class='ocr_line' id='line_1_5' title="bbox 205 849 1323 944; baseline 0.006 -25"><span class='ocrx_word' id='word_1_34' title='bbox 205 851 257 920; x_wconf 88' lang='lat' dir='ltr'><strong>cia</strong></span> <span class='ocrx_word' id='word_1_35' title='bbox 278 861 313 918; x_wconf 89' lang='lat' dir='ltr'><strong>et</strong></span> <span class='ocrx_word' id='word_1_36' title='bbox 330 869 519 938; x_wconf 80' lang='lat' dir='ltr'><strong>sparagoga</strong></span> <span class='ocrx_word' id='word_1_37' title='bbox 539 870 622 915; x_wconf 86' lang='lat' dir='ltr'><strong>esse.</strong></span> <span class='ocrx_word' id='word_1_38' title='bbox 665 849 721 916; x_wconf 89' lang='lat' dir='ltr'><strong>Ab</strong></span> <span class='ocrx_word' id='word_1_39' title='bbox 748 849 800 917; x_wconf 89' lang='lat' dir='ltr'><strong>his</strong></span> <span class='ocrx_word' id='word_1_40' title='bbox 827 863 936 918; x_wconf 83' lang='lat' dir='ltr'><strong>autam</strong></span> <span class='ocrx_word' id='word_1_41' title='bbox 965 865 1195 939; x_wconf 83' lang='lat' dir='ltr'><strong>proccssenmt</strong></span> <span class='ocrx_word' id='word_1_42' title='bbox 1216 852 1323 944; x_wconf 77' lang='grc' dir='ltr'><strong><em>ἀγχοῦ</em></strong></span> 
     </span>
     <span class='ocr_line' id='line_1_6' title="bbox 203 944 1323 1041; baseline 0.005 -21"><span class='ocrx_word' id='word_1_43' title='bbox 203 945 339 1040; x_wconf 75' lang='grc' dir='ltr'><strong><em>ἀγχόθι,</em></strong></span> <span class='ocrx_word' id='word_1_44' title='bbox 361 945 454 1040; x_wconf 77' lang='grc' dir='ltr'><strong><em>ὑψοῦ</em></strong></span> <span class='ocrx_word' id='word_1_45' title='bbox 473 944 597 1036; x_wconf 79' lang='grc' dir='ltr'><strong><em>ὑψόθι,</em></strong></span> <span class='ocrx_word' id='word_1_46' title='bbox 620 951 721 1037; x_wconf 77' lang='grc' dir='ltr'><strong><em>τηλοῦ</em></strong></span> <span class='ocrx_word' id='word_1_47' title='bbox 740 946 863 1039; x_wconf 83' lang='grc' dir='ltr'><strong><em>τηλόθι</em></strong></span> <span class='ocrx_word' id='word_1_48' title='bbox 887 952 1004 1018; x_wconf 86' lang='lat' dir='ltr'><strong>eodem</strong></span> <span class='ocrx_word' id='word_1_49' title='bbox 1016 953 1323 1041; x_wconf 82' lang='lat' dir='ltr'><strong>modoatquecon·</strong></span> 
     </span>
     <span class='ocr_line' id='line_1_7' title="bbox 204 1041 1321 1142; baseline 0.005 -24"><span class='ocrx_word' id='word_1_50' title='bbox 204 1053 278 1123; x_wconf 90' lang='lat' dir='ltr'><strong>silio</strong></span> <span class='ocrx_word' id='word_1_51' title='bbox 300 1062 338 1117; x_wconf 90' lang='lat' dir='ltr'><strong>ut</strong></span> <span class='ocrx_word' id='word_1_52' title='bbox 356 1047 475 1142; x_wconf 81' lang='grc' dir='ltr'><strong><em>όφοσε,</em></strong></span> <span class='ocrx_word' id='word_1_53' title='bbox 497 1041 651 1133; x_wconf 54' lang='grc' dir='ltr'><strong><em>ἀγχόθεν,</em></strong></span> <span class='ocrx_word' id='word_1_54' title='bbox 673 1046 832 1138; x_wconf 78' lang='grc' dir='ltr'><strong><em>τηλόθεν,</em></strong></span> <span class='ocrx_word' id='word_1_55' title='bbox 854 1075 974 1141; x_wconf 88' lang='lat' dir='ltr'><strong>nempe</strong></span> <span class='ocrx_word' id='word_1_56' title='bbox 996 1055 1039 1119; x_wconf 80' lang='lat' dir='ltr'><strong>sd</strong></span> <span class='ocrx_word' id='word_1_57' title='bbox 1059 1055 1232 1122; x_wconf 68' lang='lat' dir='ltr'>relationes</span> <span class='ocrx_word' id='word_1_58' title='bbox 1252 1057 1321 1125; x_wconf 90' lang='lat' dir='ltr'><strong>loci</strong></span> 
     </span>
     <span class='ocr_line' id='line_1_8' title="bbox 203 1148 1322 1226; baseline 0.004 -5"><span class='ocrx_word' id='word_1_59' title='bbox 203 1152 385 1221; x_wconf 69' lang='lat' dir='ltr'><strong>accuratius</strong></span> <span class='ocrx_word' id='word_1_60' title='bbox 406 1148 618 1215; x_wconf 84' lang='lat' dir='ltr'><strong>definiendas.</strong></span> <span class='ocrx_word' id='word_1_61' title='bbox 661 1148 785 1217; x_wconf 74' lang='lat' dir='ltr'><strong>Cetera</strong></span> <span class='ocrx_word' id='word_1_62' title='bbox 800 1151 897 1218; x_wconf 85' lang='lat' dir='ltr'><strong>etiam</strong></span> <span class='ocrx_word' id='word_1_63' title='bbox 919 1153 1042 1220; x_wconf 90' lang='lat' dir='ltr'><strong>leviora</strong></span> <span class='ocrx_word' id='word_1_64' title='bbox 1062 1166 1138 1221; x_wconf 89' lang='lat' dir='ltr'><strong>sunt</strong></span> <span class='ocrx_word' id='word_1_65' title='bbox 1159 1167 1194 1223; x_wconf 91' lang='lat' dir='ltr'><strong>et</strong></span> <span class='ocrx_word' id='word_1_66' title='bbox 1214 1158 1322 1226; x_wconf 89' lang='lat' dir='ltr'><strong>levio-</strong></span> 
     </span>
     <span class='ocr_line' id='line_1_9' title="bbox 202 1246 1319 1344; baseline 0.004 -22"><span class='ocrx_word' id='word_1_67' title='bbox 202 1278 275 1322; x_wconf 82' lang='lat' dir='ltr'><strong>mm</strong></span> <span class='ocrx_word' id='word_1_68' title='bbox 295 1260 479 1331; x_wconf 86' lang='lat' dir='ltr'><strong>auctorum:</strong></span> <span class='ocrx_word' id='word_1_69' title='bbox 501 1248 540 1318; x_wconf 88' lang='grc' dir='ltr'><strong>τό</strong></span> <span class='ocrx_word' id='word_1_70' title='bbox 562 1252 685 1338; x_wconf 77' lang='grc' dir='ltr'><strong><em>κρῆθεν</em></strong></span> <span class='ocrx_word' id='word_1_71' title='bbox 706 1251 810 1340; x_wconf 83' lang='grc' dir='ltr'><strong><em>φασὶν</em></strong></span> <span class='ocrx_word' id='word_1_72' title='bbox 830 1246 900 1321; x_wconf 70' lang='lat' dir='ltr'><strong>clad</strong></span> <span class='ocrx_word' id='word_1_73' title='bbox 917 1258 978 1322; x_wconf 78' lang='grc' dir='ltr'><strong>τοῦ</strong></span> <span class='ocrx_word' id='word_1_74' title='bbox 991 1250 1155 1344; x_wconf 85' lang='grc' dir='ltr'><strong><em>κόρηθεν·</em></strong></span> <span class='ocrx_word' id='word_1_75' title='bbox 1177 1253 1319 1327; x_wconf 74' lang='grc' dir='ltr'><strong><em>δύναται</em></strong></span> 
     </span>
     <span class='ocr_line' id='line_1_10' title="bbox 203 1343 1320 1444; baseline 0.003 -20"><span class='ocrx_word' id='word_1_76' title='bbox 203 1355 242 1424; x_wconf 77' lang='grc' dir='ltr'><strong>δὲ</strong></span> <span class='ocrx_word' id='word_1_77' title='bbox 262 1353 322 1422; x_wconf 86' lang='grc' dir='ltr'><strong><em>καὶ</em></strong></span> <span class='ocrx_word' id='word_1_78' title='bbox 342 1347 413 1422; x_wconf 61' lang='lat' dir='ltr'><strong>tart</strong></span> <span class='ocrx_word' id='word_1_79' title='bbox 439 1353 498 1417; x_wconf 78' lang='grc' dir='ltr'><strong>τοῦ</strong></span> <span class='ocrx_word' id='word_1_80' title='bbox 519 1344 707 1438; x_wconf 87' lang='grc' dir='ltr'><strong><em>καρητόθεν</em></strong></span> <span class='ocrx_word' id='word_1_81' title='bbox 729 1343 815 1418; x_wconf 72' lang='grc' dir='ltr'><strong><em>εἶναι</em></strong></span> <span class='ocrx_word' id='word_1_82' title='bbox 841 1350 919 1421; x_wconf 81' lang='lat' dir='ltr'><strong>soh.</strong></span> <span class='ocrx_word' id='word_1_83' title='bbox 948 1355 987 1421; x_wconf 87' lang='lat' dir='ltr'><strong>Il.</strong></span> <span class='ocrx_word' id='word_1_84' title='bbox 1009 1356 1107 1425; x_wconf 82' lang='lat' dir='ltr'>XVI.</span> <span class='ocrx_word' id='word_1_85' title='bbox 1128 1357 1203 1424; x_wconf 81' lang='lat'><strong>548.</strong></span> <span class='ocrx_word' id='word_1_86' title='bbox 1225 1361 1320 1444; x_wconf 89' lang='lat' dir='ltr'><strong>quod</strong></span> 
     </span>
     <span class='ocr_line' id='line_1_11' title="bbox 201 1451 1317 1542; baseline 0.004 -19"><span class='ocrx_word' id='word_1_87' title='bbox 201 1457 272 1523; x_wconf 87' lang='lat' dir='ltr'><strong>sine</strong></span> <span class='ocrx_word' id='word_1_88' title='bbox 289 1476 391 1522; x_wconf 89' lang='lat' dir='ltr'><strong>causa</strong></span> <span class='ocrx_word' id='word_1_89' title='bbox 409 1451 552 1539; x_wconf 85' lang='lat' dir='ltr'><strong>fingitur.</strong></span> <span class='ocrx_word' id='word_1_90' title='bbox 593 1453 639 1518; x_wconf 82' lang='lat' dir='ltr'><strong>Et</strong></span> <span class='ocrx_word' id='word_1_91' title='bbox 661 1473 703 1516; x_wconf 82' lang='lat' dir='ltr'><strong>ex</strong></span> <span class='ocrx_word' id='word_1_92' title='bbox 723 1451 851 1519; x_wconf 91' lang='lat' dir='ltr'><strong>duabus</strong></span> <span class='ocrx_word' id='word_1_93' title='bbox 866 1456 1030 1522; x_wconf 86' lang='lat' dir='ltr'><strong>Eustathii</strong></span> <span class='ocrx_word' id='word_1_94' title='bbox 1054 1459 1221 1526; x_wconf 73' lang='lat' dir='ltr'><strong>sententiis</strong></span> <span class='ocrx_word' id='word_1_95' title='bbox 1243 1460 1317 1542; x_wconf 83' lang='grc'><strong>786,</strong></span> 
     </span>
     <span class='ocr_line' id='line_1_12' title="bbox 199 1550 1316 1648; baseline 0.004 -23"><span class='ocrx_word' id='word_1_96' title='bbox 199 1558 252 1625; x_wconf 87' lang='grc'><strong>30.</strong></span> <span class='ocrx_word' id='word_1_97' title='bbox 277 1550 471 1624; x_wconf 66' lang='lat' dir='ltr'><strong>adversitas</strong></span> <span class='ocrx_word' id='word_1_98' title='bbox 493 1553 719 1640; x_wconf 77' lang='grc' dir='ltr'><strong><em>συγκέκοπται</em></strong></span> <span class='ocrx_word' id='word_1_99' title='bbox 748 1551 786 1619; x_wconf 76' lang='grc' dir='ltr'><strong>ἐκ</strong></span> <span class='ocrx_word' id='word_1_100' title='bbox 810 1560 871 1622; x_wconf 80' lang='grc' dir='ltr'><strong>τοῦ</strong></span> <span class='ocrx_word' id='word_1_101' title='bbox 897 1552 1086 1638; x_wconf 80' lang='grc' dir='ltr'><strong><em>νειατόθεν,</em></strong></span> <span class='ocrx_word' id='word_1_102' title='bbox 1117 1556 1149 1626; x_wconf 82' lang='grc' dir='ltr'><strong><em>εἰ</em></strong></span> <span class='ocrx_word' id='word_1_103' title='bbox 1173 1560 1220 1648; x_wconf 79' lang='grc' dir='ltr'><strong>μη</strong></span> <span class='ocrx_word' id='word_1_104' title='bbox 1246 1556 1316 1647; x_wconf 79' lang='grc' dir='ltr'><strong><em>όρα</em></strong></span> 
     </span>
     <span class='ocr_line' id='line_1_13' title="bbox 200 1652 1315 1748; baseline 0.001 -20"><span class='ocrx_word' id='word_1_105' title='bbox 200 1656 239 1728; x_wconf 75' lang='grc' dir='ltr'><strong>ἐκ</strong></span> <span class='ocrx_word' id='word_1_106' title='bbox 258 1660 319 1725; x_wconf 82' lang='grc' dir='ltr'><strong>τοῦ</strong></span> <span class='ocrx_word' id='word_1_107' title='bbox 349 1659 437 1732; x_wconf 83' lang='grc' dir='ltr'><strong><em>νεῖος</em></strong></span> <span class='ocrx_word' id='word_1_108' title='bbox 462 1664 535 1720; x_wconf 88' lang='lat' dir='ltr'><strong>utra</strong></span> <span class='ocrx_word' id='word_1_109' title='bbox 561 1653 672 1740; x_wconf 87' lang='lat' dir='ltr'><strong>potior</strong></span> <span class='ocrx_word' id='word_1_110' title='bbox 697 1652 756 1730; x_wconf 90' lang='lat' dir='ltr'><strong>sit,</strong></span> <span class='ocrx_word' id='word_1_111' title='bbox 783 1655 839 1719; x_wconf 86' lang='lat' dir='ltr'><strong>vix</strong></span> <span class='ocrx_word' id='word_1_112' title='bbox 863 1655 986 1744; x_wconf 83' lang='lat' dir='ltr'><strong>ambigi</strong></span> <span class='ocrx_word' id='word_1_113' title='bbox 1007 1670 1127 1747; x_wconf 83' lang='lat' dir='ltr'><strong>potest</strong></span> <span class='ocrx_word' id='word_1_114' title='bbox 1169 1662 1315 1748; x_wconf 84' lang='lat' dir='ltr'><strong>Apollo-</strong></span> 
     </span>
     <span class='ocr_line' id='line_1_14' title="bbox 198 1752 1318 1847; baseline 0.004 -21"><span class='ocrx_word' id='word_1_115' title='bbox 198 1760 272 1826; x_wconf 91' lang='lat' dir='ltr'><strong>nius</strong></span> <span class='ocrx_word' id='word_1_116' title='bbox 293 1779 370 1824; x_wconf 90' lang='lat' dir='ltr'><strong>vero</strong></span> <span class='ocrx_word' id='word_1_117' title='bbox 393 1778 462 1822; x_wconf 91' lang='lat' dir='ltr'><strong>non</strong></span> <span class='ocrx_word' id='word_1_118' title='bbox 483 1755 590 1821; x_wconf 92' lang='lat' dir='ltr'><strong>solum</strong></span> <span class='ocrx_word' id='word_1_119' title='bbox 611 1752 766 1819; x_wconf 84' lang='lat' dir='ltr'><strong>adverbia</strong></span> <span class='ocrx_word' id='word_1_120' title='bbox 788 1777 873 1840; x_wconf 86' lang='lat' dir='ltr'><strong>quac</strong></span> <span class='ocrx_word' id='word_1_121' title='bbox 893 1758 1003 1824; x_wconf 89' lang='lat' dir='ltr'><strong>locum</strong></span> <span class='ocrx_word' id='word_1_122' title='bbox 1023 1761 1223 1847; x_wconf 82' lang='lat' dir='ltr'><strong>significant,</strong></span> <span class='ocrx_word' id='word_1_123' title='bbox 1251 1764 1318 1831; x_wconf 84' lang='lat' dir='ltr'><strong>ista</strong></span> 
     </span>
     <span class='ocr_line' id='line_1_15' title="bbox 197 1848 1313 1951; baseline 0.004 -24"><span class='ocrx_word' id='word_1_124' title='bbox 197 1848 325 1927; x_wconf 81' lang='lat' dir='ltr'><strong>ratione</strong></span> <span class='ocrx_word' id='word_1_125' title='bbox 344 1854 497 1924; x_wconf 80' lang='lat' dir='ltr'><strong>emolitur</strong></span> <span class='ocrx_word' id='word_1_126' title='bbox 515 1855 574 1921; x_wconf 87' lang='lat' dir='ltr'><strong>sed</strong></span> <span class='ocrx_word' id='word_1_127' title='bbox 596 1854 693 1920; x_wconf 88' lang='lat' dir='ltr'><strong>etiam</strong></span> <span class='ocrx_word' id='word_1_128' title='bbox 716 1854 795 1920; x_wconf 85' lang='lat' dir='ltr'><strong>elia:</strong></span> <span class='ocrx_word' id='word_1_129' title='bbox 825 1856 920 1945; x_wconf 80' lang='grc' dir='ltr'><strong><em>παρὰ</em></strong></span> <span class='ocrx_word' id='word_1_130' title='bbox 943 1859 1003 1947; x_wconf 79' lang='grc' dir='ltr'><strong>την</strong></span> <span class='ocrx_word' id='word_1_131' title='bbox 1027 1856 1121 1949; x_wconf 82' lang='grc' dir='ltr'><strong><em>ἶνόφι</em></strong></span> <span class='ocrx_word' id='word_1_132' title='bbox 1140 1862 1253 1951; x_wconf 76' lang='grc' dir='ltr'><strong><em>φωνην</em></strong></span> <span class='ocrx_word' id='word_1_133' title='bbox 1272 1865 1313 1933; x_wconf 88' lang='grc' dir='ltr'><strong>τό</strong></span> 
     </span>
    </p>
   </div>
   <div class='ocr_carea' id='block_1_3' title="bbox 182 2043 1313 4063">
    <p class='ocr_par' dir='ltr' id='par_1_3' title="bbox 182 2043 1313 4063">
     <span class='ocr_line' id='line_1_16' title="bbox 196 2043 1313 2149; baseline -0.002 -19"><span class='ocrx_word' id='word_1_134' title='bbox 196 2060 253 2130; x_wconf 83' lang='grc' dir='ltr'><strong>ότι</strong></span> <span class='ocrx_word' id='word_1_135' title='bbox 277 2058 373 2147; x_wconf 80' lang='grc' dir='ltr'><strong><em>παρὰ</em></strong></span> <span class='ocrx_word' id='word_1_136' title='bbox 397 2056 435 2125; x_wconf 86' lang='grc' dir='ltr'><strong>τό</strong></span> <span class='ocrx_word' id='word_1_137' title='bbox 463 2043 502 2125; x_wconf 59' lang='lat' dir='ltr'><strong>so</strong></span> <span class='ocrx_word' id='word_1_138' title='bbox 529 2055 722 2144; x_wconf 80' lang='grc' dir='ltr'><strong><em>στερητικὸν</em></strong></span> <span class='ocrx_word' id='word_1_139' title='bbox 749 2055 808 2123; x_wconf 82' lang='grc' dir='ltr'><strong><em>καὶ</em></strong></span> <span class='ocrx_word' id='word_1_140' title='bbox 830 2055 869 2124; x_wconf 86' lang='grc' dir='ltr'><strong>τὸ</strong></span> <span class='ocrx_word' id='word_1_141' title='bbox 902 2057 1050 2126; x_wconf 74' lang='grc' dir='ltr'><strong><em>ἕπεσθαι</em></strong></span> <span class='ocrx_word' id='word_1_142' title='bbox 1080 2085 1114 2149; x_wconf 88' lang='lat' dir='ltr'><strong>p.</strong></span> <span class='ocrx_word' id='word_1_143' title='bbox 1139 2063 1213 2129; x_wconf 88' lang='grc'><strong>608.</strong></span> <span class='ocrx_word' id='word_1_144' title='bbox 1255 2067 1313 2134; x_wconf 91' lang='lat' dir='ltr'><strong>De</strong></span> 
     </span>
     <span class='ocr_line' id='line_1_17' title="bbox 194 2155 1312 2248; baseline 0.004 -19"><span class='ocrx_word' id='word_1_145' title='bbox 194 2163 252 2229; x_wconf 88' lang='lat' dir='ltr'><strong>illo</strong></span> <span class='ocrx_word' id='word_1_146' title='bbox 281 2158 520 2248; x_wconf 72' lang='lat' dir='ltr'><strong>adstipulantur</strong></span> <span class='ocrx_word' id='word_1_147' title='bbox 549 2155 802 2223; x_wconf 84' lang='lat' dir='ltr'><strong>Choerobosous</strong></span> <span class='ocrx_word' id='word_1_148' title='bbox 837 2157 933 2225; x_wconf 85' lang='lat' dir='ltr'><strong>Orth.</strong></span> <span class='ocrx_word' id='word_1_149' title='bbox 962 2160 1035 2225; x_wconf 84' lang='grc'><strong>224.</strong></span> <span class='ocrx_word' id='word_1_150' title='bbox 1067 2173 1099 2228; x_wconf 86' lang='lat' dir='ltr'><strong>et</strong></span> <span class='ocrx_word' id='word_1_151' title='bbox 1123 2163 1236 2232; x_wconf 87' lang='lat' dir='ltr'><strong>Schol.</strong></span> <span class='ocrx_word' id='word_1_152' title='bbox 1264 2169 1312 2234; x_wconf 87' lang='grc' dir='ltr'><strong>Α.</strong></span> 
     </span>
     <span class='ocr_line' id='line_1_18' title="bbox 195 2252 1311 2354; baseline 0.004 -24"><span class='ocrx_word' id='word_1_153' title='bbox 195 2262 299 2330; x_wconf 87' lang='lat' dir='ltr'><strong>adIl.</strong></span> <span class='ocrx_word' id='word_1_154' title='bbox 321 2263 348 2329; x_wconf 91' lang='lat'><strong>1.</strong></span> <span class='ocrx_word' id='word_1_155' title='bbox 373 2255 500 2338; x_wconf 51' lang='lat'><strong>1512&#39;19</strong></span> <span class='ocrx_word' id='word_1_156' title='bbox 521 2253 591 2336; x_wconf 87' lang='grc' dir='ltr'><strong><em>ινός</em></strong></span> <span class='ocrx_word' id='word_1_157' title='bbox 612 2253 707 2344; x_wconf 93' lang='grc' dir='ltr'><strong><em>ινόφι</em></strong></span> <span class='ocrx_word' id='word_1_158' title='bbox 729 2252 775 2335; x_wconf 81' lang='grc' dir='ltr'><strong>ὡς</strong></span> <span class='ocrx_word' id='word_1_159' title='bbox 801 2254 925 2338; x_wconf 87' lang='grc' dir='ltr'><strong><em>χαλκός</em></strong></span> <span class='ocrx_word' id='word_1_160' title='bbox 944 2263 1068 2341; x_wconf 80' lang='grc' dir='ltr'><strong><em>χαλκοῦ</em></strong></span> <span class='ocrx_word' id='word_1_161' title='bbox 1087 2260 1235 2354; x_wconf 80' lang='grc' dir='ltr'><strong><em>χαλκόφι</em></strong></span> <span class='ocrx_word' id='word_1_162' title='bbox 1252 2292 1311 2336; x_wconf 87' lang='grc' dir='ltr'><strong>και</strong></span> 
     </span>
     <span class='ocr_line' id='line_1_19' title="bbox 194 2350 1311 2452; baseline 0.002 -19"><span class='ocrx_word' id='word_1_163' title='bbox 194 2363 281 2433; x_wconf 84' lang='grc' dir='ltr'><strong><em>κατὰ</em></strong></span> <span class='ocrx_word' id='word_1_164' title='bbox 303 2359 475 2450; x_wconf 79' lang='grc' dir='ltr'><strong><em>οοχκοιτὴν</em></strong></span> <span class='ocrx_word' id='word_1_165' title='bbox 495 2361 554 2446; x_wconf 79' lang='grc' dir='ltr'><strong>τῆς</strong></span> <span class='ocrx_word' id='word_1_166' title='bbox 575 2382 611 2424; x_wconf 90' lang='grc' dir='ltr'><strong><em>νο</em></strong></span> <span class='ocrx_word' id='word_1_167' title='bbox 632 2350 697 2445; x_wconf 80' lang='grc' dir='ltr'><strong><em>ἶφι.</em></strong></span> <span class='ocrx_word' id='word_1_168' title='bbox 730 2360 854 2426; x_wconf 88' lang='lat' dir='ltr'><strong>Verum</strong></span> <span class='ocrx_word' id='word_1_169' title='bbox 872 2360 935 2427; x_wconf 92' lang='lat' dir='ltr'><strong>hoc</strong></span> <span class='ocrx_word' id='word_1_170' title='bbox 954 2383 975 2425; x_wconf 92' lang='lat' dir='ltr'><strong>a</strong></span> <span class='ocrx_word' id='word_1_171' title='bbox 990 2359 1136 2452; x_wconf 79' lang='grc' dir='ltr'><strong><em>χαλκόφι</em></strong></span> <span class='ocrx_word' id='word_1_172' title='bbox 1150 2375 1181 2430; x_wconf 89' lang='lat' dir='ltr'><strong>et</strong></span> <span class='ocrx_word' id='word_1_173' title='bbox 1194 2368 1311 2435; x_wconf 85' lang='lat' dir='ltr'><strong>ceteris</strong></span> 
     </span>
     <span class='ocr_line' id='line_1_20' title="bbox 194 2457 1310 2556; baseline 0.002 -24"><span class='ocrx_word' id='word_1_174' title='bbox 194 2486 278 2554; x_wconf 87' lang='lat' dir='ltr'><strong>quae</strong></span> <span class='ocrx_word' id='word_1_175' title='bbox 311 2485 385 2530; x_wconf 90' lang='lat' dir='ltr'><strong>cum</strong></span> <span class='ocrx_word' id='word_1_176' title='bbox 414 2459 548 2527; x_wconf 91' lang='lat' dir='ltr'><strong>nomine</strong></span> <span class='ocrx_word' id='word_1_177' title='bbox 576 2457 759 2544; x_wconf 86' lang='lat' dir='ltr'><strong>composita</strong></span> <span class='ocrx_word' id='word_1_178' title='bbox 788 2472 881 2539; x_wconf 89' lang='lat' dir='ltr'><strong>sunt,</strong></span> <span class='ocrx_word' id='word_1_179' title='bbox 921 2461 1094 2548; x_wconf 73' lang='lat' dir='ltr'><strong>dupliciter</strong></span> <span class='ocrx_word' id='word_1_180' title='bbox 1128 2465 1310 2556; x_wconf 84' lang='lat' dir='ltr'><strong>discrepat;</strong></span> 
     </span>
     <span class='ocr_line' id='line_1_21' title="bbox 192 2552 1307 2656; baseline 0.003 -23"><span class='ocrx_word' id='word_1_181' title='bbox 192 2568 334 2656; x_wconf 89' lang='lat' dir='ltr'><strong>primum</strong></span> <span class='ocrx_word' id='word_1_182' title='bbox 355 2562 446 2650; x_wconf 91' lang='lat' dir='ltr'><strong>quod</strong></span> <span class='ocrx_word' id='word_1_183' title='bbox 467 2582 634 2645; x_wconf 88' lang='lat' dir='ltr'><strong>nunquam</strong></span> <span class='ocrx_word' id='word_1_184' title='bbox 655 2552 826 2626; x_wconf 80' lang='lat' dir='ltr'><strong>asciscit</strong></span> <span class='ocrx_word' id='word_1_185' title='bbox 806 2588 824 2627; x_wconf 91' lang='grc' dir='ltr'><strong>ν</strong></span> <span class='ocrx_word' id='word_1_186' title='bbox 841 2584 1044 2648; x_wconf 86' lang='lat' dir='ltr'><strong>paragogum</strong></span> <span class='ocrx_word' id='word_1_187' title='bbox 1060 2575 1097 2628; x_wconf 87' lang='lat' dir='ltr'><strong>ut</strong></span> <span class='ocrx_word' id='word_1_188' title='bbox 1112 2569 1233 2655; x_wconf 84' lang='grc' dir='ltr'><strong><em>ναῦφιν</em></strong></span> <span class='ocrx_word' id='word_1_189' title='bbox 1246 2581 1307 2636; x_wconf 85' lang='lat' dir='ltr'><strong>etc.</strong></span> 
     </span>
     <span class='ocr_line' id='line_1_22' title="bbox 192 2656 1308 2754; baseline 0.004 -24"><span class='ocrx_word' id='word_1_190' title='bbox 192 2681 262 2733; x_wconf 89' lang='lat' dir='ltr'><strong>tum</strong></span> <span class='ocrx_word' id='word_1_191' title='bbox 281 2666 372 2754; x_wconf 91' lang='lat' dir='ltr'><strong>quod</strong></span> <span class='ocrx_word' id='word_1_192' title='bbox 396 2663 542 2750; x_wconf 86' lang='lat' dir='ltr'><strong>synthesi</strong></span> <span class='ocrx_word' id='word_1_193' title='bbox 563 2674 676 2747; x_wconf 88' lang='lat' dir='ltr'><strong>aptum</strong></span> <span class='ocrx_word' id='word_1_194' title='bbox 698 2672 757 2741; x_wconf 87' lang='lat' dir='ltr'><strong>est,</strong></span> <span class='ocrx_word' id='word_1_195' title='bbox 776 2656 940 2751; x_wconf 78' lang='grc' dir='ltr'><strong><em>Ἰφικλῆς,</em></strong></span> <span class='ocrx_word' id='word_1_196' title='bbox 959 2659 1153 2748; x_wconf 82' lang='grc' dir='ltr'><strong><em>Ἰφιγένεια,</em></strong></span> <span class='ocrx_word' id='word_1_197' title='bbox 1176 2664 1308 2754; x_wconf 79' lang='grc' dir='ltr'><strong><em>ιφιχόν-</em></strong></span> 
     </span>
     <span class='ocr_line' id='line_1_23' title="bbox 190 2759 1310 2856; baseline 0.001 -21"><span class='ocrx_word' id='word_1_198' title='bbox 190 2793 303 2856; x_wconf 85' lang='grc' dir='ltr'><strong><em>νητος,</em></strong></span> <span class='ocrx_word' id='word_1_199' title='bbox 334 2759 567 2854; x_wconf 84' lang='grc' dir='ltr'><strong><em>ιφικεόμενος,</em></strong></span> <span class='ocrx_word' id='word_1_200' title='bbox 603 2763 662 2828; x_wconf 85' lang='lat' dir='ltr'><strong>sed</strong></span> <span class='ocrx_word' id='word_1_201' title='bbox 684 2763 817 2828; x_wconf 88' lang='lat' dir='ltr'><strong>nomina</strong></span> <span class='ocrx_word' id='word_1_202' title='bbox 836 2785 909 2829; x_wconf 92' lang='lat' dir='ltr'><strong>cum</strong></span> <span class='ocrx_word' id='word_1_203' title='bbox 932 2763 1056 2849; x_wconf 81' lang='lat' dir='ltr'><strong>syllaba</strong></span> <span class='ocrx_word' id='word_1_204' title='bbox 1076 2789 1116 2853; x_wconf 91' lang='grc' dir='ltr'><strong>φι</strong></span> <span class='ocrx_word' id='word_1_205' title='bbox 1134 2769 1310 2852; x_wconf 83' lang='lat' dir='ltr'><strong>conjuncta</strong></span> 
     </span>
     <span class='ocr_line' id='line_1_24' title="bbox 190 2861 1307 2955; baseline 0.001 -21"><span class='ocrx_word' id='word_1_206' title='bbox 190 2890 259 2934; x_wconf 91' lang='lat' dir='ltr'><strong>non</strong></span> <span class='ocrx_word' id='word_1_207' title='bbox 279 2875 526 2954; x_wconf 88' lang='lat' dir='ltr'><strong>praeponuntur</strong></span> <span class='ocrx_word' id='word_1_208' title='bbox 550 2863 638 2940; x_wconf 84' lang='lat' dir='ltr'><strong>aliis3</strong></span> <span class='ocrx_word' id='word_1_209' title='bbox 668 2887 743 2928; x_wconf 90' lang='lat' dir='ltr'><strong>nam</strong></span> <span class='ocrx_word' id='word_1_210' title='bbox 770 2861 1008 2952; x_wconf 75' lang='grc' dir='ltr'><strong><em>λιβοαφιγενής</em></strong></span> <span class='ocrx_word' id='word_1_211' title='bbox 1032 2888 1167 2950; x_wconf 89' lang='lat' dir='ltr'><strong>prorsus</strong></span> <span class='ocrx_word' id='word_1_212' title='bbox 1192 2868 1307 2955; x_wconf 77' lang='lat' dir='ltr'><strong>singu-</strong></span> 
     </span>
     <span class='ocr_line' id='line_1_25' title="bbox 190 2963 1308 3059; baseline 0.002 -24"><span class='ocrx_word' id='word_1_213' title='bbox 190 2970 256 3035; x_wconf 89' lang='lat' dir='ltr'><strong>lare</strong></span> <span class='ocrx_word' id='word_1_214' title='bbox 278 2980 329 3035; x_wconf 89' lang='lat' dir='ltr'><strong>est</strong></span> <span class='ocrx_word' id='word_1_215' title='bbox 349 2980 382 3034; x_wconf 87' lang='lat' dir='ltr'><strong>ct</strong></span> <span class='ocrx_word' id='word_1_216' title='bbox 401 2992 468 3034; x_wconf 90' lang='lat' dir='ltr'><strong>non</strong></span> <span class='ocrx_word' id='word_1_217' title='bbox 493 2965 627 3032; x_wconf 89' lang='lat' dir='ltr'><strong>minoris</strong></span> <span class='ocrx_word' id='word_1_218' title='bbox 649 2964 794 3030; x_wconf 86' lang='lat' dir='ltr'><strong>miraculi</strong></span> <span class='ocrx_word' id='word_1_219' title='bbox 814 2986 912 3050; x_wconf 90' lang='lat' dir='ltr'><strong>quam</strong></span> <span class='ocrx_word' id='word_1_220' title='bbox 931 2963 959 3028; x_wconf 88' lang='lat' dir='ltr'><strong>si</strong></span> <span class='ocrx_word' id='word_1_221' title='bbox 977 2965 1050 3049; x_wconf 92' lang='lat' dir='ltr'><strong>quis</strong></span> <span class='ocrx_word' id='word_1_222' title='bbox 1068 2967 1308 3059; x_wconf 78' lang='grc' dir='ltr'><strong><em>λιβιαθεγενης</em></strong></span> 
     </span>
     <span class='ocr_line' id='line_1_26' title="bbox 187 3065 1307 3159; baseline -0.001 -22"><span class='ocrx_word' id='word_1_223' title='bbox 187 3072 239 3138; x_wconf 89' lang='lat' dir='ltr'><strong>vel</strong></span> <span class='ocrx_word' id='word_1_224' title='bbox 260 3065 485 3159; x_wconf 78' lang='grc' dir='ltr'><strong><em>θηβησιγενής</em></strong></span> <span class='ocrx_word' id='word_1_225' title='bbox 506 3067 615 3134; x_wconf 86' lang='lat' dir='ltr'><strong>dicere</strong></span> <span class='ocrx_word' id='word_1_226' title='bbox 636 3066 845 3153; x_wconf 84' lang='lat' dir='ltr'><strong>periclitetur,</strong></span> <span class='ocrx_word' id='word_1_227' title='bbox 868 3087 952 3150; x_wconf 88' lang='lat' dir='ltr'><strong>quae</strong></span> <span class='ocrx_word' id='word_1_228' title='bbox 974 3088 1070 3130; x_wconf 89' lang='lat' dir='ltr'><strong>nemo</strong></span> <span class='ocrx_word' id='word_1_229' title='bbox 1086 3088 1160 3132; x_wconf 92' lang='lat' dir='ltr'><strong>cum</strong></span> <span class='ocrx_word' id='word_1_230' title='bbox 1176 3067 1307 3156; x_wconf 79' lang='grc' dir='ltr'><strong><em>ἐμπρο-</em></strong></span> 
     </span>
     <span class='ocr_line' id='line_1_27' title="bbox 188 3162 1305 3260; baseline -0.002 -21"><span class='ocrx_word' id='word_1_231' title='bbox 188 3166 380 3260; x_wconf 81' lang='grc' dir='ltr'><strong><em>σθοφανής,</em></strong></span> <span class='ocrx_word' id='word_1_232' title='bbox 404 3162 644 3257; x_wconf 75' lang='grc' dir='ltr'><strong><em>όιτιοθοφανός</em></strong></span> <span class='ocrx_word' id='word_1_233' title='bbox 665 3167 908 3254; x_wconf 86' lang='lat' dir='ltr'><strong>comparaverit.</strong></span> <span class='ocrx_word' id='word_1_234' title='bbox 952 3168 1005 3232; x_wconf 89' lang='lat' dir='ltr'><strong>Ac</strong></span> <span class='ocrx_word' id='word_1_235' title='bbox 1025 3167 1160 3232; x_wconf 81' lang='lat' dir='ltr'><strong>forsitan</strong></span> <span class='ocrx_word' id='word_1_236' title='bbox 1182 3167 1305 3253; x_wconf 84' lang='lat' dir='ltr'><strong>Ibycus</strong></span> 
     </span>
     <span class='ocr_line' id='line_1_28' title="bbox 186 3268 1307 3355; baseline 0 -17"><span class='ocrx_word' id='word_1_237' title='bbox 186 3294 229 3338; x_wconf 92' lang='lat' dir='ltr'><strong>ne</strong></span> <span class='ocrx_word' id='word_1_238' title='bbox 250 3294 329 3338; x_wconf 90' lang='lat' dir='ltr'><strong>usus</strong></span> <span class='ocrx_word' id='word_1_239' title='bbox 352 3270 484 3354; x_wconf 88' lang='lat' dir='ltr'><strong>quidem</strong></span> <span class='ocrx_word' id='word_1_240' title='bbox 506 3281 556 3334; x_wconf 90' lang='lat' dir='ltr'><strong>est</strong></span> <span class='ocrx_word' id='word_1_241' title='bbox 574 3269 774 3335; x_wconf 88' lang='lat' dir='ltr'><strong>nominativo</strong></span> <span class='ocrx_word' id='word_1_242' title='bbox 796 3269 851 3334; x_wconf 92' lang='lat' dir='ltr'><strong>illo</strong></span> <span class='ocrx_word' id='word_1_243' title='bbox 877 3268 936 3333; x_wconf 86' lang='lat' dir='ltr'><strong>scd</strong></span> <span class='ocrx_word' id='word_1_244' title='bbox 960 3268 1067 3334; x_wconf 84' lang='lat' dir='ltr'><strong>dativo</strong></span> <span class='ocrx_word' id='word_1_245' title='bbox 1089 3269 1224 3355; x_wconf 87' lang='lat' dir='ltr'><strong>pluralis</strong></span> <span class='ocrx_word' id='word_1_246' title='bbox 1243 3295 1307 3339; x_wconf 89' lang='lat' dir='ltr'><strong>nu·</strong></span> 
     </span>
     <span class='ocr_line' id='line_1_29' title="bbox 186 3370 1307 3460; baseline 0 -21"><span class='ocrx_word' id='word_1_247' title='bbox 186 3373 266 3439; x_wconf 90' lang='lat' dir='ltr'><strong>meri</strong></span> <span class='ocrx_word' id='word_1_248' title='bbox 292 3371 563 3460; x_wconf 79' lang='grc' dir='ltr'><strong><em>λιβιαφιγὲνεσσι</em></strong></span> <span class='ocrx_word' id='word_1_249' title='bbox 595 3391 655 3455; x_wconf 92' lang='lat' dir='ltr'><strong>pro</strong></span> <span class='ocrx_word' id='word_1_250' title='bbox 687 3370 922 3454; x_wconf 78' lang='grc' dir='ltr'><strong><em>λιβυαγενέσφι</em></strong></span> <span class='ocrx_word' id='word_1_251' title='bbox 952 3391 1012 3455; x_wconf 90' lang='lat' dir='ltr'><strong>per</strong></span> <span class='ocrx_word' id='word_1_252' title='bbox 1044 3370 1239 3437; x_wconf 86' lang='lat' dir='ltr'><strong>metathesin</strong></span> <span class='ocrx_word' id='word_1_253' title='bbox 1269 3384 1307 3439; x_wconf 90' lang='lat' dir='ltr'><strong>ut</strong></span> 
     </span>
     <span class='ocr_line' id='line_1_30' title="bbox 184 3469 1304 3596; baseline 0 -56"><span class='ocrx_word' id='word_1_254' title='bbox 184 3473 385 3540; x_wconf 89' lang='lat' dir='ltr'><strong>homericum</strong></span> <span class='ocrx_word' id='word_1_255' title='bbox 407 3469 626 3596; x_wconf 79' lang='grc' dir='ltr'><strong><em>λθαγενέεσφι</em></strong></span> <span class='ocrx_word' id='word_1_256' title='bbox 644 3469 845 3554; x_wconf 85' lang='lat' dir='ltr'><strong>aliquantum</strong></span> <span class='ocrx_word' id='word_1_257' title='bbox 866 3469 1015 3535; x_wconf 85' lang='lat' dir='ltr'><strong>variaret</strong></span> <span class='ocrx_word' id='word_1_258' title='bbox 1059 3472 1176 3557; x_wconf 84' lang='lat' dir='ltr'><strong>Itaque</strong></span> <span class='ocrx_word' id='word_1_259' title='bbox 1198 3475 1304 3561; x_wconf 85' lang='lat' dir='ltr'><strong>magis</strong></span> 
     </span>
     <span class='ocr_line' id='line_1_31' title="bbox 186 3564 1304 3661; baseline -0.001 -19"><span class='ocrx_word' id='word_1_260' title='bbox 186 3575 345 3661; x_wconf 88' lang='lat' dir='ltr'><strong>sequendi</strong></span> <span class='ocrx_word' id='word_1_261' title='bbox 367 3573 517 3638; x_wconf 88' lang='lat' dir='ltr'><strong>videntur</strong></span> <span class='ocrx_word' id='word_1_262' title='bbox 537 3571 594 3658; x_wconf 88' lang='lat' dir='ltr'><strong>qui</strong></span> <span class='ocrx_word' id='word_1_263' title='bbox 612 3564 669 3660; x_wconf 90' lang='grc' dir='ltr'><strong>ιφι</strong></span> <span class='ocrx_word' id='word_1_264' title='bbox 688 3570 882 3656; x_wconf 84' lang='lat' dir='ltr'><strong>adjectivum</strong></span> <span class='ocrx_word' id='word_1_265' title='bbox 898 3593 969 3635; x_wconf 88' lang='lat' dir='ltr'><strong>esse</strong></span> <span class='ocrx_word' id='word_1_266' title='bbox 982 3581 1126 3637; x_wconf 87' lang='lat' dir='ltr'><strong>statuunt</strong></span> <span class='ocrx_word' id='word_1_267' title='bbox 1142 3585 1179 3637; x_wconf 91' lang='lat' dir='ltr'><strong>ut</strong></span> <span class='ocrx_word' id='word_1_268' title='bbox 1191 3573 1304 3642; x_wconf 90' lang='lat' dir='ltr'><strong>Schol.</strong></span> 
     </span>
     <span class='ocr_line' id='line_1_32' title="bbox 184 3666 1304 3800; baseline 0.002 -58"><span class='ocrx_word' id='word_1_269' title='bbox 184 3677 282 3800; x_wconf 68' lang='lat' dir='ltr'><strong>³Lips.</strong></span> <span class='ocrx_word' id='word_1_270' title='bbox 305 3676 347 3740; x_wconf 89' lang='lat' dir='ltr'><strong>ad</strong></span> <span class='ocrx_word' id='word_1_271' title='bbox 370 3676 409 3741; x_wconf 91' lang='lat' dir='ltr'><strong>Il.</strong></span> <span class='ocrx_word' id='word_1_272' title='bbox 430 3676 472 3742; x_wconf 90' lang='grc' dir='ltr'><strong>λλ.</strong></span> <span class='ocrx_word' id='word_1_273' title='bbox 494 3671 609 3738; x_wconf 82' lang='grc'><strong>556.”</strong></span> <span class='ocrx_word' id='word_1_274' title='bbox 590 3696 671 3757; x_wconf 91' lang='grc' dir='ltr'><strong><em>ιφια</em></strong></span> <span class='ocrx_word' id='word_1_275' title='bbox 693 3667 823 3757; x_wconf 82' lang='grc' dir='ltr'><strong><em>ισχερό,</em></strong></span> <span class='ocrx_word' id='word_1_276' title='bbox 854 3695 932 3760; x_wconf 85' lang='grc' dir='ltr'><strong>οοη</strong></span> <span class='ocrx_word' id='word_1_277' title='bbox 961 3666 1080 3738; x_wconf 85' lang='grc' dir='ltr'><strong><em>εόθεια</em></strong></span> <span class='ocrx_word' id='word_1_278' title='bbox 1105 3672 1144 3739; x_wconf 88' lang='grc' dir='ltr'><strong>τό</strong></span> <span class='ocrx_word' id='word_1_279' title='bbox 1168 3667 1224 3761; x_wconf 74' lang='grc' dir='ltr'><strong>ἶφι</strong></span> <span class='ocrx_word' id='word_1_280' title='bbox 1244 3679 1304 3744; x_wconf 82' lang='grc' dir='ltr'><strong>τοῦ</strong></span> 
     </span>
     <span class='ocr_line' id='line_1_33' title="bbox 184 3768 1304 3897; baseline -0.003 -52.997"><span class='ocrx_word' id='word_1_281' title='bbox 184 3772 281 3867; x_wconf 80' lang='grc' dir='ltr'><strong><em>ι’φιος</em></strong></span> <span class='ocrx_word' id='word_1_282' title='bbox 302 3777 343 3842; x_wconf 83' lang='grc' dir='ltr'><strong>τὰ</strong></span> <span class='ocrx_word' id='word_1_283' title='bbox 366 3770 456 3862; x_wconf 86' lang='grc' dir='ltr'><strong><em>ι’φια,</em></strong></span> <span class='ocrx_word' id='word_1_284' title='bbox 479 3784 511 3838; x_wconf 90' lang='lat' dir='ltr'><strong>et</strong></span> <span class='ocrx_word' id='word_1_285' title='bbox 499 3773 733 3849; x_wconf 82' lang='lat' dir='ltr'><strong>tEustathius,</strong></span> <span class='ocrx_word' id='word_1_286' title='bbox 758 3772 815 3858; x_wconf 89' lang='lat' dir='ltr'><strong>qui</strong></span> <span class='ocrx_word' id='word_1_287' title='bbox 836 3795 1006 3838; x_wconf 89' lang='lat' dir='ltr'><strong>numerum</strong></span> <span class='ocrx_word' id='word_1_288' title='bbox 1027 3773 1226 3859; x_wconf 84' lang='lat' dir='ltr'><strong>singularem</strong></span> <span class='ocrx_word' id='word_1_289' title='bbox 1246 3768 1304 3897; x_wconf 72' lang='grc' dir='ltr'><strong>ἶφι</strong></span> 
     </span>
     <span class='ocr_line' id='line_1_34' title="bbox 183 3867 1305 3964; baseline -0.006 -21"><span class='ocrx_word' id='word_1_290' title='bbox 183 3877 323 3964; x_wconf 78' lang='grc' dir='ltr'><strong><em>θρέμμα</em></strong></span> <span class='ocrx_word' id='word_1_291' title='bbox 344 3874 438 3963; x_wconf 92' lang='lat' dir='ltr'><strong>ponit</strong></span> <span class='ocrx_word' id='word_1_292' title='bbox 457 3874 531 3951; x_wconf 84' lang='grc'><strong>582,</strong></span> <span class='ocrx_word' id='word_1_293' title='bbox 549 3874 599 3937; x_wconf 85' lang='grc'><strong>12.</strong></span> <span class='ocrx_word' id='word_1_294' title='bbox 622 3873 675 3938; x_wconf 90' lang='lat' dir='ltr'><strong>cui</strong></span> <span class='ocrx_word' id='word_1_295' title='bbox 699 3874 851 3939; x_wconf 87' lang='lat' dir='ltr'><strong>convenit</strong></span> <span class='ocrx_word' id='word_1_296' title='bbox 871 3867 1112 3940; x_wconf 79' lang='lat' dir='ltr'><strong>masculinum&#39;</strong></span> <span class='ocrx_word' id='word_1_297' title='bbox 1109 3881 1189 3963; x_wconf 87' lang='grc' dir='ltr'><strong><em>Ιφις</em></strong></span> <span class='ocrx_word' id='word_1_298' title='bbox 1202 3870 1305 3956; x_wconf 80' lang='grc' dir='ltr'><strong><em>ταχύς</em></strong></span> 
     </span>
     <span class='ocr_line' id='line_1_35' title="bbox 182 3968 1303 4063; baseline -0.004 -17"><span class='ocrx_word' id='word_1_299' title='bbox 182 3979 326 4062; x_wconf 60' lang='lat' dir='ltr'><strong>Phoco</strong></span> <span class='ocrx_word' id='word_1_300' title='bbox 373 3976 441 4044; x_wconf 88' lang='lat' dir='ltr'><strong>Sed</strong></span> <span class='ocrx_word' id='word_1_301' title='bbox 466 3975 533 4042; x_wconf 89' lang='lat' dir='ltr'><strong>sive</strong></span> <span class='ocrx_word' id='word_1_302' title='bbox 555 3973 745 4040; x_wconf 87' lang='lat' dir='ltr'><strong>adverbium</strong></span> <span class='ocrx_word' id='word_1_303' title='bbox 766 3986 816 4041; x_wconf 89' lang='lat' dir='ltr'><strong>est</strong></span> <span class='ocrx_word' id='word_1_304' title='bbox 842 3968 898 4063; x_wconf 81' lang='grc' dir='ltr'><strong>ἶφι</strong></span> <span class='ocrx_word' id='word_1_305' title='bbox 927 3977 994 4041; x_wconf 87' lang='lat' dir='ltr'><strong>sive</strong></span> <span class='ocrx_word' id='word_1_306' title='bbox 1024 3976 1220 4061; x_wconf 89' lang='lat' dir='ltr'><strong>adjectivum</strong></span> <span class='ocrx_word' id='word_1_307' title='bbox 1242 3975 1303 4042; x_wconf 88' lang='lat' dir='ltr'><strong>ad·</strong></span> 
     </span>
    </p>
   </div>
   <div class='ocr_carea' id='block_1_4' title="bbox 184 4206 1303 4370">
    <p class='ocr_par' dir='ltr' id='par_1_4' title="bbox 184 4206 1303 4370">
     <span class='ocr_line' id='line_1_36' title="bbox 256 4206 1303 4282; baseline 0 -16"><span class='ocrx_word' id='word_1_308' title='bbox 256 4217 281 4280; x_wconf 80' lang='lat'><strong>5)</strong></span> <span class='ocrx_word' id='word_1_309' title='bbox 295 4214 449 4269; x_wconf 80' lang='lat' dir='ltr'><strong>Nereidum</strong></span> <span class='ocrx_word' id='word_1_310' title='bbox 466 4229 523 4267; x_wconf 85' lang='lat' dir='ltr'><strong>uns</strong></span> <span class='ocrx_word' id='word_1_311' title='bbox 542 4227 560 4265; x_wconf 85' lang='lat' dir='ltr'><strong>a</strong></span> <span class='ocrx_word' id='word_1_312' title='bbox 577 4209 703 4266; x_wconf 84' lang='lat' dir='ltr'><strong>Lucieno</strong></span> <span class='ocrx_word' id='word_1_313' title='bbox 718 4208 883 4282; x_wconf 79' lang='grc' dir='ltr'><strong><em>Ἰφιάνασσα</em></strong></span> <span class='ocrx_word' id='word_1_314' title='bbox 902 4219 1028 4278; x_wconf 88' lang='lat' dir='ltr'><strong>vocatur,</strong></span> <span class='ocrx_word' id='word_1_315' title='bbox 1048 4214 1084 4268; x_wconf 79' lang='lat' dir='ltr'><strong>ab</strong></span> <span class='ocrx_word' id='word_1_316' title='bbox 1104 4213 1231 4270; x_wconf 86' lang='lat' dir='ltr'><strong>Homero</strong></span> <span class='ocrx_word' id='word_1_317' title='bbox 1247 4206 1303 4267; x_wconf 79' lang='grc' dir='ltr'><strong>Ἰό-</strong></span> 
     </span>
     <span class='ocr_line' id='line_1_37' title="bbox 184 4294 1302 4370; baseline -0.002 -12"><span class='ocrx_word' id='word_1_318' title='bbox 184 4316 275 4358; x_wconf 88' lang='grc' dir='ltr'><strong><em>νασοα</em></strong></span> <span class='ocrx_word' id='word_1_319' title='bbox 288 4318 370 4356; x_wconf 90' lang='lat' dir='ltr'><strong>soror</strong></span> <span class='ocrx_word' id='word_1_320' title='bbox 381 4298 501 4364; x_wconf 80' lang='lat' dir='ltr'><strong>lenires,</strong></span> <span class='ocrx_word' id='word_1_321' title='bbox 516 4315 635 4369; x_wconf 88' lang='lat' dir='ltr'><strong>quorum</strong></span> <span class='ocrx_word' id='word_1_322' title='bbox 648 4296 731 4351; x_wconf 88' lang='lat' dir='ltr'><strong>trium</strong></span> <span class='ocrx_word' id='word_1_323' title='bbox 741 4294 884 4353; x_wconf 84' lang='lat' dir='ltr'><strong>nominum</strong></span> <span class='ocrx_word' id='word_1_324' title='bbox 897 4297 1017 4354; x_wconf 82' lang='lat' dir='ltr'><strong>fortasse</strong></span> <span class='ocrx_word' id='word_1_325' title='bbox 1030 4317 1116 4355; x_wconf 86' lang='lat' dir='ltr'><strong>unum</strong></span> <span class='ocrx_word' id='word_1_326' title='bbox 1129 4305 1173 4354; x_wconf 87' lang='lat' dir='ltr'><strong>est</strong></span> <span class='ocrx_word' id='word_1_327' title='bbox 1184 4305 1302 4370; x_wconf 76' lang='lat' dir='ltr'><strong>etymon</strong></span> 
     </span>
    </p>
   </div>
   <div class='ocr_carea' id='block_1_5' title="bbox 0 0 1372 4778">
    <p class='ocr_par' dir='ltr' id='par_1_5' title="bbox 0 0 1372 4778">
     <span class='ocr_line' id='line_1_38' title="bbox 0 0 1372 4778; baseline 0 8"><span class='ocrx_word' id='word_1_328' title='bbox 0 0 1372 4778; x_wconf 95' lang='lat' dir='ltr'><strong> </strong></span> 
     </span>
    </p>
   </div>
  </div>
 </body>
</html>
