2736 4778
131 379 188 445 DE
211 377 455 462 sYNAERESI,
477 380 758 471 DIAERESIetc.
793 383 826 449 P.
838 383 879 449 11.
903 381 1005 450 0111.
1028 386 1096 470 §.2
1123 385 1182 453 133

65 568 131 624 νος,
164 545 247 626 quod
270 545 412 626 sequitur
433 544 504 609 ΕΜ.
528 544 600 610 578.
623 544 665 610 57
698 541 768 613 ἀπὸ
799 551 857 613 τοῦ
882 548 1104 630 μεμνὲοιτυ,
1123 544 1183 616 αὖ.
1223 535 1227 543 ’
1280 632 1283 641 y

65 643 158 734 ζήσει
180 651 239 714 τοῦ
260 653 276 718 ὖ
300 643 392 728 εἷς’ωΪ,
438 647 501 713 Sed
522 649 609 714 verbi
621 649 801 736 papirianae
819 652 970 716 memoria
991 652 1078 715 nulla
1088 658 1183 731 extat,

64 750 320 832 probabiliusque
353 748 482 833 fingitur
513 770 665 834 praesens
687 749 880 836 μεμνάομαι
912 774 970 836 per
992 755 1183 820 anadromen

64 855 223 935 quandam
256 872 274 918 e
306 852 447 935 perfecto
480 860 593 920 ortum.
658 856 741 921 Hinc
773 862 879 922 autem
907 862 994 936 recte
1021 862 1054 921 et
1075 858 1185 923 ordine

62 953 241 1042 μεμνῴμην
264 957 407 1036 provenit
420 962 456 1022 ut
468 961 644 1048 κεκτιρμην,
667 959 750 1024 unde
766 963 917 1046 μεμνῷτο
940 964 973 1022 et
983 957 1185 1026 Homericum

62 1058 142 1124 illud
162 1059 333 1146 μεμνέῳτο
357 1059 533 1129 ἕπενθέσει
556 1066 615 1127 τοῦ
639 1062 762 1134 ΞΕυεῒ.
789 1061 879 1126 1305.
902 1059 958 1141 46,
992 1062 1076 1144 quod
1097 1064 1183 1144 pleo-

63 1162 219 1227 nasticum
241 1168 332 1228 vocat
359 1161 448 1228 1332.
474 1162 522 1243 18,
557 1164 608 1229 vel
629 1166 735 1246 potius
770 1161 949 1252 ἀναμνήσει
973 1149 1033 1232 cori
1055 1162 1184 1233 ἰωνικοῦ

61 1259 301 1347 μεμνεώμενος.
361 1264 425 1331 Sed
446 1264 545 1332 fuisse
568 1269 679 1348 etiam,
712 1270 767 1350 qui
802 1269 953 1334 diectasin
976 1267 1182 1351 praeferrent,

63 1368 202 1433 ostendit
224 1369 381 1450 scriptura
391 1368 479 1434 Harl.
501 1365 675 1457 pepoo'pco
698 1376 735 1435 ut
758 1367 883 1459 ὁρόῳτε
900 1369 1115 1455 [cholmi
1128 1392 1182 1455 sq,

64 1469 101 1536 cf.
124 1471 157 1535 Π
179 1470 229 1537 la.
252 1471 388 1537 Bekker.
410 1473 582 1561 pampica}

148 1611 174 1695 §-
200 1608 228 1676 3.
273 1610 362 1695 ddi
391 1612 425 1681 ὦ
444 1628 525 1693 quae
547 1609 708 1692 pertinent
729 1628 833 1692 supra,
857 1629 954 1692 quum
976 1611 1016 1676 de
1037 1612 1183 1700 μέμνηαι

60 1713 169 1801 μέμνῃ
191 1713 288 1779 verba
308 1711 454 1794 facerem,
477 1714 619 1796 exposita
641 1718 723 1779 sunt.

145 1834 213 1905 riis]
242 1838 333 1898 extra
365 1833 576 1917 synaloephen
609 1826 722 1920 (αὕτὴ)
756 1835 880 1900 omnino
912 1853 975 1899 non
1001 1835 1182 1918 iunguntur,

61 1954 160 2018 quare
171 1935 329 2002 Hesiodus
352 1935 494 2024 νήϋτμος
515 1937 620 2002 dicere
643 1939 770 2002 coactus
792 1942 842 2002 est
857 1955 1026 2019 suppresso
1048 1940 1182 2005 nominis

62 2033 170 2125 ἀϋτμή
203 2039 298 2121 alpha
330 2042 512 2123 principali,
546 2040 630 2122 quod
662 2039 746 2104 idem
780 2039 957 2105 absumitur
991 2043 1181 2124 synaloephe

59 2143 233 2225 particulae
256 2143 296 2228 δὴ
321 2136 400 2211 αὖτε
423 2147 521 2232 δηῦτε
544 2143 686 2225 Apollon.
709 2142 788 2208 hdr.
812 2140 884 2208 495.
907 2141 936 2223 3,
960 2142 998 2209 cf.
1011 2143 1180 2211 Schneide-

60 2247 129 2312 win.
155 2245 324 2332 Bea'trocpa
356 2269 414 2310 aar
441 2245 555 2310 Kritc'lc
588 2244 645 2309 der
673 2257 785 2330 poetae
818 2245 915 2331 lyra'cc'
943 2265 973 2327 p.
996 2245 1037 2311 43
1071 2247 1182 2332 [supra

58 2369 88 2432 p.
111 2347 162 2430 43,
186 2349 321 2416 Dissert
344 2349 406 2415 VH
428 2351 462 2416 P.
485 2350 534 2415 III
557 2348 590 2414 O.
612 2348 646 2413 11
667 2348 738 2433 eu.].
828 2359 830 2364 '

65 2553 76 2567 ,
145 2491 198 2560 ῐεῖ
232 2488 427 2554 contrabitur
459 2489 492 2554 in
523 2483 831 2570 plusquamperfecto
858 2484 948 2551 verbi
981 2477 1059 2571 εἶμι,
1092 2489 1180 2554 cuius

59 2592 203 2657 novimus
224 2609 377 2674 personas
400 2591 510 2656 duales
526 2595 560 2657 et
570 2590 714 2689 'plurales
725 2581 818 2678 ᾔτην,
829 2579 925 2677 ᾖμεν,
937 2580 1007 2678 ᾗτε,
1029 2592 1180 2672 exemplis

59 2694 213 2776 plurimis,
235 2714 317 2777 quae
340 2695 496 2761 Matthiae
517 2714 547 2777 p.
563 2693 626 2759 507
650 2691 790 2758 studiose
812 2692 1000 2774 conquisivit
1021 2696 1179 2761 adnotatis

58 2797 210 2863 librorum
233 2798 461 2880 discrepantis.
505 2798 677 2863 Personam
699 2796 827 2861 tertiam
850 2794 939 2860 addit
959 2795 1031 2863 EM
1051 2796 1122 2864 301.
1137 2798 1177 2863 55

60 2897 224 2989 εἶσῇμεν
258 2896 330 2967 ἀντὶ
359 2904 423 2971 ,τοῦ
456 2897 665 2990 εἰσῄειμεν
698 2898 758 2966 σὺν
790 2896 881 2987 1ῷῖ
901 2897 1050 2978 Καλλίας
1079 2900 1179 2984 (Com.

58 3004 184 3086 Fragm.
208 3002 242 3069 T.
265 3003 297 3068 Π
320 3002 397 3084 740)
432 3002 486 3069 καὶ
521 2999 687 3091 εἰσῇσαν
721 2997 793 3068 ἀντὶ
822 3005 881 3066 coa*
904 2997 1096 3090 εἰσῄεσαν
1119 3002 1177 3069 σὺν

59 3109 105 3195 τῷ
128 3102 352 3192 ῖἎγάθωνζ·
381 3107 522 3172 Persona
543 3105 711 3188 singularis
734 3104 859 3170 numeri
880 3095 975 3193 ᾖσθα
997 3105 1177 3173 coniectura

58 3211 180 3289 nititur,
202 3229 230 3274 v.
253 3208 424 3275 Hermann.
447 3209 489 3274 ad
510 3208 619 3290 Agam.
643 3206 715 3274 489.
740 3245 776 3254 -
802 3206 967 3272 Adiectiva
987 3207 1020 3273 in
1040 3210 1072 3293 ἧς
1093 3211 1176 3292 peri·

59 3331 210 3395 spomeua
233 3313 352 3400 λαχνῆς
374 3316 432 3377 111.
455 3330 474 3377 1
494 3311 656 3395 barytonis
678 3313 711 3376 in
730 3314 974 3396 fflcontracta
995 3329 1065 3377 esse
1086 3311 1179 3378 facile

58 3415 227 3498 unicuique
249 3416 282 3481 iu
304 3421 442 3481 mentem
464 3416 579 3495 veniat,
614 3416 760 3498 idemque
784 3417 934 3482 statuisse
956 3418 1099 3480 veterum
1121 3416 1178 3480 ali·

57 3538 137 3602 quos
159 3518 313 3585 Arcadius
336 3516 492 3600 significat
512 3537 542 3601 p.
566 3517 616 3584 24.
639 3519 681 3585 20
714 3519 817 3585 cresin
848 3519 935 3584 illam
968 3516 1178 3600 synaloephae

58 3623 183 3688 nomine
204 3623 361 3702 indicam,
385 3627 418 3687 et
438 3622 498 3687 hoc
519 3620 663 3702 opinione
685 3622 826 3687 nonnulli
848 3628 946 3711 τιμῇς
969 3627 1002 3687 11
1024 3622 1074 3687 all.
1098 3614 1176 3688 s'cri-

57 3730 192 3808 pserunt
213 3725 321 3791 addito
343 3726 421 3805 iota,
444 3743 472 3790 v.
494 3724 627 3790 Elemm.
650 3722 752 3791 1342
776 3743 852 3807 sqq,
885 3725 938 3790 ubi
961 3728 1061 3790 totam
1082 3725 1175 3792 huius

56 3830 151 3895 huius
173 3830 298 3910 generis
320 3828 472 3895 fabricam
493 3828 628 3911 explicui
651 3826 692 3913 [v.
716 3847 813 3912 supra
832 3849 863 3912 p.
889 3827 973 3912 102}

143 3950 203 4022 ῑῖεῦ
225 3956 260 4016 11
280 3951 330 4034 {sav
351 3968 512 4031 nunquam
544 3949 760 4033 monosyllaba
792 3949 870 4016 fiunt
903 3949 963 4013 nisi
985 3949 1018 4013 in
1043 3947 1176 4012 diversis

57 4054 200 4120 uocibus:
225 4049 385 4142 ἡῦλάβεια
408 4052 550 4135 Sophocl.
573 4058 606 4119 et
628 4048 650 4141 ἢ
673 4048 712 4119 οὗ
736 4054 871 4133 Homer,
895 4070 976 4134 quae
998 4049 1092 4113 huius
1115 4050 1175 4114 loci

58 4177 121 4224 non
143 4163 226 4224 sunt.
272 4156 336 4222 Sed
357 4175 419 4221 non
441 4156 686 4222 obliviscendum
709 4163 759 4222 est
780 4156 953 4237 particulae
975 4156 1057 4234 μῶν,
1082 4169 1176 4233 quam

57 4261 242 4343 Apollonius
277 4260 451 4345 [Coniunct.
474 4256 537 4324 494
560 4276 627 4341 sqq.
661 4260 768 4324 multis
802 4256 941 4323 defendit
963 4255 1117 4322 coaluisse
1140 4253 1176 4321 ἔκ

58 4390 94 4433 τε
123 4367 365 4458 διαπορητικοῦ
397 4365 457 4430 τοῦ
478 4358 529 4451 μή
563 4361 618 4430 καὶ
650 4364 710 4428 τοῦ
744 4354 794 4427 ὧν
824 4362 1175 4450 παραπληρωματικοῦ
1310 4396 1312 4402 .
