2736 4778
160 377 223 443 DE
244 372 463 442 SYNCOPE
485 372 631 442 UNIUS
654 374 875 446 VOOALIS.
902 377 1013 449 c.1v.
1031 380 1095 466 §.2
1122 386 1193 458 301

86 560 204 639 affecti,
232 560 321 625 unde
346 558 603 642 ἐσκορδισμένος
626 557 660 621 in
680 559 760 623 EM.
784 562 863 638 384,
886 562 938 626 51.
966 565 1030 629 nisi
1059 565 1197 654 ἐσκορο-

85 659 238 746 δισμένος
264 658 396 743 scripsit
417 667 454 720 ut
473 656 725 745 Aristophanes,
750 659 936 747 herbaeque
957 686 1076 730 nomen
1098 661 1196 752 σκόρ-

83 761 155 828 διον
184 773 218 828 et
248 757 432 845 composita
459 754 690 848 σκορδοειδής,
721 759 993 846 σκορδόαρασον,
1029 787 1197 850 προσκορ-

73 859 246 949 ’δοφαγεῖν
279 858 370 945 apud
400 857 629 923 Dioscoridem
664 869 697 924 et
732 860 896 944 aequales.
956 863 1012 928 De
1042 862 1197 929 feminino

80 951 204 1046 ίίργνια
226 959 332 1043 magis
353 956 524 1024 Eustathio
547 960 706 1025 assentior
729 984 762 1046 p.
781 960 854 1038 917,
877 962 929 1026 34.
954 959 990 1026 ἐκ
1012 966 1070 1028 τοῦ
1092 956 1199 1049 ὄρίγω

79 1059 171 1125 κατὰ
193 1054 375 1144 συγκοαήν,
403 1080 499 1143 quam
521 1061 737 1140 Buttmanno,
765 1061 820 1145 qui
845 1060 974 1147 epsilon
995 1061 1095 1128 verbo
1118 1085 1195 1150 pro·

81 1158 201 1245 prium,
222 1158 345 1222 nomini
366 1158 582 1225 adventicium
603 1183 675 1227 esse
694 1173 787 1248 putat
806 1162 949 1229 Gramm.
962 1164 1008 1229 II.
1027 1164 1097 1229 106.
1141 1164 1197 1230 Ab

80 1253 189 1345 ὀρίγω
207 1260 281 1324 duci
299 1259 407 1346 potuit
429 1253 530 1348 ὀρογή
552 1273 589 1326 ut
609 1262 650 1327 ab
673 1260 784 1350 ἒρέγω
807 1256 913 1352 ὀροφή
935 1265 995 1329 sed
1015 1265 1197 1331 aberratum

81 1369 132 1425 est
153 1360 196 1423 ad
219 1354 371 1445 ὀρόγυια,
400 1359 490 1424 unde
515 1357 806 1450 ἓκατοντορόγυιος
833 1374 865 1428 et
890 1359 1110 1452 ἓπτορόγνεος
1136 1390 1196 1433 vo-

81 1460 143 1526 cali
173 1461 292 1527 sensim
325 1461 561 1526 obsolescente.
615 1461 671 1526 Ab
705 1462 822 1528 eodem
853 1459 964 1552 ὀροφή
994 1465 1196 1534 Philoxenus

81 1561 178 1627 etiam
198 1556 305 1650 ὀρφνή
326 1573 438 1627 natum
455 1584 528 1627 esse
546 1562 673 1648 putavit
690 1565 893 1652 πλεονασμῷ
913 1552 1018 1630 τοῦν
1035 1566 1093 1632 καὶ
1120 1592 1197 1653 συγ-

78 1664 172 1752 κοπῇ
201 1656 307 1750 ὄρφνή
336 1658 355 1750 ἡ
383 1663 555 1730 σκέπουσα
581 1660 619 1728 τὸ
647 1667 722 1750 φῶς
750 1663 866 1729 Orion.
895 1664 971 1742 122,
997 1663 1047 1729 15.
1077 1666 1195 1751 quibus

81 1759 199 1848 ἔρεβος
220 1764 360 1849 apposui
382 1762 507 1828 Techn.
519 1762 592 1828 301.
630 1762 767 1829 Oeneae
783 1763 873 1828 urbis
895 1763 1021 1830 incolae
1041 1761 1197 1835 Οἷνοαῖοι

81 1862 233 1927 (licuntur
261 1872 293 1927 et
317 1860 450 1929 Οίναῖοι
479 1862 538 1928 sed
567 1862 629 1929 hoc
657 1886 677 1928 a
701 1864 827 1929 diverso
851 1874 1029 1952 prototypo
1055 1863 1136 1954 Οἴνη
1164 1891 1194 1934 v.

78 1961 225 2028 Meinek.
248 1961 291 2025 ad
313 1961 428 2048 Steph.
452 1986 478 2027 s.
501 1961 534 2026 h.
559 1986 587 2028 v.
631 1963 698 2028 Pro
725 1961 882 2050 στήμνιος
911 1964 1000 2048 apud
1025 1964 1194 2051 Theophr.

80 2073 114 2129 et
134 2061 280 2147 Hesych.
299 2072 387 2127 recte
408 2062 590 2148 repositum
610 2072 660 2127 est
680 2059 870 2149 στημόνιος,
895 2056 955 2126 sed
976 2074 1104 2128 constat
1124 2088 1196 2130 ver·

78 2162 158 2229 bum
174 2158 243 2230 ἀπὸ
264 2166 326 2229 τοῦ
341 2160 457 2247 γείτων
478 2160 625 2246 γείτονος
646 2163 795 2247 γειτοννῶ
819 2160 876 2226 καί
896 2167 1052 2251 συγκοπῇ
1066 2171 1197 2248 ymmo

78 2264 160 2329 ΕΜ.
174 2262 247 2340 229,
262 2263 314 2328 30.
337 2261 502 2329 Choerob.
524 2259 620 2327 Orth.
645 2260 716 2338 189,
738 2259 769 2324 5.
793 2271 825 2324 et
846 2283 931 2345 quae
952 2260 1027 2328 hino
1050 2266 1196 2350 pendent

78 2361 324 2448 Μεταγείτνιος
356 2363 523 2450 Apollinis
559 2382 743 2446 cognomen
780 2361 1038 2447 solemniumque
1073 2370 1195 2431 Μετα-

79 2461 204 2549 γείτνια
221 2462 255 2525 id
274 2462 438 2527 estferiae
456 2461 656 2547 compitales,
676 2471 708 2525 et
725 2462 846 2526 mensis
863 2464 920 2549 qui
938 2464 972 2527 in
987 2464 1089 2528 Inscr.
1098 2466 1195 2532 VIII.

78 2561 190 2629 Rossii
217 2561 258 2626 de
280 2562 383 2626 demis
399 2564 469 2627 Att.
487 2585 520 2647 p.
535 2562 586 2627 30.
606 2559 878 2646 Μεταγειτονίων
900 2573 1045 2628 vocatur.
1078 2569 1197 2650 Παρο-

64 2658 231 2746 Ιποίμισον
255 2662 437 2746 Dionysius
467 2683 567 2747 quum
596 2661 689 2726 aliter
716 2662 824 2726 versui
854 2663 1101 2731 accommodare
1129 2687 1195 2731 non

79 2771 194 2850 posset
214 2761 290 2826 fecit
306 2757 539 2845 Παρποίμισον
556 2784 586 2824 v.
599 2762 701 2827 Proll.
714 2763 788 2828 433.
821 2761 994 2849 Συρμάται
1014 2762 1046 2833 οἱ
1065 2769 1195 2852 Σαυρο-

78 2857 186 2946 μάται
215 2861 331 2946 Steph.
369 2861 425 2946 qui
458 2860 522 2926 alio
551 2862 624 2928 loco
655 2860 833 2948 Σαρμάται
860 2865 981 2950 posuit.
1039 2867 1134 2931 Haeo
1164 2877 1196 2931 et

78 2959 220 3049 Κύρβας
238 2975 298 3047 pro
316 2958 472 3049 Κορύβας
493 2983 534 3026 ex
556 2984 676 3047 graeca
695 2960 848 3045 analogia
862 2963 1005 3045 judicari
1025 2986 1092 3030 non
1114 2988 1194 3050 pos-

79 3071 169 3138 sunt,
198 3058 229 3129 οί
251 3059 423 3146 βάρβαροι
445 3060 508 3146 γὰρ
533 3057 704 3148 ἑλληνικὴν
726 3055 905 3142 ἀναλογίαν
927 3057 966 3127 οὐ
989 3059 1196 3148 φυλάττουσι

77 3161 196 3248 steph.
225 3184 250 3225 s.
278 3157 486 3254 Iloua-ageos.
537 3159 616 3226 Jam
646 3169 683 3222 ut
716 3177 897 3223 sermonem
929 3157 972 3222 ad
1004 3160 1196 3247 detrimenta

79 3261 224 3348 syllabae
248 3259 354 3325 finalis
382 3283 419 3337 ος
442 3258 625 3336 traducam,
655 3258 720 3324 duo
743 3258 967 3343 monosyllaba
990 3258 1054 3341 ζώς
1075 3271 1108 3326 et
1130 3265 1196 3340 σῶς

78 3363 227 3450 plerique
251 3361 368 3426 affecta
397 3382 469 3426 esse
495 3359 727 3439 consentiunt,.
745 3353 808 3442 ζώς
833 3357 869 3425 ἐκ
890 3362 952 3427 τοῦ
975 3356 1058 3440 ζωός
1084 3362 1194 3428 Hero-

81 3464 167 3528 dian.
191 3461 301 3529 Schol.
324 3460 363 3525 Il.
386 3461 428 3528 V.
454 3460 526 3525 887.
552 3464 620 3540 σῶς
646 3455 717 3528 ἀπὸ
743 3462 803 3526 τοῦ
827 3462 916 3535 σῶος
938 3460 1066 3526 Anecd.
1089 3461 1194 3531 Bell.
1243 3502 1246 3507 ·

79 3565 152 3632 347.
180 3563 239 3629 sed
267 3562 432 3648 quomodo
462 3562 578 3626 affecta
604 3561 668 3625 sint
696 3559 890 3643 ambigitur3
919 3558 956 3624 τὸ
987 3557 1049 3642 ζώς
1076 3561 1113 3629 ἐκ
1134 3569 1195 3633 τοῦ

82 3659 167 3747 ζωός
181 3659 266 3730 κατὰ
282 3654 501 3751 σνναλιφῆνῆ
522 3656 693 3748 συγκοπήν
705 3660 852 3745 Epim.I.
870 3659 944 3726 399.
970 3663 1195 3752 synaloephen

79 3787 199 3831 vocans
219 3785 318 3849 quam
334 3760 586 3829 Choeroboscus
603 3758 685 3827 Can.
699 3760 770 3824 172.
789 3760 895 3826 crasin
911 3763 1070 3848 appellat:
1094 3788 1195 3851 σεση-

78 3864 222 3950 μείωται
242 3862 281 3929 τὸ
308 3860 386 3945 ζώς·
409 3857 573 3930 οὐδέποτε
593 3860 656 3947 γὰρ
677 3863 796 3946 κρᾶσις
821 3861 944 3947 γίνεται
969 3863 1111 3948 βαρείας
1135 3861 1195 3926 καὶ

79 3960 192 4045 ὀξείας
213 3959 262 4043 είς
283 3958 397 4043 ὀξεῖαν
417 3958 674 4047 συνερχομένων·
697 3960 733 4026 τὸ
759 3959 822 4048 γὰρ
844 3957 974 4049 Κισσῄς
998 3961 1055 4025 καί
1076 3951 1194 4047 Νηοῄς

79 4061 140 4134 ot'm
173 4064 308 4142 ἐδέξατο
339 4065 458 4142 κρᾶσιν
489 4054 575 4127 ἀλλὰ
607 4059 813 4143 συναίρεσιν·
847 4060 937 4143 quod
967 4080 1087 4124 nomen
1120 4080 1194 4124 cum

80 4164 164 4231 crasi
192 4162 394 4229 confundens
417 4161 564 4228 Joannes
594 4183 627 4246 p.
650 4159 681 4224 6.
708 4157 787 4241 ζώς,
815 4159 940 4243 inquit,
969 4157 1006 4224 ἐκ
1027 4161 1085 4227 τοῦ
1109 4155 1195 4242 ζωός
