2736 4778
252 371 317 436 DE
338 369 609 438 PROSTHESI
630 368 978 438 ET'APHAERESI.
1002 367 1042 436 Ο.
1059 370 1138 437 VII.
1203 375 1254 448 99

135 577 242 639 coque
263 554 395 619 nomine
418 576 486 617 non
507 551 589 615 illud
611 560 739 638 tempus
759 552 916 617 declarari
934 576 998 637 quo
1017 553 1104 619 calor
1118 554 1251 619 seiran-

134 666 193 739 gat
216 655 279 738 (sic
302 654 390 718 enim
410 662 538 716 veteres
558 653 695 717 Homeri
724 652 918 739 interpretes
949 655 1104 736 statuunt)
1135 656 1195 719 sed
1216 655 1253 723 id

137 777 203 839 quo
227 763 339 819 aestus
361 754 531 817 increscat
572 752 628 817 De
656 763 804 840 tempore
836 753 997 818 assentior
1016 754 1174 838 antiquis3
1209 755 1252 821 de
1293 838 1299 843 ι

133 867 245 941 etymo
262 877 331 919 non
346 855 457 937 liquet.
484 853 691 937 Adjectivum
707 852 875 934 εὐδείελος
887 855 943 939 qui
960 854 1177 939 compositum
1190 878 1251 940 pu·

134 968 247 1020 tarunt
268 951 339 1021 (ind
355 957 413 1021 τοῦ
433 948 468 1022 εὖ
484 955 541 1021 καί
558 959 617 1021 τοῦ
639 953 698 1040 l'lp
719 950 738 1042 ἡ
761 957 935 1038 θερμασία
954 954 1253 1023 soh.0d.11.117.

135 1056 228 1119 haud
254 1054 353 1119 dubie
374 1055 420 1119 sic
441 1067 610 1119 senserunt
633 1056 721 1120 delta
741 1056 776 1120 in
793 1056 1005 1122 commissura
1021 1056 1253 1142 interpositum

137 1178 213 1220 esse
240 1156 403 1241 quomodo
431 1156 581 1220 nonnulli
614 1155 762 1224 ἐνδίεσαν
796 1178 857 1240 pro
893 1153 1019 1224 ἐνίεσαν
1056 1169 1254 1244 acceperunt

135 1256 215 1322 seh.
237 1257 276 1341 ll.
298 1257 431 1324 XVllI.
456 1256 527 1321 162.
553 1257 613 1322 sed
637 1266 687 1321 est
708 1256 818 1342 potius
844 1278 918 1321 cum
939 1258 1041 1343 δῆλος
1061 1260 1251 1345 copulat-um

131 1380 162 1420 v.
185 1357 333 1423 Nitzsch.
355 1358 400 1421 ad
422 1358 489 1424 Od.
512 1359 577 1423 IX.
599 1359 651 1422 21.
691 1356 728 1424 Si
750 1357 883 1440 Δολβαί
906 1353 1042 1438 θύματα
1069 1361 1151 1426 Hes.
1182 1384 1249 1427 non

131 1469 211 1543 post
230 1459 502 1545 δολοφρονέουσα
525 1460 586 1523 sed
608 1480 667 1522 suo
690 1457 764 1522 loco
785 1457 929 1542 positum
950 1469 1052 1537 esset,
1081 1459 1164 1526 hanc
1186 1462 1247 1528 do·

129 1559 232 1622 sicam
254 1581 327 1623 esse
350 1558 492 1624 dicerem
512 1559 564 1623 vel
585 1559 743 1623 aeolicum
767 1558 1022 1644 appellationem
1039 1560 1179 1626 nominis
1195 1584 1248 1626 sa·

130 1658 283 1723 crificalis
305 1652 412 1736 οίνλαί,
435 1659 524 1722 unde
547 1654 720 1743 ὀλβάχνισν
741 1658 779 1725 τὸ
803 1663 923 1726 κανοῦν
944 1660 979 1726 ἐν
998 1647 1025 1746 ᾧ
1045 1653 1248 1728 ἀπετίθεντο

131 1759 193 1839 τὰς
214 1754 318 1837 οὐλάς
340 1760 421 1824 EM.
444 1761 525 1837 257,
545 1760 598 1824 53.
621 1759 712 1844 quod
733 1758 811 1824 alibi
833 1755 989 1844 δλβοίχνον
1016 1770 1049 1824 et
1069 1754 1250 1848 ὀλβακήιον

131 1858 292 1937 scribitur,
315 1858 379 1925 hoc
400 1871 451 1925 est
470 1855 673 1943 οίνλσχοεῖον,
702 1884 777 1924 nam
800 1858 881 1925 haec
904 1861 1012 1925 nativa
1034 1872 1086 1925 est
1106 1862 1247 1927 nominis

130 1961 235 2025 forma
255 1974 294 2024 ut
310 1968 532 2044 χρυσοχοεῖον.
570 1961 688 2044 Neque
711 1961 857 2024 diversae
881 1960 1010 2025 dialecti
1032 1971 1083 2024 est
1098 1957 1249 2040 Ἀδαυῶς

131 2058 322 2149 ίγρηγδρως
349 2063 432 2125 Hcs.
464 2061 590 2147 quippe
617 2060 836 2145 compositum
864 2081 938 2123 cum
971 2059 1096 2123 aeolico
1126 2058 1250 2138 δαύειν,

130 2163 224 2245 cujus
246 2160 408 2246 vulgatior
429 2160 534 2223 forma
555 2171 607 2224 est
628 2156 745 2236 ίαδειν,
768 2157 957 2235 thematica‚
981 2173 1016 2224 ut
1036 2159 1249 2226 Herodianus

130 2262 220 2338 dicit,
245 2255 347 2326 αίίειν.
391 2259 544 2325 Forsitan
567 2259 684 2325 eodem
706 2259 866 2346 pertineat
887 2259 999 2340 Δίλαξ
1019 2256 1038 2349 ἡ
1065 2255 1148 2344 δρία
1170 2258 1249 2330 Λά-

128 2386 232 2440 κωνες
251 2356 390 2442 οῖ”ίλαξ
410 2358 430 2450 ἡ
454 2368 572 2447 πρῖνος
593 2356 640 2438 ὡς
656 2357 814 2444 Ῥωμαῖοι
834 2361 891 2428 καί
913 2357 1124 2440 Μακεδόνες,
1157 2364 1249 2446 quod

132 2464 212 2548 quia
245 2474 323 2549 post
355 2459 515 2544 είλεθμδς
544 2462 679 2547 legitur,
715 2462 872 2527 Musarus
900 2462 934 2525 in
960 2460 1097 2525 latinum
1127 2486 1248 2529 nomen

130 2561 204 2642 ίλεξ
223 2562 368 2639 mutavit,
390 2561 456 2627 ilex
478 2573 585 2627 autem
606 2577 640 2626 et
659 2570 779 2647 πρῖνος
801 2575 833 2627 et
853 2557 935 2647 δρία
965 2562 1150 2647 significant
1169 2587 1246 2651 spe-

94 2660 97 2665 ’
130 2665 198 2729 cies
232 2685 381 2749 quercus.
433 2663 553 2729 Adhuc
585 2687 652 2728 non
683 2663 776 2748 attigi
810 2662 949 2730 διαίνειν
980 2662 1184 2731 humelacere
1215 2678 1248 2732 et

128 2763 249 2830 ίαίνειν
275 2764 458 2850 tepefacere
480 2775 513 2829 et
532 2765 737 2850 liquefacere,
760 2765 802 2841 de
825 2761 944 2849 quibus
966 2765 1088 2851 duplex
1112 2778 1162 2831 est
1183 2767 1245 2833 du-

127 2864 254 2930 bitatio.
291 2865 377 2930 Nam
398 2864 426 2928 si
449 2860 566 2931 ίαίνειν
588 2889 663 2930 cum
686 2862 819 2943 ἰᾶσθαι,
841 2864 932 2949 quod
953 2866 996 2930 ad
1020 2863 1072 2945 ίός
1094 2868 1132 2934 τὸ
1157 2866 1245 2955 pcip-

125 2990 237 3049 μακον
259 2966 403 3043 refertur,
429 2966 658 3050 cognationem
680 2964 778 3030 habet
801 2965 948 3049 quamtis
970 2966 1098 3031 diversa
1121 2968 1244 3033 vocalis

125 3087 297 3143 mensura,
334 3068 405 3132 sola
429 3067 654 3133 terminatione
684 3065 836 3129 convenit
864 3087 939 3129 cum
968 3064 1122 3145 διαίνειν,
1153 3069 1246 3151 cujus

125 3190 275 3233 consona
295 3169 401 3255 prima
429 3167 541 3234 haeret
566 3167 601 3230 in
631 3164 819 3249 synonymis
849 3163 952 3238 δεὺω,
982 3165 1094 3238 oslac,
1123 3162 1244 3250 διερός,

120 3265 246 3346 Ἐνδιές
258 3266 393 3353 ἔνυδρον
413 3271 496 3334 Hes.
530 3268 568 3336 Si
588 3289 665 3332 vero
683 3266 800 3331 iisdem
811 3263 967 3351 stirpibus
978 3263 1132 3343 nituntur,
1156 3265 1245 3332 haud

126 3368 232 3432 facilis
257 3379 306 3432 est
333 3369 523 3453 dijudicatio
552 3381 660 3434 utrum
688 3369 751 3432 utri
777 3366 992 3454 praecesserit
1019 3366 1060 3432 cf.
1084 3366 1242 3435 Technol.

127 3469 191 3533 124
208 3492 257 3554 sq.
282 3463 375 3553 ’Έρις
396 3471 423 3534 si
447 3493 519 3535 cum
543 3469 686 3553 ἐρεθίζω
708 3481 741 3535 et
762 3469 834 3533 aliis
857 3468 1003 3554 agitandi
1024 3467 1130 3534 verbis
1153 3492 1242 3536 com-

125 3569 281 3656 ponimus
304 3579 337 3634 et
360 3593 565 3656 synonymon
589 3573 685 3658 δῆρις
713 3591 787 3634 cum
817 3568 893 3647 δοίίς
921 3564 1023 3655 (μάχη
1046 3567 1241 3659 καδστειρα)

124 3671 226 3757 longe
248 3672 397 3758 dispares
424 3682 514 3738 ortus
541 3670 660 3736 habere
681 3669 841 3735 videntur.
886 3671 1056 3736 Hactenus
1086 3671 1242 3759 loquutus

123 3795 198 3836 sum
210 3771 252 3837 de
270 3773 358 3838 delta
376 3773 467 3859 quod
477 3771 593 3838 iisdem
609 3770 776 3837 vocabulis
796 3782 852 3835 aut
863 3772 977 3838 deesse
995 3783 1052 3837 aut
1068 3796 1241 3860 superesse

123 3872 285 3937 creditum
307 3883 374 3950 est3
395 3895 483 3939 nunc
505 3873 549 3938 ad
570 3874 626 3938 illa
645 3872 772 3938 veniam
790 3895 874 3959 quae
888 3874 926 3940 in
943 3873 1144 3940 derivatione
1162 3895 1241 3938 con·

123 3996 239 4040 sonam
266 3985 323 4039 aut
344 3975 510 4063 accipiunt
531 3986 586 4040 aut
605 3974 755 4039 amittunt
779 3988 817 4040 ut
842 3971 952 4043 διώκω
980 3971 1081 4053 iconi,
1112 3974 1241 4059 dequo

123 4076 248 4141 dietum
270 4088 336 4154 cst,
366 4076 451 4145 δαίιο
474 4069 572 4157 αἶσα,
594 4076 622 4141 si
644 4076 778 4162 quidem
797 4086 919 4141 stamus
940 4085 1086 4139 veterum
1101 4074 1240 4157 judicio,

123 4179 215 4262 quod
232 4180 439 4244 confirmatur
455 4178 698 4265 quodammodo
715 4178 957 4264 comparatione
979 4175 1150 4258 synonymi
1167 4179 1241 4256 μεί.

123 4303 226 4364 ρομαι
244 4285 386 4363 partor,
408 4286 513 4368 μοῖρα
525 4280 632 4345 Parca
653 4279 720 4345 eive
730 4279 857 4356 Morta3
881 4288 913 4343 et
936 4272 1080 4341 omnium
1097 4278 1240 4344 certissi-

742 4382 756 4405 κ
989 4377 1007 4442 7
1014 4376 1031 4412 Ι

312 4446 401 4503 dall-fl

344 4516 347 4523 .
403 4506 419 4537 -ς

357 4556 381 4617 ἃ
