2736 4778
190 345 248 411 DE
271 343 515 425 SYNAERESI,
538 344 737 411 DlAERESl
760 351 819 412 etc.
851 345 884 410 P.
896 346 937 411 11.
961 346 995 434 0:
1006 347 1031 412 I.
1055 349 1082 433 ᾖ.
1095 349 1123 413 2.
1179 350 1219 415 55
1304 420 1311 426 ,

100 512 212 578 horum
244 511 470 577 adiectiuorom
492 508 627 590 figurae,
660 529 723 574 una
754 511 878 592 integra
910 511 944 575 in
971 515 1031 588 ῑὲῖξ
1052 514 1121 592 {a}
1155 532 1218 595 qna
1271 587 1275 595 ,

100 616 257 681 Homerus
278 634 341 679 non
363 615 472 693 utitur,
494 617 561 677 tres
584 610 724 692 affectae,
746 632 810 677 una
826 632 970 696 syncope,
994 615 1095 680 altera
1107 635 1217 698 synae-

101 720 174 797 resi,
186 718 282 783 tertia
293 716 466 799 epenthesi
512 715 672 799 Syncopae
684 718 750 782 sive
762 718 920 782 exaeresis
932 718 1075 799 exempla
1085 719 1221 800 plurima

101 828 211 886 entant
232 822 264 886 in
287 838 417 885 numero
440 820 601 902 singulari,
625 816 722 884 ἀκλέα
736 824 803 899 etc,
825 820 957 901 pluralis
969 822 1220 904 antiquissimum

101 925 224 1006 reperio
248 918 381 1001 εὐκλέας
402 923 491 988 Pind.
504 922 597 988 01.11
619 929 653 987 et
675 921 822 988 Simonid.
845 922 951 1005 Epigr.
968 923 1136 990 nnmvn
1148 925 1220 1006 301,

100 1028 276 1109 proximum
310 1023 470 1111 dyoxllog
497 1025 672 1091 Antimach.
696 1026 800 1108 Frgm.
822 1023 920 1104 LVll,
955 1020 1066 1106 ἆκλέες
1099 1027 1220 1094 Gallim.

101 1129 170 1195 Del.
193 1128 266 1210 295,
288 1135 384 1211 atque
404 1129 456 1193 vix
478 1129 574 1194 alium
597 1133 756 1194 auctorem
779 1129 958 1194 habuerrmt
978 1129 1032 1208 illi
1056 1149 1134 1213 quos
1155 1131 1221 1197 Eu·
1336 1176 1340 1181 -

101 1232 237 1298 stathius
260 1231 331 1297 669.
354 1232 373 1296 3
396 1232 554 1314 producit:
589 1232 629 1296 ad
664 1227 779 1310 ἀκλεές
801 1229 971 1320 ἐεείῤῥημα
995 1225 1082 1299 εἶναι’
1105 1258 1219 1320 φασιν,

102 1327 199 1401 ditm
223 1334 258 1402 δὲ
283 1336 438 1418 λέγουσιν,
467 1330 512 1411 ὡς
535 1330 695 1420 ἆγοκλέες
727 1334 808 1400 κατὰ
843 1334 996 1425 ἔλλειψιν
1019 1340 1079 1402 τοῦ
1101 1333 1222 1414 {arieg
1347 1342 1353 1349 ’

102 1436 165 1503 Sed
188 1433 303 1516 ἀκλεές
324 1436 402 1502 illud
424 1437 608 1503 adverbium
634 1446 704 1502 esse
727 1438 810 1503 inter
831 1456 939 1504 omnes
963 1443 1095 1521 constat.
1140 1439 1218 1523 Syn·

100 1559 177 1622 cope
200 1559 272 1607 curu
293 1540 457 1622 epenthesi
477 1542 683 1621 consociatur,
707 1537 895 1618 εἰεείκλεῖας
909 1540 1055 1622 illudpro
1068 1537 1221 1623 εὔκλεέας

101 1645 219 1710 dictum
241 1644 411 1726 accipimus
433 1643 534 1725 epsilo
554 1644 678 1723 extrito,
700 1644 766 1709 iota
788 1643 904 1709 addito.
955 1641 1063 1708 Orasis
1085 1645 1136 1710 vel
1158 1647 1220 1713 duo

100 1749 127 1819 εξ
156 1748 259 1829 prima
281 1748 360 1817 ina]
387 1747 453 1811 sive
480 1744 507 1832 ἦ
527 1747 652 1826 miscet,
687 1742 851 1838 εὐκλεῖας,
874 1745 924 1811 vol
953 1746 1126 1813 secundum
1148 1767 1220 1816 cum

100 1851 197 1916 tertia
210 1850 321 1929 vocali,
343 1850 410 1915 sive
426 1851 574 1932 {sirei
586 1845 740 1931 εὐκλεεῖς,
766 1844 913 1928 εὐκλεεῖς,
935 1868 1067 1931 quorum
1080 1850 1220 1933 syllabae

100 1954 232 2033 mediae,
254 1953 329 2035 quia
351 1971 461 2018 versus
483 1954 529 2018 illi
551 1954 676 2035 longam
698 1958 841 2035 poscunt,
863 1953 929 2017 iota
950 1953 1110 2034 inseritur,
1136 1955 1219 2021 unde

99 2057 240 2123 nascitur
262 2053 386 2123 affectio
407 2055 640 2137 conduplicata,
674 2075 770 2138 quam
804 2055 933 2137 proprio
954 2056 1079 2121 nomine
1102 2082 1219 2141 apaan

101 2157 278 2225 ἐπέεθεσεε
312 2158 473 2253 appellare
505 2177 682 2241 possumus.
749 2159 808 2224 His
841 2163 947 2223 autem
968 2158 1065 2223 variis
1087 2157 1219 2225 flexibus
1334 2224 1341 2234 ,

100 2268 253 2345 quantum
276 2280 392 2344 operae
414 2262 619 2327 insumserint
630 2268 755 2328 veteres
767 2262 911 2327 doctores
923 2266 956 2325 et
977 2279 1039 2342 quo
1062 2279 1219 2343 successu,

100 2366 267 2431 ostendere
289 2384 352 2430 non
375 2383 644 2446 supervacaneum
667 2366 750 2430 duxi.
810 2363 897 2441 Quae
927 2370 1094 2446 praetcrea
1116 2364 1219 2448 spicz-

99 2485 194 2533 nerus
217 2468 250 2532 in
271 2468 346 2533 Exc.
361 2468 456 2535 XXII
478 2468 517 2532 de
540 2468 704 2533 adiectivis
726 2488 746 2532 a
768 2468 893 2534 nomine
915 2469 1008 2545 κλέος
1030 2469 1132 2534 ductis
1155 2469 1219 2534 dis·

99 2571 184 2649 serit,
208 2571 293 2636 lectu
314 2572 476 2653 perdigna,
500 2572 557 2637 sed
581 2590 644 2636 non
666 2571 759 2636 huius
782 2570 920 2636 instituti
942 2577 1024 2636 sunt

183 2673 365 2753 Diaeresin,
381 2672 384 2677 ’
399 2677 488 2743 cuius
511 2675 614 2740 adhuc
642 2675 730 2740 nulla
751 2673 836 2740 facta
858 2679 908 2739 est
928 2674 1055 2754 mentio,
1078 2676 1218 2742 nonnum

98 2776 239 2842 invenire
263 2777 323 2842 sibi
345 2777 404 2841 risi
432 2784 507 2843 suut
528 2779 560 2856 in
583 2770 705 2861 syllaba
726 2777 896 2843 verborum
916 2779 1112 2859 quorundam
1134 2781 1218 2863 prin-
1255 2843 1258 2847 .

99 2879 205 2960 cipali:
240 2881 277 2943 τὸ
312 2877 409 2964 εἷ’ργω
442 2877 475 2947 οἳ
510 2880 652 2946 παλαιοὶ
681 2875 927 2965 ἇναλαγώτερον
956 2881 1039 2946 κατὰ
1070 2880 1219 2948 διάλυσιν

99 2974 192 3048 εἶπεν
225 2980 323 3068 ἐέργει
346 2982 498 3049 Choerob.
522 2983 611 3049 Orth.
637 2981 706 3048 182.
729 2980 780 3047 41.
825 2979 937 3068 Ei‘pyo
970 3000 1054 3048 nunc
1081 2983 1219 3050 Homero

98 3090 257 3151 exemtum
284 3091 335 3151 est
356 3086 519 3168 supposito
541 3085 720 3168 trisyllaba,
755 3086 845 3151 cuius
866 3086 970 3168 prima
991 3085 1107 3150 vocalis
1129 3104 1217 3167 pros·

98 3188 226 3255 theticis
258 3188 498 3270 adnumeratur,
531 3210 560 3255 v.
581 3180 714 3256 Elemm.
737 3188 753 3254 I
774 3187 825 3255 58.
845 3225 880 3236 -
899 3180 1012 3272 ’Έεμαι
1036 3192 1070 3254 et
1095 3190 1217 3270 κέεμαι,

98 3310 180 3373 quae
200 3292 285 3357 idem
306 3292 465 3375 producit,
493 3312 555 3359 non
577 3293 674 3359 verba
696 3298 778 3374 sunt,
813 3293 871 3359 sed
889 3292 1056 3357 verborum
1079 3291 1220 3357 themata

99 3393 222 3478 [Rham.
238 3393 306 3474 191,
329 3393 411 3460 infra
427 3413 494 3479 cap.
507 3396 540 3461 11
551 3397 579 3481 b.
593 3396 613 3461 2
626 3396 719 3481 HA}
742 3396 877 3462 Prorsus
888 3395 1079 3466 unicumlest
1090 3395 1219 3477 dialysis

98 3498 372 3580 exemplnmillud,
396 3499 480 3581 quod
502 3499 598 3566 schol.
611 3499 701 3564 Dion.
714 3497 776 3564 797
799 3496 900 3578 affert,
924 3497 961 3562 rb
990 3498 1016 3580 ᾗ
1042 3491 1217 3564 ἀναλύεται

98 3596 147 3678 εἰς
161 3599 219 3667 dio
243 3603 288 3672 zi:
312 3604 413 3688 δῆλον
431 3603 541 3670 δέελον
583 3601 635 3667 Sic
647 3603 743 3668 etiam
755 3600 959 3668 Aristarchus
981 3597 1059 3666 rllud
1071 3601 1220 3699 euplicuit

98 3721 231 3785 cumque
254 3722 292 3770 eo
313 3706 594 3773 nonnullilthacae
617 3704 779 3787 epitheton
790 3709 971 3770 contextum
980 3722 1051 3771 esse
1063 3705 1218 3771 coniecta-

97 3812 185 3872 runt:
209 3802 358 3874 ariolator
373 3804 566 3892 (ec'dar'slov)
579 3803 650 3873 ἀντὶ
673 3809 733 3872 τοῦ
755 3801 907 3873 edoceto»
930 3798 1064 3894 εἷῗδηλον
1077 3806 1219 3889 Apollom

96 3907 171 3973 Lex.
194 3909 296 3990 Hom,
319 3912 376 3977 sed
397 3913 507 3978 reiecti
530 3916 604 3977 sunt
626 3909 733 3994 [Proll.
759 3907 843 3995 106].

184 4012 297 4079 Adhuc
330 4032 434 4080 sermo
455 4021 601 4081 versatus
635 4019 685 4080 est
716 4014 749 4079 in
775 4013 970 4096 regionibus,
1004 4029 1083 4093 quas
1105 4016 1218 4093 poetae

97 4115 269 4195 possident.
315 4114 378 4183 Sed
401 4118 441 4183 de
463 4117 592 4200 syllabis
614 4116 760 4184 finalibus
783 4117 953 4197 scriptores
976 4133 1100 4196 quoque
1124 4115 1219 4182 soluti

97 4217 130 4283 in
153 4219 317 4285 consilinm
339 4219 509 4285 adhibendi
539 4225 621 4286 sunt.
688 4220 825 4286 Casuum
858 4218 1060 4284 nominalium
1083 4238 1164 4284 unus
1186 4220 1220 4285 in

10 4362 45 4418 2
97 4323 130 4392 ᾗ
148 4321 263 4404 duplex
287 4323 359 4402 exit,
382 4320 484 4387 dualis
501 4322 671 4406 nominum,
694 4341 775 4406 quae
790 4321 1007 4414 genitivumin
1020 4323 1218 4404 {Quidnam
