2736 4778
124 332 198 409 ooo
473 329 793 413 nmenarsrro
813 327 885 399 nv.
939 276 946 287 ’

125 540 189 607 que
222 516 346 584 dudum
379 516 561 584 transactis.
614 517 702 584 Illud
732 517 872 584 fortasse
910 526 1028 583 natura
1057 515 1166 584 breve
1199 527 1246 584 est

123 646 155 688 v.
178 619 304 688 Techn.
328 620 378 686 18.
402 621 537 686 altemm
557 641 633 686 vere
656 618 810 686 murum.
852 620 908 687 De
930 618 1054 706 duplici
1075 619 1245 709 participii

124 719 343 807 μαχειόμενος
372 732 405 788 et
431 717 655 807 μαχεούμειος
680 719 935 788 conformatione
954 718 1036 786 nihil
1057 719 1245 807 quidquam

125 825 315 892 adnotatum
334 824 463 913 reperio
488 823 556 888 eive
577 821 612 887 id
631 843 711 888 casu
726 823 848 889 iactum
866 833 917 888 est
934 822 1003 888 sive
1018 821 1100 907 quia
1116 834 1245 888 utrum·

126 949 190 1014 que
212 949 231 992 a
252 927 422 1010 μοχέομαιΙ
442 924 620 991 derivatum
640 924 848 992 crediderunt
873 924 988 990 addito
1008 923 1104 990 alteri
1125 925 1245 1013 epsilo,

125 1027 216 1094 alteri
233 1027 358 1116 ypeilo,
378 1026 468 1111 quod
486 1048 591 1113 genus
610 1026 799 1117 epenthesis
818 1049 878 1097 suo
896 1025 970 1096 loco
986 1025 1245 1093 confirmabimr.

126 1131 196 1200 Sed
216 1128 483 1218 praetermittitur
503 1128 602 1195 etiam
622 1126 768 1211 stupebo,v
780 1128 816 1194 in
838 1149 904 1214 quo
925 1126 1099 1193 manifesta
1119 1127 1244 1216 hyper·

101 1232 227 1298 thesis
255 1232 350 1319 signa
378 1241 593 1320 exsuperant3
626 1253 703 1296 nam
736 1231 836 1296 modo
866 1230 913 1297 sic
934 1228 1185 1317 'pronunciatur
1212 1240 1245 1296 ut

126 1329 244 1413 inclara,
276 1332 376 1400 modo
405 1344 443 1399 ut
472 1326 641 1417 λαμβάνω.
694 1332 735 1398 In
764 1332 941 1399 novissima
969 1330 1040 1397 acie
1069 1330 1243 1399 collocabo

127 1432 194 1500 duo
225 1433 385 1500 vocabula
410 1433 593 1512 abnormia‚
621 1431 844 1520 μοοημλειιοι
873 1432 1047 1519 (καλοῦσι)
1075 1435 1139 1500 τοῦ
1165 1428 1243 1523 ἡμι·

126 1534 223 1603 έιτοο
242 1536 279 1602 ad
304 1531 419 1624 ἥμισυ,
442 1530 483 1603 οὗ
503 1537 614 1613 καλῶς
635 1533 675 1602 da'
695 1536 779 1601 Hcs.
807 1545 840 1600 et
859 1532 1112 1611 barbarismum,
1144 1554 1243 1619 quem

124 1635 330 1725 Porphyrius
361 1636 396 1700 in
426 1637 470 1705 V.
498 1634 624 1702 Plotini
652 1657 681 1702 c.
706 1636 808 1703 XIII.
839 1660 874 1725 p.
903 1635 956 1702 63.
987 1635 1148 1721 magistro
1184 1656 1242 1703 sno

127 1737 261 1804 firmiter
281 1736 471 1802 adhaesisse
491 1736 603 1802 refert:
629 1731 827 1825 ἁμαρτάνων
850 1735 885 1806 e's
906 1761 974 1805 εισι
996 1736 1168 1817 λέξεσι-
1187 1730 1249 1805 oria·

128 1832 169 1904 dv
191 1830 286 1904 alares
307 1832 592 1925 ἀναμιμνήσκεται
613 1831 686 1904 ἀλλ’
711 1832 1005 1926 ἅναμνημίσιειαι.
1055 1837 1147 1904 Illud
1176 1860 1242 1906 aer·-

125 1960 256 2005 monem
275 1939 392 2027 resipit
411 1938 638 2006 tabernarium.
681 1940 831 2006 Alterum
854 1960 1070 2007 commemoro
1097 1950 1241 2009 tantum·

125 2041 225 2109 modo
250 2040 293 2107 ob
312 2040 531 2108 celebritatem
552 2039 711 2118 auotoris3
732 2064 809 2108 vera
828 2042 915 2108 enim
932 2040 1160 2110 aestimatione
1176 2064 1243 2110 nou

127 2153 177 2209 est
197 2139 334 2223 πάθους
358 2141 543 2231 exemplum
571 2142 631 2209 sed
651 2142 798 2209 inscitiae
823 2143 907 2210 sicut
928 2143 984 2209 illa
1005 2165 1089 2230 quae
1116 2144 1242 2232 Scyth·

125 2242 265 2310 balbutit
294 2243 448 2310 comicus.
499 2246 576 2310 Hae
607 2255 683 2310 sunt
710 2244 817 2325 λέξεις
841 2249 1103 2333 παρεφθοροῖαι
1129 2247 1242 2334 potius

126 2345 344 2435 appellandae
366 2369 464 2433 quam
484 2352 706 2415 πεποιθοίαι.

210 2482 335 2549 Verum
366 2503 409 2547 ne
443 2481 543 2547 ullam
581 2479 736 2546 latebram
775 2478 969 2545 invisitatam
1007 2480 1241 2568 relinquamus,

127 2584 273 2672 paullum
305 2582 429 2667 aliquid
459 2605 579 2670 operae
608 2580 863 2668 impendendum
893 2593 942 2648 eet
968 2583 1142 2650 metathesi
1162 2610 1240 2654 con·

127 2684 305 2751 tractionis.
355 2686 449 2750 Haec
478 2683 610 2749 obtinet
630 2684 664 2748 in
696 2683 864 2749 vocabulis
898 2708 982 2771 quae
1015 2697 1080 2750 tres
1109 2688 1241 2754 vocales

126 2788 241 2854 breves
263 2809 323 2874 per
344 2785 479 2851 totidem
500 2786 640 2871 syllabas
662 2786 852 2853 continuant
872 2796 909 2850 ut
929 2783 1050 2853 αἰδέεο.
1078 2786 1122 2851 Id
1142 2811 1241 2873 quum

127 2910 221 2955 aures
243 2900 450 2976 respuerent,
480 2887 605 2978 duplex
635 2888 770 2976 patebat
790 2888 914 2966 exitus,
942 2900 978 2952 ut
1000 2898 1056 2952 aut
1078 2888 1167 2955 duae
1191 2891 1240 2955 ul·

127 2991 223 3057 timae
253 2990 381 3058 vocales
401 2991 436 3056 in
452 2977 498 3058 οὗ
527 2989 792 3057 contraherentur
820 2985 936 3056 αἰόέοο
963 2989 1011 3074 (et
1038 2984 1155 3076 αἰδοῦ)
1187 3003 1241 3061 aut

127 3093 232 3184 prima
259 3116 332 3160 cum
353 3095 498 3161 secunda
519 3093 553 3158 in
568 3077 611 3160 ἐἶ
628 3089 737 3160 αἰδεῖο
761 3090 830 3158 Od.
852 3089 915 3156 IX.
940 3089 1013 3163 269.
1069 3090 1126 3158 Sic
1146 3092 1241 3158 etiam

127 3201 222 3287 μεθῇ
246 3219 287 3264 ex
307 3199 451 3283 μυθέαι,
481 3193 544 3261 hoc
570 3206 679 3260 autem
705 3215 747 3259 ex
773 3194 918 3273 μυθέεαι
949 3203 1148 3260 contractum
1169 3218 1240 3262 esse

128 3310 277 3377 constat,
315 3298 405 3385 quod
439 3308 659 3384 respectantes
697 3305 815 3383 poetae
847 3298 991 3377 μυθεῖαι
1025 3296 1240 3383 protulerunt

127 3401 271 3488 Parique
298 3398 522 3466 vicissitudine
547 3398 680 3464 nomina
706 3395 822 3462 variari
850 3394 987 3475 scimus,
1021 3398 1154 3482 quando
1181 3423 1240 3488 pro

128 3503 170 3571 ιὰ
198 3502 293 3592 κλεή,
324 3499 414 3588 quod
441 3522 493 3565 ars
523 3500 647 3588 poscit,
677 3499 806 3589 poetice
834 3497 952 3563 dicitur
981 3497 1021 3565 τὰ
1047 3502 1156 3579 ateio,
1180 3525 1241 3589 pro

129 3603 206 3680 τοὺς
234 3597 387 3682 εὖκλεέας
413 3599 586 3686 (εὐκλεεῖς)
616 3596 782 3680 sinteino,
819 3622 879 3687 pro
911 3595 1091 3688 ἀγακλεοῦς
1118 3615 1242 3669 mutata

130 3703 359 3770 contractionis
381 3703 507 3769 ratione
525 3698 692 3794 ἀγακλῆος
718 3715 778 3769 etc.
