2736 4778
175 332 227 410 82
539 323 857 396 DlSSERTATIO
891 325 919 395 Ι.
1053 366 1058 373 ·

175 515 258 584 nihil
286 513 429 592 conlert,
459 521 628 580 accentum
654 535 786 600 quoque
807 512 1010 582 immutatum
1029 510 1201 600 relinquat
1244 500 1313 584 m'

177 619 295 687 eodem
314 615 413 683 modo
435 614 574 682 iortarse
599 614 640 683 de
661 611 809 698 άβυασός
823 615 1001 700 judicavit,
1031 616 1085 682 oui
1112 617 1289 685 nonnullos

177 719 277 808 alpha
306 717 542 806 pleonaaticum
570 738 717 784 asserere
745 716 830 793 dixi3
860 716 940 784 mihi
967 727 1075 784 tamen
1094 717 1290 804 privativum

176 822 287 911 potina
313 819 440 886 videtur
466 831 504 885 ut
533 841 595 886 noo
616 839 765 904 quoque,
800 840 885 903 quae
917 817 1171 905 profundissima
1202 831 1289 901 aunt,

175 924 276 991 irmdo
305 943 415 989 carere
446 919 592 987 dicimus.
634 920 754 1007 Neque
782 919 891 1000 aliter,
921 930 1021 1007 puto,
1054 919 1096 985 de
1114 915 1289 1011 άσιεραπά

176 1038 210 1093 et
232 1025 273 1092 de
296 1018 450 1110 άσπαφὶς,
473 1044 659 1109 quanquam
681 1022 846 1090 Arcadius
870 1045 903 1110 p.
925 1021 977 1089 36.
1002 1021 1066 1089 hoc
1087 1021 1288 1090 terminatio·

175 1128 228 1195 nia
253 1147 354 1194 oauaa
383 1123 457 1190 acui
490 1124 602 1192 floribit
628 1137 666 1192 ut
695 1125 859 1215 appropio
888 1136 920 1191 et
953 1124 1087 1201 aimilia;
1120 1125 1288 1210 quomodo

178 1230 276 1298 etiam
299 1225 487 1313 oxytoneais
508 1225 648 1292 nominis
671 1221 814 1313 άδραάς,
846 1226 874 1293 ai
903 1247 977 1293 cum
998 1224 1102 1314 δρυάς
1121 1227 1288 1316 compoti·

176 1343 246 1398 tam
267 1339 327 1408 eat,
349 1327 472 1415 duplici
493 1328 620 1394 ratione
642 1329 790 1395 excumri
806 1342 925 1419 potest,
948 1331 1139 1419 pleonaemo
1157 1339 1191 1395 et
1207 1328 1286 1396 cha·

174 1443 314 1507 tactem
335 1452 412 1497 nam
432 1452 516 1516 quae
537 1430 572 1496 in
592 1456 634 1513 ας
655 1442 776 1497 exeunt
793 1455 854 1520 per
870 1437 929 1512 όος
950 1432 1122 1510 declinata,
1143 1442 1288 1518 oxytona

176 1545 270 1612 ount;
298 1532 349 1599 ain
379 1555 399 1598 a
427 1533 507 1620 δρῦς
535 1533 696 1621 processit
728 1544 764 1598 ut
792 1531 928 1620 δραάς
918 1556 1027 1622 rpaum
1049 1546 1083 1601 et
1103 1528 1287 1621 ἁμαδρυάς.

176 1636 277 1726 alpha
309 1633 530 1721 copulativam
556 1633 657 1701 habet
683 1644 721 1699 ut
750 1628 907 1723 ἀδελφός.
953 1637 1050 1718 Quae
1071 1657 1147 1702 vero
1168 1635 1288 1702 canoni

175 1741 224 1806 illi
243 1745 439 1827 repugnant,
463 1736 690 1802 Herodianum
706 1735 844 1803 arbitror
858 1739 1092 1823 synecdromae
1107 1738 1287 1827 imputaaoe

175 1854 213 1911 ut
243 1838 397 1932 ἀμαυρός
425 1847 458 1904 et
480 1831 643 1926 άφαυρός,
666 1859 751 1923 quae
773 1860 814 1903 ex
835 1840 1137 1927 properispomenie
1158 1843 1288 1925 μαῦρος

176 1958 210 2016 et
238 1947 371 2033 φαῦρας
401 1940 445 2029 (ai
472 1938 572 2006 modo
598 1937 662 2005 hoc
691 1939 860 2037 cognitum
887 1940 1002 2008 habuit
1024 1965 1055 2009 v.
1083 1945 1109 2027 §.
1133 1939 1178 2025 1.)
1199 1939 1288 2005 iacta

175 2059 252 2118 tunt
273 2055 432 2134 oxytona3
459 2034 560 2109 aed’
540 2038 696 2130 αγαυρός,
718 2065 747 2108 er
736 2040 881 2109 Orioni
903 2043 1158 2128 accredimuap.
1182 2041 1286 2119 143.

173 2175 242 2219 non
262 2175 282 2216 a
304 2152 428 2234 γαῦρος
449 2143 617 2210 arcessivit
637 2142 696 2208 aed
718 2141 808 2208 ab'
787 2144 928 2232 αγηράς,
959 2146 1049 2233 quod
1073 2166 1169 2211 nemo
1195 2141 1288 2208 novit

172 2277 204 2319 v
224 2249 327 2317 Proll.
349 2247 422 2313 259.
467 2245 523 2312 Sic
553 2256 639 2311 certe
666 2244 777 2332 Epim.
797 2245 825 2312 Ι.
848 2247 900 2314 85.
929 2244 1081 2316 καθόλου
1104 2244 1148 2314 τά
1178 2239 1227 2324 εἷς
1249 2268 1288 2323 υς

175 2350 316 2439 λήγοντα
349 2341 614 2470 άρρειιαὰῑῖ)ε
599 2345 687 2432 υπέρ
719 2343 781 2414 dio
803 2349 971 2433 συλλαβάς
993 2343 1288 2436 προπαροξύνεται

175 2447 270 2521 ἁπλᾶ
291 2473 327 2517 τι
349 2446 405 2516 καὶ
426 2442 587 2526 σύνθετα,
615 2447 772 2527 πέλεκυς,
796 2447 938 2535 δίπηχυς
958 2474 1015 2517 και
1007 2441 1156 2517 arilia·
1182 2442 1287 2537 παάτρ

174 2544 234 2622 οὖν
261 2548 381 2619 καὶτὸ
409 2540 554 2630 άσταχυς
580 2545 650 2630 ἅμα
679 2552 728 2637 τῷ
751 2550 954 2639 πλεονασμῷ
983 2544 1287 2638 προπαροξύνεται,

175 2649 455 2740 quodpraecepit
475 2647 640 2714 Arcadius
660 2672 694 2737 p.
718 2649 770 2715 91.
812 2650 931 2736 Itaque
960 2645 1126 2740 άβλρχρός
1153 2661 1186 2716 ct
1206 2647 1286 2715 cha-

175 2754 309 2821 racterio
331 2772 432 2818 cauea
452 2749 594 2826 acuitur,
622 2750 679 2834 qui
707 2762 847 2838 apparot
871 2775 912 2819 ex
934 2750 1100 2839 μελιχρός.
1121 2750 1287 2838 πενιχρός,

173 2852 369 2944 βάελυχρός,
398 2846 557 2937 άμυχράς,
586 2860 619 2915 ot
643 2850 720 2935 quia
749 2851 847 2940 alpha
873 2853 1029 2920 abundat.
1079 2853 1156 2920 Hoc
1176 2851 1287 2940 ipsum

174 2969 285 3023 tamen
312 2949 485 3019 addubitat
512 2949 698 3018 Scholiasta
724 2954 810 3022 Vrct
839 2955 883 3020 ad
908 2956 929 3021 l.
957 2977 985 3022 o.
1014 2951 1152 3024 δύναται
1174 2953 1231 3021 καὶ
1253 2952 1287 3022 ἐν

174 3054 329 3128 ἐπιτάσει
349 3045 451 3132 εἶναι,
478 3073 564 3139 quae
592 3053 751 3122 dubitatio
778 3055 858 3122 mihi
880 3058 1106 3125 necessitatem
1128 3051 1224 3122 affert
1244 3054 1287 3122 de

174 3157 277 3248 alpha
297 3153 451 3243 epitatioo
475 3157 651 3242 separatim
672 3157 819 3236 dicendi,
847 3159 900 3224 cui
924 3170 1038 3227 notum
1058 3170 1109 3229 eat
1129 3169 1287 3246 quantum

175 3257 381 3329 Scholiastae
402 3265 435 3320 et
455 3255 697 3346 Gloaeographi
719 3261 922 3326 indulserint

260 3364 285 3446 ς.
306 3359 338 3424 4.
383 3354 627 3425 Vocabulorum
648 3381 734 3444 quae
751 3359 816 3427 huc
836 3358 969 3427 trahunt
988 3385 1065 3450 pare
1085 3386 1126 3430 ex
1149 3363 1286 3453 integris

175 3470 321 3539 constat,
348 3480 427 3550 para
450 3480 490 3525 ex
518 3459 696 3545 corruptis3
724 3460 852 3547 integra
879 3471 935 3527 aut
960 3464 1060 3531 verba
1082 3476 1159 3532 aunt
1182 3461 1284 3535 ἀείδω
1359 3511 1360 3516 1

175 3568 245 3639 άπὸ
267 3590 327 3635 coo
313 3557 428 3631 εἴδω
450 3556 535 3643 μετὰ
552 3564 611 3626 τοῦ
635 3559 829 3630 ἐπιταπικοῦ
848 3589 869 3630 α
891 3562 967 3632 Sch.
992 3565 1033 3632 Il
1055 3566 1083 3634 Ι.
1108 3570 1136 3634 1.
1159 3567 1212 3636 oui
1232 3590 1284 3635 re·

174 3667 316 3741 iellendo
340 3684 475 3752 operam
495 3683 562 3726 non
583 3659 786 3748 impendam,
813 3659 997 3750 ἀλαπάζειν
1022 3668 1107 3748 μετὰ
1129 3673 1188 3738 aori
1210 3667 1286 3739 ἐπι-

174 3774 312 3844 racemi
331 3794 353 3835 α
375 3763 452 3833 Soh.
474 3764 516 3832 V.
535 3760 606 3828 166.
629 3764 720 3849 quod
738 3752 988 3836 aliireduudare
1007 3769 1128 3851 dieunt,
1150 3771 1285 3841 etverbi
1358 3843 1360 3850 ,

176 3872 250 3944 άάω
272 3869 501 3938 inclinamenta
521 3864 624 3931 varia.
647 3859 809 3934 'Aci-’'rm
786 3893 869 3953 αγαν
887 3868 1039 3954 βλάπτει,
1056 3867 1225 3942 monast
1200 3901 1312 3975 αγαν

175 3975 309 4064 βλάψαι
327 3973 409 4037 Hes.
432 3978 465 4033 et
486 3961 590 4046 άατος
612 3961 781 4050 (ιιίατός)ε
729 3961 893 4056 Μάγαν
913 3971 1095 4066 piamenti·
1118 3974 1155 4043 τὸ
1178 3973 1239 4070 γὰρ
1262 4004 1285 4046 α

226 4228 347 4298 mileo
364 4242 467 4285 nomen
486 4221 592 4280 excidit
608 4219 638 4274 in
654 4218 719 4274 EM.
740 4222 858 4287 15910.
894 4222 964 4282 Nam
983 4225 1178 4288 femininorum
1196 4230 1286 4292 multa

177 4320 300 4396 oxyioua
312 4321 378 4372 tunt
387 4307 545 4396 ρυσιακτάς,
557 4301 626 4383 dictis
638 4313 692 4369 ait·
1140 4352 1143 4356 >
