2736 4778
187 360 253 426 DE
273 357 543 428 PROSTHESI
563 357 625 426 ET
647 357 910 428 APHAERESI.
945 355 984 423 C.
1000 357 1079 430 VII·
1139 363 1189 437 95

80 566 145 630 que
165 543 360 610 necessitate
392 543 567 608 adstrictus
591 564 653 628 pro
681 536 875 628 ἀμφιγνοεῖν
897 542 1061 608 substituit
1084 537 1190 629 ἀμφι-

79 653 176 715 νοεῐν.
219 647 289 714 Sed
309 647 395 710 inter
417 639 515 710 ἄνοια
540 653 572 707 et
593 639 710 729 ἄγνοια
733 654 858 708 tantum
885 643 1017 708 interest
1036 655 1193 729 quantum

80 748 164 814 inter
187 747 360 813 inscientia
389 755 422 809 et
449 745 604 822 amentia,
633 746 692 811 etsi
721 743 802 811 haec
830 767 932 831 saepe
957 745 1132 810 indiscreta
1159 757 1193 810 et

81 849 276 914 creberrime
298 870 318 911 a
344 845 481 911 librariis
502 846 638 912 contusa
666 859 742 912 sunt
767 869 797 911 v.
820 846 971 933 Lennep.
1001 845 1044 910 ad
1064 845 1193 911 Phalar.

79 951 148 1036 Ep.
178 948 313 1013 LXIX.
345 946 417 1012 215.
448 948 613 1014 Benseler.
645 949 687 1014 ed
718 949 821 1016 Isocr.
853 950 980 1035 Areop.
1005 946 1079 1023 369.
1123 946 1195 1013 Nec

82 1051 211 1114 minore
232 1048 396 1114 intervallo
420 1048 582 1133 disjuncta
602 1060 679 1115 sunt
696 1045 842 1119 ἀπόνοια
858 1061 891 1116 et
905 1044 1081 1135 ἄνιόγνοια,
1104 1045 1195 1132 quod

85 1149 198 1216 Sohol.
231 1149 333 1215 Thue.
365 1149 430 1216 111.
461 1150 514 1216 85.
546 1152 630 1217 inter
661 1150 830 1239 σημειώὸη
859 1152 958 1218 refert
989 1150 1066 1235 quia
1084 1141 1195 1234 ¹vulgo

86 1244 275 1335 ἀπόγνωσις
292 1249 428 1328 dieitur3
449 1250 528 1316 item
549 1249 683 1321 αύννοια
699 1264 731 1317 et
747 1251 910 1339 σύγγνοια,
932 1275 997 1339 quo
1010 1250 1194 1337 Sophocles

82 1373 144 1437 pro
177 1349 347 1437 συγγνώμη
383 1374 463 1416 usus
496 1358 574 1419 est‘
600 1352 702 1422 Verbi
733 1360 839 1439 γνοεῖν
868 1354 992 1420 nullum
1020 1353 1195 1438 vestigium

83 1462 182 1518 extat
215 1450 310 1519 'Nam
337 1454 429 1538 quod
455 1455 613 1520 Musurus
640 1456 744 1521 edidit
771 1461 802 1520 Γ
798 1459 931 1543 corioni
957 1461 1094 1542 γνῶναι,
1127 1477 1195 1521 non

80 1553 128 1619 ita
149 1554 183 1619 in
206 1555 279 1621 ood.
302 1556 460 1644 scriptum
487 1569 537 1622 est
566 1557 626 1622 sed
654 1556 804 1623 Γνοιίσιιι
825 1561 956 1642 γνοῦαι,
986 1557 1076 1642 quod
1105 1557 1197 1622 aliter

82 1655 204 1742 corrigi
228 1667 339 1744 potest
358 1659 486 1745 γνοίησι
511 1658 602 1745 γνοίη
632 1669 670 1724 ut
693 1657 947 1745 Παραφθαίησι
973 1654 1194 1743 παραδράμοι

80 1780 111 1823 ν.
142 1757 306 1843 Spitzner.
340 1759 382 1824 ad
413 1760 453 1825 ll.
483 1761 530 1826 X.
557 1760 630 1827 346.
674 1760 746 1825 Nec
779 1755 913 1844 γνώσκω
940 1758 1103 1825 invenitur
1130 1758 1195 1826 nisi

81 1859 341 1946 reduplicatione
361 1873 492 1927 auctum
519 1862 570 1928 vel
597 1861 760 1928 ordinaria
787 1871 823 1924 ut
846 1859 1038 1946 βιβριόσκω,
1072 1862 1124 1927 vel
1156 1884 1196 1927 ea

84 1984 168 2047 quae
198 1958 429 2044 ἆναδίπλινσις
456 1960 650 2051 γράμματος
673 1972 821 2039 vocatur3
854 1963 895 2027 de
924 1983 990 2046 quo
1017 1962 1052 2026 in
1083 1962 1196 2026 ultima

83 2063 182 2149 hujus
195 2064 431 2131 dissertationis
449 2076 541 2152 perte
558 2065 744 2129 disseretur.
778 2064 863 2129 Cum
883 2059 987 2148 ἀγνώς
998 2073 1059 2126 etc.
1076 2083 1196 2148 operae

83 2177 135 2231 est
157 2167 303 2232 conferre
321 2165 517 2253 ἐνδούπησε,
541 2163 751 2251 ἁλίγόοιαιος,
766 2164 999 2249 μελλνδονηιις,
1022 2163 1100 2248 quio
1115 2163 1197 2228 haec

84 2291 217 2355 quoque
245 2280 321 2333 ente
351 2290 481 2353 gamma
507 2266 629 2333 habeut
656 2265 801 2333 vocalem
828 2276 861 2331 et
889 2264 981 2351 quia,
1016 2287 1196 2350 quaecum

85 2394 215 2457 gamma
235 2381 376 2457 cognata
399 2382 448 2436 est
466 2371 559 2434 litera
579 2368 700 2457 kappe,
721 2379 858 2457 apparet
877 2368 912 2432 in
928 2365 1079 2434 affinibus
1096 2374 1195 2447 κοιῑν,

84 2478 219 2550 κυνιεῖν,
239 2469 373 2551 κτύπος.
404 2473 534 2539 Nullius
551 2472 671 2537 vocalis
688 2472 912 2537 antecessione
931 2470 1108 2535 emollitum
1124 2465 1197 2553 γνό-

84 2596 161 2660 φος,
185 2572 276 2657 quod
296 2573 442 2639 rhetores
464 2573 654 2662 posterioris
676 2574 789 2639 aetatis
815 2573 1010 2649 asciverunt,
1035 2571 1197 2635 diversum

84 2695 105 2737 a
127 2672 289 2760 primitivo
312 2675 413 2762 νέφος
432 2697 536 2762 genus
561 2674 660 2741 habet
684 2696 746 2740 nec
768 2676 905 2741 eandem
926 2672 1198 2760 significationem

84 2775 146 2839 sed
167 2775 304 2862 propius
327 2776 368 2841 sd
393 2779 516 2865 κνέφας
536 2776 662 2843 accedit
689 2778 819 2842 mutatis
848 2776 1058 2842 antistoeohis
1086 2775 1198 2862 kappa

85 2888 118 2940 et
140 2896 277 2960 gamma.
322 2876 478 2944 Similiter
498 2891 621 2958 cetere,
643 2903 729 2967 quae
750 2901 878 2966 gamma
898 2880 931 2944 in
954 2879 1115 2966 principio
1136 2878 1195 2942 ha-

83 2977 175 3055 bent,
198 2976 239 3042 ab
260 2978 311 3056 iis,
332 3002 415 3064 quae
436 3003 505 3046 non
525 2980 656 3058 habent,
678 2992 735 3046 aut
756 2981 861 3066 figura
882 2981 1036 3045 differunt
1056 2991 1113 3045 aut
1137 2979 1195 3043 uli·

84 3102 153 3165 quo
172 3078 416 3165 significationis
431 3082 536 3148 flexu:
558 3076 720 3166 ’Ἀγλιλλες
737 3081 772 3159 ἐξ
787 3071 832 3147 ὧν
850 3077 868 3167 ἡ
885 3081 1013 3168 κεφαλὴ
1036 3086 1096 3147 τοῦ
1119 3102 1197 3146 σκο-

85 3177 191 3265 ρόδου
211 3177 397 3266 σύγκειται·
419 3183 457 3249 τὸ
483 3177 604 3249 d'm’rrd
625 3181 683 3248 καὶ
704 3180 1110 3266 γέλγιθεςΑαθαᾶ.Βα1ιλς.
1123 3179 1196 3245 327.

87 3276 225 3366 Γραπός
245 3277 263 3346 ὁ
289 3278 554 3370 ἐπικεκαμμένην
577 3279 658 3365 ἔχων
678 3280 736 3372 τὴν
758 3283 848 3373 ῥῖνα·
873 3280 973 3374 ῥυβόν
989 3283 1051 3371 γὰρ
1070 3282 1107 3350 τὸ
1125 3281 1198 3348 ἑπι-

84 3380 219 3462 καμιιὲς
239 3377 323 3467 παρ’
340 3379 506 3450 Αἰολεῦσι
531 3387 645 3475 τροπῇ
663 3385 720 3450 καὶ
743 3387 954 3473 πλεονασμῷ.
992 3380 1200 3471 Ἡρωδιανὸς

86 3476 121 3548 ἐν
148 3476 327 3567 Ἐλὲγχοις
343 3483 460 3550 Orion.
483 3486 543 3564 41,
573 3486 602 3550 8.
638 3485 718 3551 ΕΜ.
741 3487 819 3565 242,
842 3488 873 3552 2.
907 3486 1024 3573 quibus
1047 3484 1199 3570 adjuncta

85 3593 163 3647 sunt
184 3580 301 3672 ῥαιβός
323 3596 355 3649 et
377 3583 503 3674 ῥαικός,
532 3598 597 3653 tam
618 3587 715 3652 simili
736 3588 819 3652 inter
841 3610 876 3654 se
897 3598 1058 3675 potestate
1080 3599 1117 3652 ut
1139 3611 1196 3654 ne·

87 3685 209 3749 sciatur
231 3695 338 3751 utrum
359 3687 577 3755 Archilochus
604 3688 639 3753 in
666 3688 722 3754 Fr.
752 3689 815 3756 IX.
845 3691 1032 3775 (XXXIII.
1053 3689 1196 3774 Liebel.)

86 3786 202 3872 ῥαικός
233 3789 400 3876 scripserit
431 3813 472 3858 an
504 3787 630 3879 ῥαιβός.
679 3786 862 3878 Ἒξέλεψεν
901 3793 1081 3880 ἐξέγλυψαν
1113 3794 1196 3858 Hes.

86 3898 260 3974 utrumque
283 3890 323 3955 de
345 3891 459 3957 avibus
481 3915 542 3958 ova
563 3892 809 3960 excludentibus
839 3895 898 3961 sed
925 3899 1048 3981 olchete
1073 3894 1199 3981 signifi-
1282 3878 1307 3927 Γ

87 3989 218 4053 catione
239 3991 343 4077 magis
372 4016 445 4058 eum
475 3996 587 4063 λέπειν
609 4018 705 4082 quam
731 4018 805 4061 oum
832 3996 1010 4086 ylripsrvl)
1038 3994 1198 4081 congruit.

157 4228 187 4295 9)
210 4226 317 4285 Glisma
336 4237 378 4283 est
396 4248 527 4301 groewm
544 4229 628 4294 hinec
650 4239 679 4287 et
697 4231 820 4287 indidem
839 4230 912 4288 liber
933 4232 1054 4305 (cortex)
1077 4249 1199 4290 consone

87 4315 241 4368 fluctuante
253 4323 285 4369 ut
296 4313 368 4386 γιλλιι
380 4315 432 4382 lec,
445 4323 542 4392 γραῖος
554 4334 644 4382 rarus,
658 4313 722 4387 ῠρὂς
735 4317 845 4388 gibbus.
