2736 4778
209 353 259 431 52
366 360 376 377 ’
571 346 888 418 DISSERTATIO
921 347 949 416 Ι.

209 533 383 604 nonnullos
405 555 465 622 pro
487 533 621 622 τηΰσιος
644 535 678 601 in
703 535 831 604 duobus
852 535 989 602 Homeri
1009 533 1090 601 loeis
1112 533 1320 603 substituisse

210 635 376 736 ἔτηὶίσιος,
402 635 493 722 quod
513 658 674 721 nusquam
694 638 813 724 legitur
836 637 895 703 sed
919 660 993 703 cum
1014 634 1168 702 adverbio
1191 634 1266 715 ἔτος
1288 647 1320 703 et

99 816 104 825 ρ
210 736 346 817 ἔτώσιος
366 738 500 804 mirifice
520 738 686 825 congruit,
717 748 750 804 et
779 739 917 826 proinde
939 738 1088 827 τηΰσιος,
1118 760 1184 824 quo
1205 750 1318 825 poste-

208 840 310 906 riores
324 849 468 917 utuntur,
487 837 659 926 aphaeresi
675 840 872 927 assignasse.
908 842 1044 906 Frustra
1058 838 1192 904 tricatur
1208 839 1318 907 Schol.

208 941 363 1028 aputu
380 939 474 1007 1266.
497 936 683 1020 ἑλεσπίδας.
696 943 782 1020 τινὲς
802 943 880 1022 τούς
903 938 1037 1020 ἑλώδεις
1057 937 1200 1021 τόπους·
1222 933 1320 1024 ι’ίμει-

209 1070 266 1112 νον
292 1043 329 1112 δὲ
357 1041 435 1120 τοὺς
461 1035 645 1126 πετρώδεις
671 1040 765 1124 παρὰ
790 1039 827 1109 εδ
855 1043 1022 1111 λέπεσθαι
1046 1037 1112 1108 ὑπὸ
1139 1043 1199 1107 τοῦ
1223 1035 1320 1128 ἡλίου

211 1143 267 1212 καί
290 1140 413 1228 ἀνέμου
434 1140 492 1210 καί
512 1137 627 1210 ὑετοῦ·
649 1138 733 1208 ὅθεν
755 1145 811 1211 καί
832 1145 918 1230 λέπη
939 1139 981 1210 τὰ
1004 1135 1207 1229 ἀκρωτήρια,
1230 1141 1321 1227 quod

210 1245 356 1332 ineptum
383 1254 450 1320 est;
478 1242 565 1308 illam
593 1241 821 1310 deductionem
845 1242 940 1330 παρὰ
962 1241 999 1310 εδ
1028 1240 1102 1319 ίλος
1132 1241 1321 1308 confirmare

211 1347 339 1412 videtur
351 1344 539 1431 Hesychius
553 1345 689 1413 Λέσπιν
710 1342 855 1433 μεγάλην
874 1340 1019 1433 ὖδρήλην
1040 1340 1186 1429 νοτερόν.
1228 1345 1320 1431 Ergo

101 1486 103 1490 >
211 1460 249 1514 ut
276 1448 396 1526 λίσπος
425 1470 445 1512 a
473 1448 578 1526 λεῖος,
609 1446 735 1524 θέσπις
761 1470 781 1511 a
806 1452 917 1526 θεῖος,
950 1445 997 1511 εἰσ
1025 1445 1142 1531 aliquis
1171 1446 1323 1532 conjiciat

213 1548 348 1628 ἕλεσπίς
364 1547 406 1614 ab
423 1546 529 1625 ἕλειος
545 1546 707 1612 deflexum
728 1569 800 1613 esse
821 1546 937 1633 spiritu
956 1547 1066 1614 lenito
1109 1547 1211 1614 Plura
1228 1547 1323 1614 offert

211 1649 399 1736 Hesychius
408 1649 580 1733 Λέβινθοι
602 1646 770 1733 ἐρέβινθοι
791 1648 1105 1735 v.P1011.368.qu0
1125 1649 1351 1736 alegumine,

212 1753 351 1818 fortasse
380 1750 485 1816 dictus
516 1759 566 1813 est
592 1750 713 1813 mensis
739 1748 888 1816 Creticus
912 1751 1101 1833 Λεβίνθιος
1129 1750 1213 1817 sicut
1240 1753 1323 1817 alius

213 1849 417 1941 Πυανεψιείν
442 1875 471 1917 v.
494 1851 674 1916 Hermann.
699 1849 893 1918 casatam
914 1853 1144 1920 Μοπσιελιιοδε
1170 1875 1247 1941 pag.
1272 1854 1321 1919 78.

213 1959 287 2042 Νῆς
306 1950 344 2020 τὸ
368 1949 444 2040 ἔνης
464 1949 552 2035 ὅπερ
574 1950 662 2020 ἐστίν
682 1947 731 2029 εἷς
751 1950 879 2037 τρίτην·
895 1956 1042 2041 Δωριεῖς
1061 1952 1097 2020 δὲ
1118 1959 1177 2031 τοῖς
1191 1955 1324 2040 λέγουσι

212 2079 242 2123 v.
255 2055 398 2123 Ahrens.
413 2053 502 2122 Dial.
523 2053 606 2120 Dor.
623 2050 696 2119 386.
719 2053 835 2140 Ρίψας
856 2049 1018 2138 στεγάσας
1039 2075 1060 2117 a
1081 2050 1211 2119 Criticis
1231 2076 1323 2119 men·

215 2157 332 2224 dosum
361 2155 499 2223 habetur
532 2154 592 2221 sed
624 2164 822 2221 sustentatur
852 2153 925 2219 aliis
954 2155 1066 2244 Ρὲφεα
1093 2154 1324 2239 ἕστεγασμίνα,

213 2258 370 2348 Σσῤῥέφη
390 2253 548 2345 στεγάοη,
566 2258 777 2343 Συνρεφειῶν
798 2260 990 2324 ουνσκεπῶν
1012 2254 1100 2340 (sio).
1144 2256 1227 2324 Jure
1247 2276 1324 2322 vero

213 2358 248 2424 in
269 2355 489 2444 suspicionem
509 2363 666 2420 venerunt
684 2354 841 2431 Ρίσαντες
862 2353 1165 2446 φιλονεινὴσανεες,
1188 2361 1221 2420 Τ
1217 2352 1326 2445 η’τυμα

215 2456 329 2549 ἀληθῆ
347 2468 407 2525 ete.
423 2479 453 2522 v.
465 2452 591 2523 Albert.
608 2453 651 2520 ad
668 2452 828 2538 Πιτίμια,
849 2452 966 2534 Διοτίς
986 2455 1006 2544 ἢ
1024 2454 1135 2546 τροφή
1151 2456 1243 2525 suid.
1263 2480 1325 2547 pro

215 2555 332 2650 ἒδητιίς
353 2569 387 2626 et
405 2556 518 2626 Photii
539 2555 652 2643 glossa
672 2576 771 2654 quam
792 2556 885 2644 attigi
906 2555 941 2622 in
956 2556 1075 2623 Parall.
1090 2558 1143 2623 34.
1165 2553 1325 2640 πτύσχλοι

214 2659 378 2728 καὶκατὰ
401 2655 580 2748 ἀφαίρεσιν
600 2661 659 2726 τοῦ
680 2682 701 2725 σ
723 2654 876 2741 πτδχλοι,
891 2660 960 2744 jam
977 2680 1092 2725 vereor
1111 2681 1153 2724 ne
1175 2681 1215 2723 ex
1233 2680 1325 2724 men-

218 2761 300 2828 doso
315 2759 398 2827 libro
416 2760 514 2827 ducta
533 2757 575 2824 sit
591 2757 648 2825 ubi
666 2781 765 2844 quum
783 2760 866 2826 forte
888 2757 1048 2843 πτδσχλοι
1071 2761 1155 2847 scrip
1158 2771 1226 2825 tum
1241 2772 1328 2827 esset

217 2885 277 2980 pro
295 2861 472 2945 ἕπτεοχλοι
490 2862 621 2941 omissa,
642 2871 804 2950 utsaepe‚
825 2860 1110 2948 meminisset),
1132 2861 1187 2927 ille
1209 2862 1326 2927 erroris

216 2964 349 3050 ignauis
365 2962 558 3051 aphaeresin
574 2974 774 3031 commentus
797 2968 925 3032 estrei
949 2990 974 3030 ε.
1018 2961 1125 3029 Addit
1138 2962 1326 3048 Hesychius
1348 2980 1356 2986 ’

221 3065 288 3133 eta
313 3063 468 3151 παιγνία,
497 3061 655 3135 Ψιιίδδειν
678 3065 823 3149 παίζειν,
852 3063 1035 3152 dequibus
1060 3062 1327 3131 Hemsterhusius

217 3165 251 3231 in
271 3164 446 3233 Ruhnken.
467 3166 573 3253 Epist.
598 3166 644 3232 11.
667 3167 740 3233 214.
762 3168 809 3232 ita
832 3168 1072 3235 diocesaraea
1093 3172 1183 3244 haec,
1211 3167 1327 3253 inquit,

218 3273 318 3352 capite
344 3279 492 3336 truncato
518 3288 558 3334 ετ
584 3287 645 3335 usa
672 3272 820 3354 loquendi
845 3274 1021 3345 communi,
1050 3271 1162 3354 quihus
1185 3280 1251 3336 tum
1277 3273 1328 3335 ιὀ-

218 3373 346 3452 teqrttas
367 3371 519 3436 constabit
541 3356 613 3436 sis
637 3374 701 3436 stoc
721 3371 792 3454 {leae
819 3371 884 3436 ειόε
909 3375 1088 3454 aspiratam
1111 3371 1222 3454 (aeque
1247 3373 1331 3436 caim

217 3472 276 3536 λοο
292 3471 390 3553 piane
410 3471 520 3554 liquet)
544 3473 740 3556 praefixeris.
784 3468 866 3548 {Non
898 3471 1021 3558 liquere
1052 3472 1112 3549 ait,
1148 3471 1225 3557 quia
1256 3492 1354 3540 ver»

91 3654 98 3670 .
218 3568 296 3635 bum
309 3568 441 3656 quidem
457 3571 491 3636 in
507 3570 651 3656 synthesi
669 3571 839 3658 aspiratur,
856 3566 1088 3660 ἀφεψιᾶσθαι,
1102 3570 1329 3660 δφεψιᾶσθοιι,

217 3676 476 3760 καθεψιᾶσθαι,
503 3695 623 3739 nomen
642 3696 719 3740 vero
744 3669 827 3761 ἔψία
850 3674 1059 3741 Grammatici
1084 3675 1190 3740 lenem
1210 3671 1331 3739 habers

220 3773 339 3840 docent
366 3794 424 3838 seu
449 3797 544 3841 usum
570 3787 742 3861 sequentes
771 3775 869 3842 hodie
894 3778 1079 3864 neglectum
1106 3798 1164 3842 seu
1185 3775 1263 3862 quia
1289 3774 1329 3840 ab

219 3871 303 3955 ἔπος
332 3874 465 3941 ductum
493 3888 653 3964 putarent.
705 3877 862 3956 sivero,
893 3891 931 3945 ut
956 3875 1201 3965 Lexicographi
1229 3875 1331 3942 nostri

220 3977 410 4066 opinantur,
440 3975 523 4064 ἕψία
551 4000 570 4043 a
595 3975 662 4066 ψιοί
691 3980 759 4046 sive
781 3977 859 4047 στία
885 3979 921 4044 id
950 3990 999 4045 est
1023 3984 1145 4068 ψῆφος
1173 3977 1332 4065 originem

279 4217 478 4359 8)scqntrrrio
495 4235 590 4277 errore
608 4210 784 4289 Ἐιανηλεγῆε
798 4217 1022 4291 μακροκοίμηεος
1038 4216 1109 4274 Ηεε.
1119 4210 1247 4286 ἱ’λίπηός
1235 4230 1333 4288 cour-

220 4321 301 4385 γονης
338 4303 395 4366 uid.
409 4312 462 4362 eto.
