2736 4778
146 338 212 404 ns
234 337 453 409 srucorn
474 336 620 404 ustus
642 334 864 405 vocans.
895 336 935 406 c.
949 339 997 406 11.
1013 342 1040 426 ς.
1049 339 1080 405 9.
1109 342 1201 443 ιιι,

68 522 209 589 Brsdov.
236 544 270 608 p.
293 520 368 586 285.
392 529 425 585 et
445 519 520 585 374.
562 518 772 586 Brevioribus
794 531 902 587 autem
921 519 1077 602 κάλεσαι,
1101 523 1185 611 κρά-

67 647 162 691 τεσκε
191 623 323 712 epsilon
355 621 536 708 imperfecti
567 621 665 687 finale
694 620 893 686 subtractum
921 643 994 689 esse
1022 623 1185 691 declarant

68 724 281 790 Grammatici
311 721 406 790 ἔσκεν
431 720 473 787 ab
497 718 608 789 ἔιονεν
631 733 836 809 repetentes3
869 742 953 808 quos
977 732 1098 790 temere
1125 727 1184 793 de·

67 826 172 890 sermt
194 824 401 902 Philoxenus
426 822 453 886 si
482 832 520 887 ιιι
540 823 732 889 Eustathius
758 825 856 890 refert
880 823 979 901 1642,
1002 823 1033 888 8.
1059 822 1184 904 νόεανο,

67 925 211 1009 αι’λεοιιο
233 947 275 990 ex
291 923 464 990 contractis
482 920 579 1001 ἐνόει,
599 921 709 1010 ἐφίλει
728 936 806 990 nata
821 923 951 991 censuit
967 923 1090 990 omisso
1108 924 1185 991 iota.

67 1024 247 1091 Difficilior
282 1036 332 1090 est
364 1023 510 1109 quaestio
542 1022 715 1089 verborum
735 1010 913 1092 ¹secundae
947 1024 1185 1104 declinationis,

66 1147 157 1209 quas
184 1126 310 1191 sicum
332 1125 396 1190 illis
416 1124 641 1202 conferuntur,
668 1135 757 1192 recte
784 1149 820 1194 sa
847 1126 970 1192 babent
997 1149 1082 1211 quae
1109 1127 1188 1194 olim

68 1228 238 1311 permultis
266 1226 347 1293 locis
372 1224 565 1312 legebantur
590 1224 799 1307 ναιετάασκε,
828 1224 1005 1313 ἄμφάισκι
1034 1239 1068 1294 et
1094 1229 1187 1315 quod

65 1327 110 1391 L.
121 1328 312 1394 Dindorlius
328 1327 364 1392 in
379 1326 481 1392 Thes.
504 1327 546 1392 T.
558 1327 637 1394 vn.
655 1327 726 1392 140.
741 1329 785 1392 Α.
803 1327 839 1393 in
853 1328 976 1412 Hymn.
995 1328 1031 1393 in
1044 1328 1091 1394 Is.
1106 1329 1136 1395 L
1152 1331 1184 1396 9.

64 1450 127 1513 pro
143 1425 321 1513 σελάγεονι
342 1426 441 1493 scribi
459 1427 530 1492 vult
549 1427 733 1494 σελάεσκεν.
777 1426 847 1494 Sed
863 1427 920 1492 illa
934 1450 1022 1494 ιιιιιιο
1035 1430 1184 1515 undiquc

64 1527 246 1650 esstirpata
263 1539 380 1595 suntv
381 1530 450 1595 ‚ad
465 1528 545 1595 Phr.
557 1528 631 1594 583.
649 1527 928 1594 consentientibus
939 1530 1184 1598 Grammaticisr

63 1629 107 1695 τὰ
124 1632 189 1717 ,τῆς
212 1628 372 1714 dcccdccc
396 1629 554 1716 συζυγίας
579 1627 744 1712 μόνοντὰ
770 1655 792 1695 α
820 1626 934 1711 ἔχουσι
962 1631 1031 1716 πρὸ
1055 1637 1114 1700 τοῦ
1142 1658 1185 1701 os

64 1726 230 1812 βοάασκε,
260 1730 400 1812 γέλασιιε
426 1732 536 1817 Epim.
558 1732 588 1796 Ι.
610 1731 688 1808 309,
709 1731 762 1795 25.
807 1730 963 1812 Qtiod
937 1754 965 1796 ss
990 1744 1096 1799 ratum
1122 1733 1183 1800 ha-

65 1829 196 1908 bemus,
229 1831 423 1896 sumendum
454 1832 517 1897 erit
546 1832 670 1918 primos
703 1831 800 1916 hujus
832 1855 1022 1919 paragogae
1051 1835 1181 1903 lictores

64 1929 222 2014 γελάεοκε
245 1931 368 1997 dixisse
390 1943 426 1997 ut
447 1933 612 2020 φιλέεσκε,
635 1944 691 1997 aut
712 1943 798 1998 certe
819 1932 904 1998 hanc
918 1935 1054 1998 formam
1072 1938 1180 2027 animo

64 2030 198 2096 infixam
233 2031 403 2111 habuisse,
442 2033 519 2098 hinc
549 2044 656 2098 autem
690 2033 794 2118 epsilo
825 2033 930 2097 reciso
960 2033 1083 2099 lactum
1110 2058 1183 2103 esse

64 2134 204 2217 γέλαακε
233 2144 269 2198 ιιι
296 2135 435 2216 citrosa
465 2145 498 2199 et
528 2143 694 2219 postremo
726 2133 830 2196 aseitu
861 2132 961 2218 alpha
988 2134 1182 2219 pleonastici

64 2229 238 2316 ysidorus.
282 2235 357 2299 Hac
378 2234 431 2299 via
455 2233 635 2299 consulitur
659 2243 804 2297 veterum
827 2233 1011 2299 auctoritati
1038 2236 1094 2321 qui
1121 2260 1180 2304 vo·

64 2332 169 2399 calesu
184 2325 404 2418 syllabaec‘ss
422 2334 634 2421 praemissam
650 2332 781 2398 brevem
798 2354 870 2398 esse
890 2335 1046 2400 concordi
1063 2338 1180 2404 suffra·

63 2433 122 2519 gio
139 2433 326 2513 decernunt,
342 2436 521 2523 obrogatur
535 2457 612 2501 vero
628 2433 795 2504 Schaeleri
815 2436 996 2501 sententiae
1010 2436 1054 2500 ad
973 2437 1181 2533 *Schol

64 2535 179 2621 Apoll.
199 2559 232 2622 p.
250 2537 320 2601 176.
340 2526 705 2603 terminationem-
622 2561 704 2604 ασκε
725 2558 766 2600 ex
787 2523 1075 2622 trisyllaba-
974 2562 1081 2605 ααοκε
1101 2561 1181 2605 οοιι-

62 2647 199 2703 tructam
214 2659 297 2717 esse,
319 2662 404 2723 quae
426 2640 603 2736 ipsa——
516 2639 604 2702 unde
623 2648 700 2703 nata
717 2639 761 2703 sit
779 2637 912 2703 tacitum
930 2637 1070 2723 reliquit
1111 2640 1181 2706 Ne-

62 2760 129 2822 que
145 2760 258 2803 rursus
275 2739 340 2804 dici
358 2740 479 2826 poterit
500 2764 621 2808 ααοκε
626 2760 668 2804 ex
688 2762 770 2807 ασκε
684 2726 959 2803 *dilatatum
972 2761 1046 2805 esse
1067 2742 1182 2808 eadem

61 2838 202 2904 dieotasi
224 2862 289 2924 qua
309 2863 464 2957 praesens
484 2837 568 2931 ἐλάα
590 2861 631 2905 ex
652 2839 726 2928 ἐλᾷ,
749 2863 825 2904 nam
842 2839 924 2905 haec
943 2841 1095 2907 diectasis
1112 2866 1181 2908 non

58 2932 292 3004 admittitur
260 2942 324 3006 msi
344 2939 635 3028 monophthongus
655 2941 707 3005 vel
729 2940 965 3025 diphthongus,
988 2942 1041 3006 cui
1058 2944 1180 3009 vocalis

60 3041 171 3107 brevis
197 3040 345 3125 ejusdem
373 3043 445 3107 soni
473 3040 700 3127 praeponitur,
730 3060 771 3103 ex
796 3038 888 3104 brevi
915 3050 947 3103 et
972 3039 1073 3125 longa
1099 3064 1180 3108 con-

60 3154 166 3207 tracta
192 3153 242 3206 est
270 3151 308 3205 ut
334 3137 422 3208 ἐλάω
448 3139 513 3206 ἐλῶ
540 3137 641 3218 atto,
673 3136 767 3205 ἐλάαι
790 3135 851 3225 ἐλᾷ
880 3134 980 3227 ἐλάα,
1008 3161 1076 3204 ιιοιι
1103 3163 1181 3208 vero

62 3238 169 3309 ἐλάων
190 3264 251 3328 pro
274 3239 373 3309 ἐιαον
393 3262 456 3306 nec
477 3237 561 3307 ἐλάα
583 3261 644 3326 pro
668 3234 745 3306 ilos
766 3261 796 3305 v.
810 3237 936 3304 Techn.
954 3239 1025 3305 184.
1063 3240 1182 3329 Itaque

60 3365 107 3407 ex
135 3337 215 3408 ilos
242 3336 345 3430 (ἦλα)
375 3341 555 3406 secundum
581 3351 682 3406 artem
712 3337 849 3408 ἐλοὲεοκε
880 3339 1087 3406 formandum
1117 3355 1186 3408 erat

63 3444 125 3508 sed
147 3441 256 3508 statim
284 3441 419 3507 incessit
445 3463 591 3528 syncope
612 3438 732 3509 ἔλασκε
754 3453 787 3506 et
807 3463 975 3529 syncopae
996 3444 1184 3528 supervenit

62 3541 256 3631 epenthesis
283 3540 435 3610 ἐλάαοκι.
480 3541 564 3609 Cum
588 3541 696 3609 verbis
723 3534 847 3628 primae
873 3552 907 3607 et
930 3543 1094 3612 secundae
1124 3547 1184 3613 de·

61 3643 251 3710 clinationis
276 3642 433 3708 brevitate
461 3643 661 3730 penultimae
689 3643 841 3709 convenit
862 3643 1040 3711 tritocliton
1061 3643 1182 3735 χρύσο·

64 3768 147 3811 ακον
167 3767 221 3831 ap.
235 3743 399 3811 Choerob.
410 3744 432 3808 l.
445 3766 474 3810 c.
497 3744 557 3809 sed
577 3765 692 3810 vereor
711 3767 754 3810 ne
773 3744 885 3810 fictum
905 3745 949 3810 sit
967 3741 1182 3834 ἂναλογικῶς.

152 3847 247 3911 Haec
266 3846 376 3933 paullo
397 3845 494 3910 latius
512 3844 651 3910 disserui
669 3845 748 3930 quia
764 3845 888 3911 artium·
901 3847 1077 3934 scriptores
1094 3848 1184 3911 varia

65 3946 241 4014 verborum
269 3968 391 4032 genera
412 3946 497 4011 inter
521 3968 557 4011 se
577 3946 724 4012 miscent.
770 3946 866 4029 Quae
888 3959 1013 4013 restant
1037 3947 1078 4012 ds
1100 3957 1182 4010 tem·

64 4048 204 4137 poribus
235 4057 424 4134 paragogse
453 4046 659 4134 expertibus,
688 4046 802 4168 paucis
828 4046 1053 4122 absolventur,
1082 4067 1184 4112 unum

63 4151 286 4215 levissimum·
320 4143 399 4213 ἴσαν
429 4146 506 4232 (sic)
539 4148 576 4214 sd
611 4147 811 4235 ἐπορεύοντο
843 4143 913 4215 dut
947 4152 1008 4214 aori
1038 4144 1113 4234 1ημι
1145 4148 1184 4218 sd

62 4249 190 4333 πέμποι
216 4252 321 4326 ἵεσαν,
341 4248 424 4316 ποτὲ
445 4273 506 4331 μεν
527 4248 613 4314 κατὰ
636 4246 804 4336 σογκοιιὴν
824 4243 912 4328 ἴσαν,
935 4247 1019 4319 ποτὲ
1040 4250 1079 4319 δὲ
1096 4248 1184 4319 κατὰ
