2736 4778
45 316 52 336 '
131 329 205 408 57⁰
488 276 806 399 praemonere
836 327 878 400 v.
948 378 953 383 .

129 529 245 586 testate
274 515 412 605 duplici,
444 539 519 583 nom
546 517 580 582 in
610 511 739 599 εῗῖξενος
768 517 936 606 propriam
961 538 1056 585 enam
1076 517 1245 607 siguifica-

130 622 251 687 tionem
285 618 410 686 obtinet
444 612 586 704 ideoque
619 617 661 682 ab
694 618 852 704 adjectivo
886 620 995 686 divelli
1024 621 1115 687 nullo
1146 634 1245 710 paeto

129 733 255 812 poteet3
284 721 416 808 saepius
435 742 511 785 vero
534 719 712 807 particulae
735 721 905 806 epitaticee
927 721 1001 789 loco
1026 724 1246 812 praemittitur

130 825 176 891 sio
198 834 234 890 ut
254 824 375 889 omieea
394 843 462 887 non
484 820 660 887 admodum
686 821 904 900 desideretur,
935 818 1094 908 εὕζωρος,
1125 821 1245 895 εὐποί-

128 928 233 1006 antec,
259 921 511 1010 εὖστρόγγολος,
543 945 628 1008 quae
654 922 825 989 dieeociari
850 935 937 991 vetat
963 937 1127 992 accentus.
1173 929 1288 999 Acu-

129 1038 226 1094 centu
252 1048 319 1092 non
343 1035 481 1090 retracto
509 1035 697 1111 euepectum
722 1025 757 1090 fit
785 1021 949 1105 εὖκλεωός
969 1027 1071 1094 Anth.
1093 1030 1189 1116 App.
1208 1053 1245 1096 11.

127 1129 192 1196 ΙΧ.
216 1151 246 1195 v.
267 1128 320 1197 47.
343 1127 434 1213 quod
456 1127 646 1193 exterminat
666 1125 935 1195 Schneidewinue
957 1128 992 1194 in
1007 1116 1130 1195 Philol.
1155 1130 1245 1198 M

128 1257 161 1319 p.
189 1232 241 1298 36.
274 1230 474 1296 correctione
498 1229 586 1295 facili
617 1228 796 1315 eademque
823 1231 1012 1296 Hermanno
1040 1229 1185 1318 probata
1209 1231 1244 1298 in

126 1334 218 1401 Dice.
242 1332 283 1398 de
305 1331 431 1399 callim.
453 1331 529 1398 Del.
552 1354 585 1419 p.
609 1331 660 1396 12.
687 1336 800 1419 μνῆμα
827 1327 905 1397 τόδε
932 1331 1069 1410 κλεινόν,
1097 1333 1158 1398 eed
1185 1355 1244 1400 cur

126 1439 295 1520 [uminum
315 1433 489 1512 diceretur,
509 1456 576 1499 non
598 1432 724 1498 meruit.
773 1432 841 1498 Pro
870 1423 907 1500 εὖ
932 1433 1046 1522 σεμνὴ.
1063 1433 1098 1499 in
1129 1434 1241 1523 Orph.

126 1537 172 1603 H.
203 1536 249 1602 11.
279 1536 330 1601 12.
372 1538 581 1601 Hermannus
608 1534 712 1600 edidit
741 1529 897 1622 εὒσὲμνη,
931 1556 992 1620 pro
1020 1526 1056 1600 εὖ
1077 1531 1188 1620 ἱεραῖς
1209 1538 1244 1605 in

126 1638 171 1704 H.
192 1637 272 1705 VII.
298 1637 386 1702 idem
408 1633 566 1720 εὒιὲραις,
592 1636 683 1720 quod
710 1635 841 1721 saepius
867 1636 1054 1723 legitur¹¹)
1081 1638 1141 1703 aed
1169 1663 1243 1706 me·

127 1737 250 1805 eculine
278 1739 481 1805 terminatum
510 1734 529 1824 ἡ
562 1730 689 1823 εὐίερος
720 1747 756 1802 ut
788 1733 807 1824 ἡ
838 1734 1013 1819 πανίερος,
1048 1731 1066 1825 ἦ
1096 1732 1241 1827 ἀνίερος.

126 1832 260 1926 Εὖμεγα
282 1840 316 1905 in
341 1834 375 1907 erl
393 1839 479 1925 μέγα
495 1838 686 1904 mutandum
704 1860 778 1904 esee
794 1836 951 1924 probatur
969 1860 1008 1902 eo
1029 1839 1120 1924 quod
1137 1841 1243 1926 μέγας

127 1941 184 2007 uni
215 1941 374 2007 vocabulo
406 1945 475 2018 πᾶς
507 1940 708 2006 subnectitur
734 1962 764 2005 v.
792 1940 913 2004 Parall.
940 1940 1014 2006 221.
1042 1932 1078 2010 εὖ
1109 1942 1243 2023 λεπτῶς

126 2054 213 2110 recte
240 2043 391 2110 scribitur
417 2043 452 2107 in
479 2042 704 2108 Andromachi
731 2040 879 2107 versibus
905 2041 1022 2108 Galen.
1055 2043 1095 2108 de
1124 2043 1243 2125 Antid.

126 2146 154 2211 Ι.
178 2145 208 2211 6.
231 2170 265 2234 p.
286 2146 339 2211 42.
362 2145 403 2210 Τ.
428 2145 526 2212 XIV.
560 2143 716 2211 Verbalia
736 2142 798 2208 eibi
819 2153 968 2209 constant
989 2138 1163 2233 εὕδμητος,
1188 2137 1242 2213 eii.-

126 2271 240 2335 νητος,
269 2243 451 2333 εὐκίνητος,
481 2240 659 2332 εὐποίητος
680 2255 740 2311 etc.
770 2267 856 2330 quae
885 2269 986 2330 quum
1011 2246 1241 2330 vulgominua

126 2347 260 2414 mobilia
281 2347 362 2424 eint,
384 2347 531 2412 nonnulli
551 2347 592 2411 ll.
614 2347 711 2414 XVI.
729 2346 803 2412 636.
826 2340 1035 2434 εὐποιητάων
1051 2346 1242 2434 disjungere

125 2451 307 2516 maluerunt
328 2448 387 2515 eed
408 2448 587 2534 refragatur
597 2448 807 2513 Herodianue
824 2470 854 2513 v.
870 2448 990 2514 Perall.
1006 2448 1079 2514 459.
1112 2450 1242 2517 Eadem

125 2553 250 2617 ratione
273 2562 380 2616 cetere
400 2551 560 2635 adjectiva
581 2549 615 2614 in
626 2537 840 2628 ig'exeuntia
859 2573 932 2614 cum
948 2549 1133 2615 verbalibus
1149 2573 1240 2618 com·

127 2665 293 2742 ponuntur
318 2649 575 2736 βραδυκίνητος,
608 2649 831 2732 ταχυάλωτος,
861 2645 1085 2731 ὀξονκόκυτος,
1116 2646 1255 2741 ὠκυδί-Ι

126 2757 248 2831 domoc
268 2765 328 2818 etc.
374 2752 443 2820 Sed
472 2752 566 2817 valde
596 2751 719 2818 incerta
740 2764 790 2818 eet
811 2776 923 2819 eorum
951 2776 1025 2820 cum
1057 2756 1239 2844 participiis
1278 2766 1281 2775 ’

126 2856 327 2942 conjunctim
345 2849 544 2937 εὐρυκοείων
563 2856 730 2933 συνθέτως
745 2851 791 2933 ὡς
807 2851 1013 2942 ἁλικρείωνῆ
1030 2849 1106 2941 εὐρὺ
1120 2860 1239 2942 κρείων

126 2959 160 3025 ἕν
182 2958 372 3043 παραθέσει
397 2957 491 3021 Euet.
514 2955 566 3033 57,
588 2956 640 3021 28.
674 2957 719 3020 Td
751 2952 829 3041 εὐρὺ
858 2956 941 3039 ῥέων
963 2951 1132 3042 γράφουσί
1152 2983 1238 3037 τινες

123 3055 181 3149 ὑφ’
217 3058 250 3125 ἓν
282 3082 315 3144 p.
341 3057 421 3136 360,
449 3058 500 3124 10.
549 3060 645 3123 Haec
675 3080 761 3123 nunc
789 3059 960 3142 conjuncte
992 3058 1178 3124 scribuntur
1207 3071 1238 3126 et

123 3156 294 3250 Ζεφύροιο
319 3160 570 3245 λιγυπνείοντας
595 3157 700 3249 ἀήτας
724 3160 791 3228 Od.
814 3160 874 3228 IV.
896 3160 969 3224 567.
998 3173 1029 3225 et
1055 3162 1146 3248 apud
1175 3187 1236 3250 po·

125 3263 275 3335 eterioree
297 3272 418 3346 poetes
445 3256 608 3347 ω’·ῥρείων,
635 3259 855 3350 βαθοῤῥείων,
887 3259 1109 3345 deputaverim,
1141 3259 1235 3349 εὐρυ-

123 3367 248 3449 μέδων,
278 3362 380 3426 rariue
411 3361 560 3428 distincte
589 3360 680 3450 πρηὺ·
704 3363 786 3444 ῥέων
818 3359 924 3446 Orph.
947 3362 1029 3448 Arg.
1053 3362 1125 3427 763.
1157 3359 1235 3450 εὐρὺ

124 3469 206 3552 ῥέων
231 3466 328 3531 Pind.
361 3465 416 3532 Ol.
445 3466 487 3531 V.
514 3464 566 3529 42.
594 3456 662 3530 (dmi
691 3460 774 3550 ῥέων
802 3462 904 3527 Anth.
933 3466 1025 3550 App.
1055 3464 1120 3530 IX.
1147 3489 1178 3531 v.
1209 3469 1235 3531 1.

124 3592 222 3653 quem
252 3566 412 3633 scribendi
440 3565 599 3631 rat-ionem
626 3564 667 3628 L.
697 3563 889 3628 Dindorfiue
910 3564 1050 3650 praefert
1075 3565 1109 3630 in
1134 3565 1235 3633 Thes.

124 3695 149 3734 e.
178 3671 393 3754 Βοθυρρἐίων
418 3679 451 3734 et
480 3665 717 3732 asseverantiue
746 3665 820 3730 Vol.
847 3664 892 3729 ΙΙ.
918 3667 988 3731 147.
1017 3667 1061 3731 D.
1084 3686 1146 3749 pro
1169 3675 1233 3752 βα-

124 3766 332 3857 ρυπνείοοτες
354 3764 457 3857 ἀῆται
477 3770 569 3835 Mue.
586 3790 616 3832 v.
627 3765 700 3831 216.
724 3770 836 3849 quivit,
857 3766 973 3851 inquit,
995 3767 1082 3853 βαρὺ
1102 3768 1234 3836 πνείον-

123 3895 175 3950 τες
201 3873 419 3953 corripendum
444 3889 508 3935 esse
528 3871 611 3936 videt
637 3873 703 3952 q'uo
728 3867 827 3932 modo
853 3869 949 3935 etiam
974 3869 1145 3936 Bekkerne
1176 3870 1235 3938 ho·

193 4110 238 4175 11)
251 4107 333 4163 Locis
345 4108 373 4162 in
386 4108 473 4162 Thes.
488 4104 576 4160 citatis
589 4106 663 4158 adde
676 4103 709 4157 P.
722 4104 821 4159 Silent.
834 4107 935 4177 Eephr.
949 4106 1035 4177 Soph.
1045 4108 1068 4158 9.
1081 4107 1164 4162 Amb.
1177 4110 1232 4162 117.

123 4184 151 4248 εὖ
172 4191 244 4266 ἱερός
259 4195 380 4250 Theocr.
400 4193 496 4265 Epigr.
514 4191 562 4246 IV.
583 4194 607 4244 ὅ.
628 4192 727 4259 (nuth.
748 4191 798 4245 IX.
820 4192 893 4258 131.)
917 4193 1035 4245 removit
1057 4192 1234 4264 Meinekiue3

124 4274 282 4354 εῧλαμπρος
298 4280 372 4336 Poll.
386 4279 434 4334 IV.
450 4280 506 4332 183.
526 4277 689 4347 Bekkerus3
711 4272 847 4351 εὔθερμος
865 4277 1017 4334 dubitatur.
