2736 4778
173 367 230 435 DE
253 363 497 449 smhnuusn
519 367 720 436 DIAERESI
741 375 800 437 etc.
833 371 867 438 P.
878 371 903 439 1.
927 373 960 440 0.
971 373 996 441 1.
1019 377 1046 462 ᾖ.
1062 377 1088 444 1.
1172 379 1191 446 5

74 537 134 614 tur,
158 533 200 598 ad
222 550 301 616 quos
323 531 377 597 ille
399 550 434 597 se
455 550 518 597 non
533 532 674 613 demisit;
696 534 858 600 vocativus
874 536 971 602 semel
982 541 1067 620 apud
1078 539 1194 608 Home-

72 655 142 702 rum
158 635 276 719 legitur
291 640 392 700 metro
409 635 549 700 sancitus
564 627 656 718 άλβιε
673 636 831 719 Λαέρταο
850 637 916 703 πάϊ
930 637 988 705 Οδ.
1004 639 1110 708 XXIV
1125 644 1193 711 192.

72 738 176 821 atque
198 758 262 805 non
284 739 489 804 alienatione
511 739 737 821 nominativum
760 741 899 806 admittit
919 741 1066 823 Wolfius3
1097 746 1194 813 Bent-

72 840 153 907 leius
174 860 259 923 vero,
281 841 460 922 ubicunque
477 859 588 907 versus
600 843 728 923 patitur,
752 843 1099 926 bisyllahumpraefert.
1127 850 1194 915 Has

72 945 253 1010 criticorum
275 943 487 1014 dissensiones
516 942 703 1026 Spitznerus
725 947 885 1010 enarravit
911 948 944 1011 in
966 948 1118 1030 singulari
1140 970 1193 1018 en-

72 1045 224 1112 cursuVI
246 1046 288 1112 ad
310 1047 345 1111 L.
363 1045 404 1110 11.
449 1043 513 1111 Sed
536 1046 680 1129 litigandi
701 1047 772 1113 finis
795 1048 897 1114 adhuc
918 1050 1024 1115 nullus
1046 1058 1192 1134 repertus

72 1155 130 1230 est,
157 1167 194 1215 aa
215 1167 256 1216 ne
277 1150 372 1216 iidem
384 1150 512 1232 quidem
529 1168 586 1232 per
598 1151 704 1215 onmia
714 1156 890 1232 sequuntur
901 1152 994 1217 idem.
1028 1153 1192 1223 Bekkerus
1229 1214 1235 1225 .

71 1271 133 1318 non
156 1253 257 1318 solum
278 1254 311 1318 in
333 1253 444 1334 quinta
464 1251 547 1318 thesi
572 1248 654 1330 πάϊς
676 1248 747 1340 εϊρς
768 1254 863 1319 etall.
887 1252 939 1338 (ci.
959 1255 1123 1324 Rossbach
1145 1279 1190 1342 gr.

71 1353 310 1439 deturpat),
327 1355 502 1421 sedetiam
522 1355 556 1420 in
566 1359 689 1437 quarta,
712 1357 779 1422 sive
795 1355 937 1439 dactylus
955 1359 1107 1440 sequitur,
1124 1362 1190 1427 sive

71 1459 228 1540 spondeus
251 1455 333 1536 πάϊς
352 1454 505 1545 Ἡιονῆος
528 1457 605 1524 llll
620 1457 692 1538 435,
717 1455 797 1535 πάϊς
814 1453 973 1544 ἡγήσαιτο
990 1459 1048 1525 Οδ.
1062 1462 1108 1526 VI
1119 1462 1191 1544 300,

72 1563 170 1650 φίλος
182 1561 264 1641 πάϊς
274 1557 471 1648 εἰλήλουθεν
481 1560 557 1626 xvt
568 1560 640 1640 337,
664 1561 721 1626 sed
736 1562 932 1627 constantiae
949 1562 1060 1629 solitae
1072 1564 1188 1631 oblitus

72 1670 151 1744 παῖς
171 1660 423 1752 Ἀμφιτρύωνος
433 1661 584 1729 11.V392
597 1661 694 1746 [nunc
709 1658 814 1749 πάις],
838 1662 1063 1732 etDindorfius
1084 1669 1191 1733 inuno

70 1769 138 1836 loco
148 1768 203 1832 illo
215 1765 376 1850 Odysseae
389 1770 471 1845 παῖς
483 1762 689 1855 εἰλήλουθεν,
711 1767 744 1831 in
756 1766 855 1832 altero
869 1764 949 1845 πάϊς
959 1764 1136 1854 hyponam
1158 1772 1191 1835 in

71 1872 200 1938 Hesiod.
212 1868 292 1952 Opp.
303 1869 345 1934 50
356 1887 414 1951 pro
426 1867 481 1947 lig
492 1865 573 1946 πάϊς
581 1864 746 1934 Ἰαπετοῖο
760 1871 855 1935 tacite
868 1875 948 1948 παῖς
960 1874 1140 1954 supposuit3
1156 1874 1190 1938 in

71 1974 229 2056 Apollonii
250 1971 408 2052 versibus,
432 1989 510 2053 quos
533 1971 732 2048 Wellauerus
754 1973 795 2037 ad
817 1973 833 2037 l
856 1973 918 2038 202
941 1975 1072 2055 indicat,
1105 1974 1190 2041 Mer·

72 2077 175 2142 helius
198 2075 352 2141 diastasin
374 2074 513 2154 reduxit,
547 2074 720 2156 eademque
742 2077 915 2157 antiquitus
937 2082 1066 2159 recepta
1087 2083 1137 2143 est
1158 2079 1190 2144 in

71 2177 178 2255 Quinti
200 2177 216 2243 I
237 2174 279 2240 98
302 2173 356 2255 ἐῢς
377 2172 456 2252 πάϊς
474 2172 654 2256 Ἠετίωνος
685 2181 719 2242 et
747 2195 841 2259 soepe
870 2179 953 2244 alibi.
999 2178 1130 2247 Codices
1157 2186 1192 2247 et

70 2281 158 2346 editt
180 2286 304 2348 veteres
326 2279 512 2361 plerumque
541 2280 709 2361 dissident;
745 2282 1021 2362 grammaticorum
1046 2285 1189 2349 testimo·

22 2435 27 2448 .
69 2384 157 2448 nium
178 2384 299 2448 nullum
321 2387 408 2449 extat
429 2388 557 2464 praeter
578 2383 657 2448 illud
672 2382 775 2466 Etym.
788 2382 870 2449 Gud.
882 2383 954 2450 221.
978 2382 1019 2449 26
1042 2384 1097 2464 ἐϊῑς
1109 2384 1197 2465 πάϊς

69 2483 193 2570 ϊδϊωρια
216 2490 274 2573 τῆς
296 2481 447 2562 αἰολϊδος
469 2487 643 2552 διαλέκτου
665 2486 747 2550 κατὰ
765 2485 930 2572 διαίρεσιν
953 2485 1189 2575 δεφωνοάμενα
1308 2527 1317 2538 ,

69 2589 126 2655 ιιαὶ
150 2585 189 2655 οὐ
212 2589 294 2655 sard
316 2592 446 2674 κρᾶσιν·
471 2587 509 2654 οδ
531 2591 594 2674 γάρ
617 2583 672 2667 tta
694 2580 748 2667 εἷος
769 2588 859 2656 δοσιν
881 2584 927 2666 ὡς
948 2587 986 2654 οδ
1005 2586 1087 2668 πάϊς
1100 2596 1188 2669 παῖς.

68 2693 213 2759 Pertinet
233 2692 294 2759 hoc
315 2692 356 2756 ad
377 2688 532 2756 Illl819
555 2690 610 2769 ἐῒς
631 2688 714 2770 πάϊς
733 2686 900 2776 Ἀγχίσαο,
923 2693 1077 2774 quomodo
1089 2693 1188 2758 Bekk.

69 2795 170 2862 edidit
190 2814 247 2878 pro
268 2795 395 2876 vulgato
418 2797 513 2875 παῖς,
535 2793 620 2875 quod
642 2791 826 2875 Spitznems
849 2799 882 2860 et
903 2794 995 2861 Dind
1019 2796 1204 2878 adoptare.

67 2903 152 2964 runt
202 2898 251 2963 De
284 2897 462 2980 principatu
493 2896 657 2977 utriusque
690 2898 775 2962 vocis
802 2897 1026 2979 quaerentibus
1054 2897 1188 2962 technici

67 3002 152 3067 idem
174 2999 241 3066 fere
268 2997 474 3081 respondent;
503 2997 703 3063 Herodianus
732 2999 771 3063 de
795 2997 897 3063 Genit
919 3016 1028 3079 parag.
1051 2995 1123 3068 238.
1146 2997 1188 3063 24

68 3103 108 3168 οδ
132 3108 213 3182 παῖς
233 3098 269 3169 ἐκ
292 3106 352 3169 τοῦ
372 3101 598 3188 βαρυνομένου
620 3097 703 3177 πάϊς
725 3098 913 3187 συναλιφέν.
952 3098 1187 3165 Choeroboscus

67 3206 143 3273 Gan.
169 3206 238 3273 173.
261 3203 303 3271 28
340 3199 432 3284 δξεϊα
465 3201 522 3268 καὶ
553 3204 672 3286 βαρεῖα
705 3196 753 3279 εἷς
786 3201 1043 3289 περισπωμένου
1076 3202 1187 3288 συνέρι-

65 3333 195 3392 ponat,
230 3304 312 3386 πάϊς
345 3310 441 3385 παῖς,
475 3304 649 3385 eademque
681 3305 825 3385 opinione
858 3304 971 3371 ductus
1003 3303 1187 3385 Apollonius

65 3411 159 3477 Pron.
191 3410 206 3499 l
213 3409 260 3476 15.
291 3408 328 3476 l3
362 3405 454 3488 πάϊς
478 3405 599 3472 confert
631 3424 704 3471 cum
735 3403 861 3487 νάϊλος,
902 3403 1022 3472 πλόῖον
1054 3406 1187 3489 aliisque

66 3514 202 3580 haeresi
223 3511 351 3577 Aeolica
372 3508 508 3588 affectis,
544 3526 639 3590 quam
661 3526 681 3574 a
702 3510 858 3575 communi
881 3509 1016 3574 dialecto
1049 3511 1187 3576 secernit

64 3617 176 3699 regula
186 3615 227 3682 ab
237 3614 348 3680 eodem
359 3612 477 3678 tradita
488 3606 650 3678 σιἰδέποοε
661 3607 779 3678 addaiu
792 3608 972 3692 διαλύεται,
984 3631 1012 3676 v.
1025 3610 1185 3677 Elemm.1

66 3738 97 3802 p.
120 3718 170 3797 60.
215 3716 296 3784 (lum
316 3715 379 3781 illis
401 3715 498 3797 igitur
520 3710 603 3793 πάϊς
631 3718 762 3797 propter
783 3712 992 3796 frequentiam
1013 3731 1090 3780 usus
1113 3732 1184 3779 con·

64 3823 148 3889 ferre
175 3838 336 3899 veremur,
369 3816 427 3884 sed
452 3817 558 3899 potius
584 3817 631 3883 ita
660 3817 843 3898 statuimus,
881 3816 1020 3883 Graecos
1047 3817 1185 3884 cuiusvis

64 3923 168 4006 gentis
198 3921 368 3988 etaetatis
389 3938 502 3985 nornen
524 3919 603 3987 illud
624 3938 688 3985 non
708 3938 770 3985 uno
792 3920 884 3987 modo
906 3919 1093 4003 prosilisse,
1127 3917 1184 3981 sed
1312 3920 1316 3926 ’

63 4043 221 4109 quemque
247 4041 305 4106 pro
328 4021 573 4088 conformatione
600 4023 678 4102 oris,
712 4023 808 4088 alium
836 4024 983 4104 pinguius
1004 4020 1184 4101 loquentem

64 4133 157 4206 παῖς,
180 4129 279 4193 aliurn
300 4123 493 4207 diphthongo
522 4125 555 4189 in
576 4127 700 4191 vocales
723 4143 799 4190 suas
821 4122 991 4188 diffluente.
1037 4119 1183 4186 Commu·

63 4233 113 4297 nis
136 4230 264 4314 quidem
286 4246 389 4294 sermo
412 4225 565 4310 disyllabo
587 4226 620 4290 in
640 4231 743 4291 totum
765 4226 916 4306 abstinet,
939 4225 1000 4289 nisi
1022 4223 1104 4290 forte
1127 4241 1180 4307 ge·

61 4335 181 4402 nitivus
204 4331 336 4400 παίδων
357 4348 396 4397 ex
421 4327 552 4397 παΐδων
573 4334 752 4400 contractus
775 4333 833 4411 est,
858 4332 896 4394 ut
917 4326 1009 4411 vulgo
1031 4327 1182 4394 sumitur:
