2736 4778
156 342 253 412 ,112
542 328 862 405 DISSERTATIO
896 338 924 401 Ι.

176 520 255 605 μία,
282 517 419 603 μεστός,
447 517 615 604 μύλευρον
639 523 719 588 ΕΜ.
743 522 822 598 573,
845 521 897 586 38.
930 518 1095 585 Choerob.
1123 520 1233 606 Epim.
1257 523 1294 587 in

175 621 298 686 Psalm.
320 622 357 698 4,
380 621 433 687 34.
456 642 595 705 quorum
624 633 751 708 partem
779 621 899 708 repetit
924 620 1035 706 Epim.
1057 620 1103 684 11.
1126 621 1200 686 390.
1232 622 1294 686 αό-

178 723 300 807 eeripta
328 721 362 785 in
384 722 532 807 margine
555 723 740 788 Herodieni
763 722 972 788 auctoritate:
1000 719 1114 808 μηνύω
1135 722 1230 805 παρὰ
1253 724 1293 787 τὸ

177 819 265 892 ἀνύω
287 821 325 890 τὸ
348 823 538 908 διέρχομαι·
562 822 596 888 ἐν
618 824 764 900 πολλαῖς
785 822 847 906 γὰρ
871 822 979 901 λέξεσι
1002 817 1178 902 πλεονάζει
1198 811 1295 906 πόμ’,

178 920 318 1009 σἰκόριος
337 921 521 1007 μακάριος,
553 918 656 1000 ύστιύς
681 920 813 1005 μιστιύς
841 920 904 986 hoe
927 932 977 985 eet
1004 921 1099 1004 παρὰ
1123 921 1161 987 τό
1189 920 1234 988 tw
1255 922 1295 987 τὸ

176 1026 297 1111 πληρῶ
320 1019 416 1099 ἑστός
434 1019 557 1106 μεστός
577 1024 658 1089 ΕΜ.
675 1023 749 1098 580,
768 1023 822 1087 44.
864 1025 960 1087 Haec
976 1021 1081 1086 futilia
1100 1033 1176 1087 eunt
1183 1045 1192 1098 3
1215 1044 1295 1106 pro-

176 1123 337 1188 babiliore
364 1123 420 1187 ille
449 1144 534 1206 quae
561 1123 673 1192 Sohol.
699 1124 795 1210 Lipe.
824 1122 863 1188 Il.
888 1125 934 1188 II.
959 1123 1032 1188 201.
1063 1134 1096 1188 et
1122 1123 1295 1188 Helladiue

177 1248 256 1313 pag.
279 1225 352 1290 867.
375 1235 556 1310 suggerunt
582 1224 639 1308 μίν
663 1221 731 1293 ἀπὸ
759 1230 821 1291 τοῦ
846 1223 959 1306 τρίτου
985 1220 1170 1308 προςιόπου
1198 1228 1258 1291 τοῦ
1281 1220 1300 1288 l'

177 1328 382 1411 πλεονασμῷ
404 1329 465 1392 τοῦ
487 1315 520 1410 μ
539 1321 584 1403 ὡς
608 1321 646 1390 λά
668 1325 744 1408 μία,
774 1319 915 1409 ύλεορσν
937 1320 1111 1408 μόλευρον.
1155 1324 1231 1387 Hoe
1255 1346 1296 1388 ex

178 1448 244 1490 uno
265 1425 406 1489 innotuit
418 1424 566 1503 Achaeo,
589 1425 650 1490 eod
666 1425 810 1490 molendi
827 1423 988 1490 voeabula
1005 1423 1040 1487 in
1059 1422 1210 1488 omnibus
1227 1423 1296 1489 lere

176 1527 334 1612 Europae
355 1525 479 1610 linguie'
499 1525 534 1590 in
556 1526 719 1612 principio
742 1547 921 1590 consonum
942 1525 1032 1589 illem
1053 1523 1174 1589 habent
1195 1547 1296 1609 quam

176 1638 302 1692 veteres
325 1626 360 1689 in
384 1626 485 1711 stirpe
506 1626 637 1691 insitam
661 1649 734 1691 esee
756 1637 895 1711 negent:
923 1622 1010 1712 μόλη
1033 1625 1130 1709 παρὰ
1152 1627 1189 1690 τό
1213 1622 1295 1692 ello]

99 1712 104 1721 “
177 1726 217 1794 ιο
241 1728 418 1812 συστρέφει
443 1726 608 1792 choeroo.
631 1727 667 1791 tn
687 1727 810 1791 reum.
834 1726 905 1802 151,
924 1725 955 1789 ο.
977 1722 1113 1809 utrem
1135 1722 1173 1789 u
1197 1723 1295 1793 rut.

178 1851 255 1906 νειν,
282 1820 395 1903 ὠθεῖν,
426 1820 495 1892 ultro
519 1832 585 1892 τῶν
607 1822 773 1894 ἀλούντων
798 1826 854 1892 καὶ
880 1830 925 1914 τῷ
947 1821 1046 1911 κώπῃ
1067 1824 1145 1901 τοὺς
1169 1821 1295 1907 μύλους

178 1920 358 1994 ὠθούντων
391 1924 469 1992 seh.
500 1925 641 1991 Theoer.
669 1926 731 1993 IV.
760 1926 813 1991 58.
846 1925 936 2011 quod
969 1924 1090 1988 Pollux
1124 1924 1203 1988 dicit
1235 1924 1295 2012 νῷν

177 2025 283 2113 μύλην
305 2027 470 2112 στρέφειν,
493 2024 675 2114 περιάγειν,
697 2024 990 2111 περιελαύνειν-
1008 2019 1133 2105 ’Όσχος
1155 2023 1213 2091 καὶ
1232 2022 1297 2106 μό-

177 2151 256 2210 σχος
276 2126 318 2192 τὰ
342 2122 495 2212 κλήματα
516 2126 573 2193 καὶ
596 2125 631 2193 αὶ
653 2128 760 2204 ἕλικες
779 2127 896 2194 Galen.
909 2125 1020 2192 Glose.
1042 2121 1110 2192 ἀπό
1134 2129 1194 2192 τοῦ
1216 2121 1295 2205 όζοι,

178 2226 265 2308 ὅπερ
294 2223 354 2292 δύο
383 2224 553 2309 σημαίνει,
584 2220 682 2308 όσχος
711 2228 768 2293 καὶ
794 2225 921 2311 μόσχος
950 2228 1151 2310 πλεονασμῷ
1180 2211 1295 2309 corifo

178 2326 258 2392 ΕΜ.
281 2325 354 2401 591,
379 2325 431 2390 37.
460 2346 498 2388 ae
527 2325 672 2391 similiter
699 2327 810 2392 Latini
840 2327 1050 2392 animantium
1078 2325 1297 2411 arborumque

178 2425 326 2512 germine
346 2427 451 2507 pullos
478 2437 614 2502 vocent3
645 2422 721 2508 όζος
742 2427 880 2493 fortasse
906 2428 953 2494 sie
977 2438 1014 2492 ut
1035 2430 1116 2501 olus,
1133 2429 1241 2510 proles
1264 2437 1297 2492 et

178 2531 297 2594 soboles
320 2526 361 2591 ab
385 2527 605 2593 adolescendo
625 2527 752 2593 dieitur.
794 2528 913 2595 Cetera
934 2527 1114 2615 pleonasmi
1135 2527 1296 2611 exempla,

179 2652 263 2713 quae
288 2628 499 2694 Grammatiei
521 2629 750 2714 suppeditent,
782 2631 824 2695 od
854 2631 1086 2695 derivationem
1114 2628 1295 2715 pertinent:

177 2725 320 2809 Μοχλός
349 2727 444 2812 παρὰ
470 2728 506 2793 τό
537 2727 615 2810 ἔχω,
645 2729 720 2796 ἐπεὶ
751 2732 807 2796 καί
826 2731 976 2816 Ὅμηρος
1005 2726 1088 2814 όχῆα
1118 2731 1205 2812 λέχει
1236 2729 1296 2794 τόν

177 2826 317 2911 μοχλόν·
342 2820 361 2913 ἢ
384 2828 479 2909 παρὰ
501 2829 539 2893 τὸ
562 2826 671 2909 ὀχλεῖν
694 2829 749 2895 καὶ
771 2825 911 2911 όχλίζειν
933 2831 970 2896 τὸ
991 2831 1076 2912 μετὰ
1096 2827 1174 2912 βίας
1195 2833 1296 2895 κινεῖν

176 2928 258 2994 ΕΜ.
271 2928 343 3004 592,
356 2929 386 2992 3.
401 2922 469 2994 ἀπὸ
494 2933 554 2994 τοῦ
578 2926 641 3010 ἔχεο
665 2924 740 3011 όχός
760 2926 891 3016 (ύχεύς)
911 2927 929 2996 ό
949 2930 1089 3010 συνέχων
1108 2927 1167 3014 τὴν
1185 2923 1296 3011 θύραν

177 3030 235 3096 καὶ
257 3025 353 3110 όχλός
375 3028 432 3095 καὶ
452 3026 576 3112 μοχλός
597 3028 761 3113 Choerob.
777 3032 866 3096 Dice
882 3032 955 3107 316,
973 3030 1023 3095 10.
1040 3027 1159 3113 quibus
1180 3040 1294 3094 aueto-

176 3153 246 3196 rem
274 3131 365 3194 addit
394 3130 509 3195 Orion.
537 3153 571 3217 p.
595 3133 666 3208 103,
689 3133 720 3196 4.
751 3128 769 3198 ό
796 3129 1002 3214 Ἡριοδιανός
1028 3127 1124 3214 παρὰ
1153 3128 1190 3193 τό
1221 3125 1295 3210 ἔχω,

176 3252 238 3296 neo
259 3230 396 3314 indigne
417 3244 550 3296 auctore
575 3234 745 3296 sententia.
788 3234 884 3298 Duae
905 3233 1005 3317 igitur
1028 3229 1295 3316 significationes,

178 3355 259 3416 quas
281 3331 415 3394 latinum
436 3353 554 3396 nomen
573 3354 592 3393 a
607 3332 756 3397 vehendo
772 3333 906 3395 ductum
921 3331 1154 3418 complectitur,
1176 3330 1296 3395 Graeci

180 3433 396 3496 distinxerunt
427 3432 557 3514 adjectu
587 3453 769 3507 consonae,
803 3433 996 3516 repagulum
1026 3430 1103 3514 όχὲα
1137 3431 1295 3509 dieentes,

178 3543 302 3595 vectem
323 3554 417 3607 vero,
447 3532 503 3616 qui
526 3532 660 3617 proprie
688 3533 734 3595 ite
761 3544 911 3609 vocatur,
939 3531 1077 3616 μοχλόν,
1108 3555 1296 3616 quanquam

179 3630 242 3694 hoo
265 3631 361 3694 etiam
384 3644 434 3695 eet
457 3630 513 3697 ubi
543 3656 603 3718 pro
634 3634 792 3718 repagulo
821 3646 962 3718 ponatur
991 3645 1023 3698 et
1050 3631 1149 3698 verba
1177 3629 1295 3713 όχλιῖν,

178 3729 327 3812 όχλίζειν,
351 3731 522 3810 μοχλεύειν
547 3734 723 3798 indiscrete
745 3746 830 3798 suut.
876 3736 980 3818 Quod
1002 3758 1079 3800 vero
1102 3734 1294 3799 Eustathiue

178 3830 272 3907 1236,
294 3829 324 3894 5.
348 3827 423 3895 huie
451 3832 544 3895 utldit
573 3833 608 3898 ἐκ
630 3839 688 3900 τοῦ
713 3830 821 3916 ὀχλεῖν
845 3840 900 3903 καὶ
923 3842 984 3903 τοῦ
1011 3831 1108 3918 ύχλος
1137 3835 1215 3921 (hoc
1238 3857 1294 3900 oe·

177 3932 288 4016 centu)
305 3933 505 4017 πλεονασμῷ
524 3938 582 3998 rori
595 3921 637 4016 μ’
651 3934 774 4018 γίνεται
794 3933 811 4001 ό
831 3937 955 4020 μοχλός
977 3932 1023 4014 ιύς
1047 3935 1081 4002 ἐν.
1104 3944 1163 4002 τοῦ
1187 3932 1295 4017 όχθοσ

177 4029 362 4116 ὁμόχθος,
392 4032 427 4095 id
458 4032 492 4096 in
517 4034 595 4098 ΕΜ.
619 4036 662 4098 ad
686 4026 791 4116 ύχθος
815 4038 966 4114 refertur,
998 4038 1089 4121 cujus
1110 4036 1213 4122 longe'
1231 4036 1297 4101 ulia

178 4143 227 4195 est
252 4134 344 4219 origo
367 4133 407 4197 ab
432 4126 510 4217 λόγον,
534 4146 566 4197 et
587 4133 651 4202 hoc
677 4160 807 4222 quoquo
831 4139 989 4203 incertum
1011 4137 1157 4201 redditur
1180 4137 1294 4200 simili-

177 4232 290 4297 tutline
316 4234 548 4300 vocabulorum
573 4236 695 4323 μόγος,
717 4235 829 4323 μόγις,
850 4240 966 4322 μόλις,
996 4240 1083 4303 unde
1106 4261 1173 4303 non
1194 4238 1296 4323 longe
