2736 4778
135 333 213 404 ⁴42
488 323 811 393 DISSERTATIO
838 324 904 390 111.

48 561 52 569 ,
135 512 290 596 idemque
312 509 405 576 addit
426 510 563 577 altemm
584 509 622 577 ιὸ
645 505 710 598 ᾠόν
732 509 800 592 ἔχει
821 510 860 576 τὰ
890 496 985 576 [dn
1006 505 1143 596 εὕρηται
1168 514 1258 579 κατὰ

137 609 311 681 διάστασιν
332 613 428 695 παρὰ
449 617 493 703 τῇ
514 616 654 700 Σαπφοῖ
677 607 945 689 ,stanneam
967 604 1089 678 ἅλιον“
1110 611 1173 677 καὶ
1195 614 1253 678 dm

135 715 193 778 ada
216 717 409 798 χαρακτῆρα
436 735 471 798 p.
493 713 572 789 822,
593 713 646 778 39.
668 712 722 778 cui
753 713 880 777 accedit
906 711 1142 796 Theognostus
1172 711 1255 780 can.

138 812 277 890 130,15.
298 812 335 875 ad
357 805 424 898 ᾠόν
441 812 573 898 λέγεται
592 811 628 879 ἐν
645 810 793 880 διαλύσει
815 803 897 879 ὄιον
916 812 973 877 καὶ
992 812 1027 876 ἐν
1048 814 1253 898 πλεονασμῷ

135 906 228 980 ὤεον.
272 913 336 978 His
362 913 463 999 igitur
487 935 680 1001 persuasum
701 914 762 978 ruit
786 913 988 978 Graecorum
1009 912 1255 996 antiquissimos

136 1015 259 1080 dixisse
280 1008 348 1102 ᾠόν
371 1025 404 1079 et
425 1014 510 1101 ζῷον
528 1015 596 1079 iota
618 1014 757 1081 obscure
781 1024 922 1101 promto,
943 1025 1060 1099 poetas
1083 1025 1196 1079 autom
1218 1037 1256 1080 sa

137 1115 306 1180 diduxiese
331 1115 366 1179 in
389 1110 470 1182 ὤιον
492 1128 526 1180 et
548 1115 664 1197 ζιάιον,
694 1116 795 1201 idque
815 1105 957 1201 ample'xi
984 1114 1132 1180 nonnulli
1152 1112 1254 1180 libra-

134 1218 257 1283 riorum
288 1215 457 1302 bisyllabis
489 1217 634 1282 vocalem
665 1216 849 1282 adscribere
886 1226 1066 1302 coeperunt
1096 1227 1254 1300 tanquam

135 1319 351 1384 neeessariam
379 1329 417 1384 ut
444 1319 477 1383 in
504 1315 636 1408 ῥᾴδιος,
663 1319 772 1408 Θρῄξ,
797 1315 905 1404 λῴιον,
928 1340 958 1381 v.
983 1317 1121 1396 Jacobs.
1143 1318 1253 1383 Praei.

135 1421 264 1485 Aelian.
297 1444 330 1508 p.
356 1420 476 1486 XXII.
510 1419 701 1487 Schneider.
730 1419 772 1484 ad
801 1420 887 1484 Plat.
913 1419 984 1485 civ.
1015 1420 1055 1484 Τ.
1083 1420 1110 1484 Ι.
1140 1439 1177 1506 p.
1200 1419 1252 1484 60.

135 1521 267 1587 Ahrens
288 1523 377 1588 Dial.
400 1523 470 1587 dor.
494 1521 580 1585 1895
589 1522 729 1586 Bredov.
747 1522 835 1586 Dial.
858 1520 983 1586 Herod.
1008 1522 1080 1588 175.
1123 1522 1199 1587 Nos
1219 1523 1253 1586 in

36 1659 41 1666 ·
111 1613 199 1689 'alia
218 1625 327 1689 omnia
345 1625 552 1689 discedimus.
596 1622 681 1687 Nam
700 1622 899 1707 diphthongi
919 1621 1119 1709 impropriae
1138 1623 1174 1688 in
1191 1644 1254 1688 vo·

136 1724 261 1790 sabulis
290 1724 462 1810 primitivis
490 1747 557 1789 non
585 1725 810 1809 reperiuntur3
846 1744 946 1807 quare
979 1747 1039 1810 pro
1069 1728 1183 1812 πρᾷος
1211 1727 1255 1788 ad

132 1825 213 1891 Phr.
235 1826 309 1890 403.
333 1825 448 1912 scripsi
472 1830 582 1906 πρᾶος
603 1825 854 1890 assentientibus
877 1826 947 1890 aliis
963 1826 1026 1910 ¹¹).
1070 1828 1163 1911 Ergo
1187 1819 1255 1892 dd.-

135 1939 169 1993 et
191 1927 275 2009 ζῶον
295 1927 406 1991 nativa
429 1949 501 1992 esse
525 1925 672 2003 dicimus,
696 1922 777 1991 ιῖίιον
798 1939 830 1991 et
854 1926 950 2008 ζώισν
972 1949 993 1990 a
1012 1928 1122 2014 poetis
1146 1928 1197 1992 sic
1217 1942 1255 1991 ut

133 2028 225 2118 9ιοιή
246 2029 415 2115 prolatata,
436 2028 635 2113 minimeque
653 2029 770 2093 similia
788 2040 928 2113 quatuor
944 2029 1007 2093 illis
1023 2050 1108 2113 quae
1124 2028 1158 2093 in
1170 2029 1252 2093 EM.

134 2129 330 2195 characteris
352 2130 513 2217 probandi
535 2153 636 2196 eausa
657 2141 878 2216 apponuntur.
922 2131 1017 2194 Haec
1037 2132 1122 2195 enim
1142 2131 1254 2195 omnis

46 2306 49 2315 ¹
133 2230 203 2295 iota
232 2254 252 2294 a
279 2231 441 2316 primitivo
472 2243 642 2318 acceptum
671 2230 792 2296 habent
821 2232 969 2315 quamvis
1002 2255 1101 2319 saepe
1133 2231 1252 2297 oblite-

133 2342 247 2395 ratum.
286 2331 433 2395 Primum
448 2336 572 2397 Πτώον
583 2331 742 2397 Boeotiae
760 2354 865 2408 mons,
882 2333 970 2397 unde
983 2335 1107 2419 Apollo
1125 2326 1252 2420 cogno·

132 2431 273 2495 minatus
302 2442 352 2497 est
379 2436 519 2509 Πιιῦας,
554 2443 587 2495 et
619 2433 736 2497 eodem
765 2434 865 2498 modo
892 2433 1101 2499 Athamantis
1132 2436 1251 2501 Boeoti

132 2531 217 2595 iilius
240 2554 259 2595 a
282 2531 517 2596 fabulatoribus
539 2532 650 2608 fictus3
676 2534 735 2597 sed
758 2533 793 2598 in
815 2535 953 2619 Inscptt.
976 2535 1145 2600 Boeoticis
1169 2536 1251 2600 deus

132 2655 232 2718 saepe
261 2635 443 2696 ΠΤΩΙΟΣ
471 2632 506 2696 id
535 2647 584 2697 est
615 2640 739 2721 Πτῷος
771 2635 889 2699 dicitur
922 2635 1146 2720 solemnisque
1179 2639 1250 2720 ejus

132 2735 290 2797 ΠΤΩΙΑ
310 2755 341 2797 v.
362 2733 450 2796 Keil.
468 2734 587 2797 Inscrr.
605 2737 721 2800 Boeot.
746 2760 779 2821 p.
791 2737 843 2800 69.
859 2748 891 2800 et
906 2740 978 2801 132.
1022 2740 1116 2804 Haec
1140 2751 1251 2803 autem

131 2833 290 2899 vocabula
322 2834 447 2919 antiqui
475 2836 688 2923 probabiliter
717 2837 758 2901 ad
787 2837 1023 2902 substantivum
1057 2838 1164 2904 πτσιά
1196 2861 1250 2904 re·

130 2935 239 2999 ferunt
260 2936 345 3000 sicut
365 2959 458 3001 mons
480 2937 676 3003 Germaniae
697 2950 904 3023 nuncupatus
927 2950 977 3002 est
994 2933 1248 3023 sctrectearem}

128 3037 230 3122 idque
260 3039 467 3102 confirmatur
497 3039 706 3104 similitudine
733 3039 955 3123 andronymici
985 3045 1131 3116 Πτοῐος,
1164 3063 1248 3124 quo-

129 3139 228 3204 modo
249 3139 457 3204 Athamantis
478 3141 563 3204 filius
586 3164 606 3205 a
628 3141 748 3205 Nonno
773 3152 805 3204 ct
827 3140 937 3207 Schol.
960 3141 1073 3226 Apoll.
1087 3139 1133 3204 11.
1153 3141 1248 3205 1147.

130 3240 257 3305 dicitur.
301 3240 389 3304 Hinc
410 3241 510 3325 igitur
531 3251 607 3305 nata
625 3241 778 3305 videntur
791 3246 916 3328 Πτρῖος
938 3252 971 3305 et
987 3247 1110 3327 Πτῷον
1132 3241 1249 3307 eadem

128 3341 255 3406 ratione
275 3363 341 3426 qua
361 3343 458 3422 παρὰ
478 3339 517 3406 τὸ
543 3341 641 3408 κλείω
662 3342 779 3417 κλοιος
803 3344 858 3405 καί
879 3337 956 3405 κατ’
982 3340 1117 3407 ἔκτασιν
1139 3343 1249 3428 κλῳιίιΙ

128 3443 207 3506 ΕΜ.
223 3443 297 3520 521,
313 3443 343 3506 6.
365 3443 471 3526 (quod
493 3443 625 3508 atticum
646 3440 835 3529 perhibetur
856 3441 967 3506 Schol.
980 3444 1040 3507 Ar.
1056 3443 1142 3507 Ach.
1156 3441 1246 3525 892.)

128 3539 228 3626 idque
262 3565 282 3606 a
314 3544 421 3630 poetis
454 3543 630 3630 aliquando
665 3541 859 3607 dissolutum
888 3566 960 3610 esse
988 3545 1172 3632 colligimus
1207 3568 1248 3611 ex

130 3641 281 3727 Theogn.
307 3643 389 3709 Can.
414 3645 489 3722 130,
517 3648 567 3712 13.
593 3647 634 3711 τὰ
663 3646 720 3711 διὰ
746 3649 805 3711 τοῦ
829 3632 897 3713 σον
925 3645 1112 3727 δισύλλαβα
1140 3641 1246 3714 εἴωθε·

128 3745 184 3808 καὶ
211 3742 376 3824 διαίρεσιν
400 3741 541 3825 πάσχειν
568 3749 628 3812 τοῦ
653 3735 802 3827 sititor,
830 3744 967 3811 Πιώιον
991 3746 1028 3812 τὸ
1053 3742 1151 3828 ὅρος,
1179 3743 1248 3833 ᾠόν

126 3836 221 3922 ὠίον,
248 3845 308 3909 sed
334 3844 397 3910 hoc
426 3855 459 3910 et
480 3845 579 3927 ζιόιον
603 3869 624 3910 a
645 3847 784 3911 diaeresi
810 3847 1020 3930 sejunximus.
1064 3849 1142 3912 Duo
1157 3869 1246 3931 syn·

196 4099 240 4166 11)
259 4098 302 4154 Os.
322 4097 487 4154 Schneider.
507 4097 544 4150 ad
564 4095 623 4150 Cir.
644 4088 679 4151 T.
695 4097 747 4151 111.
766 4100 807 4151 58.
837 4095 959 4170 Πᾰραιας
981 4101 1060 4170 quod
1082 4099 1242 4169 Hesychius

125 4176 325 4322 hihedsinffur
347 4189 452 4258 πρᾷος,
477 4181 624 4275 obscprius
648 4190 691 4237 est
715 4201 798 4255 qnam
822 4192 853 4239 ut
878 4184 937 4239 iota
961 4182 1243 4303 hinessransdnxiua
