2736 4778
131 346 195 413 on
217 344 435 414 srucors
455 344 602 415 nume
624 344 844 415 VOCALIS.
878 345 916 415 c.
934 346 994 415 vr.
1018 349 1043 433 r.
1057 300 1186 424 nest

80 533 203 599 ratione
229 531 427 619 explicuisse
452 542 490 595 ut
515 530 611 614 φιλοῖ
638 531 733 595 κλάσε
759 531 792 593 in
816 529 933 618 φιλοίη
960 543 1117 598 mutatum
1139 534 1189 599 di·

79 647 182 710 ceret,
209 633 287 697 hinc
311 643 420 697 autem
442 643 475 696 et
495 631 670 697 secundem
693 654 866 717 personam
891 632 1035 698 extitisse
1056 634 1192 721 φιλοίης

79 747 113 801 et
128 736 286 822 deinceps
303 732 440 820 primam
458 732 601 819 φιλοίην.
634 735 747 819 Atque
763 732 810 798 sie
826 730 1078 799 Choeroboscus
1096 736 1191 800 etiem

79 841 218 927 τρίφοιν
255 835 379 902 enodet
414 833 532 921 triplex
567 830 683 912 πάθος
721 846 923 899 commentus
957 835 1191 921 pleonasmum‚

80 939 296 1014 enedromen,
317 958 494 1023 syncopen.
538 935 607 1003 Sed
629 936 721 1001 addit
741 932 759 1002 ὁ
788 935 826 1001 δὲ
842 932 1052 1022 Ἡρωδιανὸς
1072 937 1110 1002 ιδ
1133 960 1191 1026 φι-

82 1032 329 1137 λοίη-ᾇλλοίιος
357 1036 548 1124 σχηματίζει
576 1032 646 1105 άπὸ
675 1041 733 1104 τοῦ
760 1039 894 1123 φιλοῖμι
923 1042 1037 1128 τροπῇ
1064 1043 1125 1127 τῆς
1151 1029 1193 1123 ᾗ

83 1138 132 1220 είς
155 1169 206 1228 ην,
235 1139 398 1225 quomodo
423 1138 519 1204 etiem
542 1140 700 1226 τρεφοίην
722 1138 889 1224 accepisse
911 1139 1053 1217 videtur,
1079 1152 1111 1205 ct
1133 1142 1192 1206 od-

82 1243 150 1309 dita
168 1264 311 1328 syncope
332 1241 477 1328 τρίφοιν.
521 1239 658 1306 Preeter
678 1240 741 1307 hoe
758 1264 841 1306 unus
860 1241 991 1306 effertur
1005 1240 1192 1325 hujusmodi

81 1344 245 1431 optativus
265 1343 324 1409 sed
341 1342 370 1407 is
386 1341 477 1409 verbi
495 1341 720 1429 anthypotecti
741 1337 913 1428 ἁμάρτοιν,
932 1345 1025 1429 cujus
1040 1346 1190 1433 exemplo

79 1450 288 1513 Hermannus
310 1445 344 1511 in
364 1445 445 1511 Eur.
459 1442 536 1509 Hel.
552 1444 625 1508 271.
649 1440 765 1526 λάβοιν
787 1466 847 1530 pro
868 1445 982 1526 λαβεῖν
995 1446 1027 1530 ⁵)
1051 1446 1190 1534 scripsit,

80 1549 144 1614 alia
164 1548 215 1613 his
237 1547 353 1613 similia
370 1546 564 1615 Dindorfius
587 1556 620 1610 et
633 1544 782 1612 Naukius
806 1545 847 1610 de
862 1546 1033 1633 Aristoph.
1056 1571 1088 1634 p.
1100 1551 1192 1615 V.-

77 1652 120 1715 In
141 1649 292 1738 personis
312 1648 438 1714 numeri
460 1647 565 1713 dualis
588 1659 621 1712 et
637 1647 771 1734 pluralis
794 1659 847 1712 ete
867 1670 966 1734 saepe
983 1649 1192 1734 praecedenti

81 1751 286 1839 diphthongo
309 1751 425 1816 cedere
446 1749 563 1815 iterant
580 1748 840 1836 scholiographi:
865 1750 1090 1835 διακρινθεῖτε
1110 1753 1193 1818 κατὰ

79 1853 195 1930 πάθος
220 1853 350 1939 γέγοναν
377 1850 413 1918 ἐκ
438 1856 498 1917 τοῦ
527 1851 791 1940 διακρινθείητε·
817 1846 944 1934 ὁμοίιος
970 1851 1007 1917 ιδ
1038 1852 1192 1919 δπιθεῖιε

80 1952 138 2020 καί
161 1955 423 2041 διακοσμηθεῖτε
449 1952 526 2020 Sch.
548 1955 592 2017 A.
616 1954 659 2017 ad
682 1953 807 2018 11.111.
833 1953 905 2017 102.
935 1975 1002 2017 non
1030 1952 1191 2038 explicato

80 2054 248 2139 quodnam
266 2052 329 2119 hoc
350 2050 467 2132 πάθος
486 2054 545 2130 sit3
569 2054 679 2123 Schol.
699 2054 743 2120 ed
759 2054 846 2119 Plat.
863 2052 1047 2140 Euthyphr.
1062 2054 1136 2119 328.
1151 2054 1190 2118 B.

82 2157 209 2222 dubitet
233 2167 340 2222 utrum
361 2155 495 2220 atticum
518 2149 767 2241 άπαλλαγεῖμεν
787 2178 829 2220 ex
851 2177 997 2242 syncope
1022 2167 1128 2223 ortum
1152 2156 1194 2221 sit

83 2282 124 2321 an
144 2280 184 2322 ex
201 2258 293 2324 cresi.
325 2257 421 2322 Illam
436 2255 584 2344 plerique
599 2267 743 2321 veterum
758 2258 959 2344 praeierunt:
977 2254 1194 2345 Ἡρακλείδης

85 2360 172 2441 λέγει
191 2357 242 2425 ίίτι
264 2355 283 2447 ἢ
304 2354 427 2442 ἀρχαία
444 2354 565 2435 Ἀιθίς
586 2356 627 2424 τὰ
648 2354 782 2426 εὐκτικὰ
803 2356 981 2445 συγκάπτει
1000 2357 1073 2426 κατ’.
1094 2357 1192 2444 ἔξαρ-

85 2483 137 2526 σιν
159 2464 239 2539 μιᾶς
264 2461 431 2546 συλλαβῆς
456 2463 698 2544 κοσμηθεῖμεν,
727 2467 931 2545 κρινθεῖμιν,
961 2456 1051 2543 siper
1072 2461 1129 2527 καί
1153 2461 1193 2527 τὰ

83 2557 206 2656 τούτο-ιν
236 2559 374 2645 δεύτερα
401 2562 496 2627 Eust.
524 2560 620 2637 1907,
644 2561 697 2626 46.
727 2557 839 2650 εἴημεν
867 2559 956 2646 εῖήτε
984 2561 1042 2628 καί
1070 2561 1194 2652 ἐκβολῇ

82 2667 142 2729 τοῦ
169 2690 188 2750 η
214 2654 281 2728 elce
305 2661 416 2748 Epim.
437 2663 466 2728 l.
490 2662 563 2728 367.
586 2661 623 2728 τὸ
650 2661 805 2748 ὑφαιρεῖν
832 2663 868 2730 τδ
899 2655 925 2751 ἦ
944 2670 1008 2730 τοῖν
1036 2657 1193 2730 sinereris

83 2765 210 2840 δοκοῖς,
233 2767 353 2848 τιμρῖς,
377 2759 465 2830 ἔστιν
483 2757 628 2831 άττικόν·
651 2752 678 2849 ᾧ
698 2760 897 2844 άκολοάθιος
917 2762 1045 2850 εἴρηται
1063 2765 1100 2830 τδ
1119 2765 1193 2830 δια·

82 2869 248 2946 κρινθεῖτε
271 2863 437 2930 Plutarch.
460 2865 501 2930 de
524 2865 623 2931 Poes.
646 2867 745 2932 Hom.
771 2891 798 2931 c.
819 2866 903 2931 XII.
945 2868 1074 2932 Horum
1097 2866 1194 2929 trium

84 2966 148 3028 duo
171 2965 276 3051 primo
296 2965 420 3051 vulgari
441 2967 540 3032 modo
563 2978 728 3032 contracte
750 2978 839 3042 sunt,
866 2968 995 3031 tertium
1018 2967 1193 3050 synaeresi,

82 3077 118 3130 ut
140 3066 267 3143 dicitur,
290 3067 387 3131 attica
410 3089 506 3152 quam
531 3068 740 3154 Musgrnvius
765 3068 806 3131 ad
826 3068 919 3132 Med.
943 3068 1015 3134 719.
1038 3067 1140 3153 (731.)
1164 3076 1196 3129 et

83 3169 290 3233 Hermannus
309 3169 353 3232 ad
370 3167 520 3233 Phoenn.
538 3169 630 3234 1209.
652 3169 748 3234 etiam
767 3168 922 3254 singulari
940 3168 1124 3234 concedunt
1142 3167 1196 3231 ille

83 3276 202 3348 μεθεῖς
221 3268 376 3346 scribens,
395 3268 449 3334 hic
465 3262 512 3336 είν
531 3293 592 3357 pro
611 3267 689 3357 εἴην.
720 3262 866 3351 Ἅνιοχθι
885 3293 926 3336 ex
944 3264 1092 3355 άνιάγηθι
1116 3292 1194 3334 con-

83 3369 185 3433 cisum
207 3392 280 3436 esse
302 3370 471 3435 contendit
491 3373 570 3437 EM.
594 3372 665 3450 115,
687 3373 739 3438 38.
759 3367 881 3458 negent
900 3372 947 3437 illi
969 3394 1052 3458 quos
1073 3372 1195 3436 Eusta-

84 3471 169 3535 thius
201 3472 327 3537 inducit
358 3473 435 3551 790,
463 3473 513 3538 18.
546 3474 637 3542 δοκεῖ
660 3498 727 3540 τισι
755 3468 1042 3552 μεταπεπλάσθαι
1071 3473 1108 3539 ἐκ
1136 3478 1195 3541 τοῦ

84 3563 188 3658 άνιογε
205 3569 289 3638 καθ’
312 3572 425 3658 ἕτερον
443 3574 687 3659 προςτακτικδν
706 3569 835 3641 τελικάν
853 3571 1075 3660 (constratu)
1098 3585 1195 3661 etque

83 3672 164 3739 haec
187 3673 325 3740 fortasse
347 3675 518 3763 Apollonii
544 3677 703 3741 sententie
729 3675 790 3740 fuit
814 3675 1038 3762 imperativum
1059 3679 1195 3766 perfecti

82 3775 124 3872 in
140 3776 269 3864 epsilon
291 3777 379 3844 exire
401 3777 597 3855 affirmantis,
620 3773 638 3842 δ
662 3777 699 3844 δὲ
716 3771 920 3864 Ἡρωδιανὸς
939 3774 1129 3845 τούναντίον
1148 3777 1196 3857 εἷς

82 3887 139 3944 θι·
158 3879 244 3962 μηδὲ
266 3879 329 3965 γὰρ
351 3872 433 3946 εἶναι
456 3879 514 3968 την
536 3878 584 3959 εἰς
602 3868 818 3965 ἷκατάληξιν
836 3877 913 3947 sch.
925 3882 969 3945 A.
981 3881 1024 3946 ad
1037 3881 1076 3945 Il.
1088 3880 1134 3945 Χ.
1143 3879 1195 3945 67.

153 4133 182 4197 5)
196 4132 244 4187 Sic
257 4133 340 4187 etiam
352 4128 490 4204 άμάρταιν
501 4134 572 4188 illud
584 4133 612 4186 in
624 4129 753 4189 omnibus
767 4137 851 4192 codd.
865 4133 969 4188 Suidae
978 4132 1196 4205 perispomenon

83 4225 134 4271 est.
164 4218 237 4272 Num
256 4218 341 4290 igitur
360 4221 473 4275 luerunt
490 4221 538 4296 qui
556 4212 623 4291 0ῗηῖ
638 4219 667 4275 in
687 4208 921 4276 olucontrcctum
940 4227 1072 4292 putarent
1096 4229 1126 4275 ut
1146 4221 1197 4278 do·

83 4308 200 4377 κοίημεν
220 4305 374 4380 δοκοῖμενλ
