2736 4778
153 300 218 364 DE
234 294 504 364 PROSTHESI
519 292 580 356 ET
596 292 860 363 APHAERESI.
878 294 916 362 C.
923 296 1020 363 VIII.
1033 300 1057 381 ξ.
1065 295 1095 359 8.
1121 295 1193 368 175

76 483 182 548 visum
214 482 300 547 sicut
335 479 399 544 alie
431 476 581 562 proxime
617 475 766 541 dicende.
829 480 947 564 Aeque
976 477 1193 566 improbabile

76 595 126 649 est
154 583 247 669 quod
267 581 474 648 Philoxenus
503 574 633 660 scripsit
660 575 695 639 in
721 576 804 641 libro
829 577 871 642 de
903 581 1191 666 anadiplusicsmo:

74 681 183 766 βαίνω
202 677 277 748 κατ’
288 674 619 754 ’ἆναόιπλασιασμὸν
635 675 791 760 βαβαίνω
815 678 872 744 καί
893 681 1093 766 πλεονασμῷ
1104 687 1191 764 βαμ-

73 780 181 864 βαίνω
200 781 239 848 τὸ
263 779 377 863 τρέμω
400 785 470 854 τοῖς
490 776 585 845 πασί·
607 775 665 841 καί
687 772 757 844 ἀπὸ
777 781 973 865 μεταφορᾶς
993 784 1058 844 τῶν
1079 783 1193 845 ποδῶν

76 880 209 969 εἴρηται
227 879 287 949 ἐπὶ
303 882 368 947 τῶν
384 874 520 964 ἑδραίαν
535 876 594 963 τὴν
609 876 723 964 φωνὴν
733 878 779 964 μὴ
793 875 934 958 ἐχόντων
946 878 1065 945 Orion.
1078 879 1127 944 18.
1140 877 1191 962 ⁴⁰)

80 982 183 1064 Quod
204 981 234 1046 si
254 981 301 1044 itu
323 989 424 1057 esset,
448 976 646 1062 βαμβαίνων
663 980 706 1043 ud
727 979 825 1045 verbe
844 977 994 1052 vibrandi
1023 978 1192 1045 transscri-

80 1081 224 1146 bendum
249 1091 344 1146 esset
376 1078 445 1147 Sed
466 1078 704 1145 consideratius
714 1080 844 1165 judicat
862 1079 974 1147 Schol.
990 1081 1031 1146 Il.
1050 1082 1097 1146 X.
1117 1080 1191 1147 376.

77 1178 139 1249 οὐκ
172 1180 315 1265 ἔγκειται
344 1181 381 1245 τὸ
412 1180 558 1263 βαίνειν,
588 1191 729 1266 apteque
765 1191 932 1270 comparat
955 1178 1191 1266 βαμβαλίζειν·

75 1281 139 1346 hoc
164 1281 249 1345 enim
273 1289 304 1345 et
324 1277 545 1363 βαμβανίζειν
567 1280 609 1345 de
628 1280 669 1345 iis
691 1282 822 1361 dieitur,
854 1284 913 1367 qui
937 1282 1036 1347 verbu
1059 1281 1190 1347 concise

75 1392 108 1446 et
129 1380 297 1467 singultim
319 1381 422 1445 edunt
441 1378 690 1448 balbutientium
710 1383 790 1462 ritu,
812 1384 880 1449 sive
900 1385 936 1449 id
948 1395 1045 1449 metu
1065 1385 1101 1448 fit
1122 1382 1189 1450 sive

72 1482 195 1569 frigore
216 1482 285 1547 sive
308 1481 456 1566 quodem
478 1492 611 1546 naturae
633 1482 722 1548 vitio.

156 1587 183 1668 ξ.
207 1584 237 1648 8.
279 1584 376 1646 Haec
399 1581 568 1647 nominum
588 1583 677 1649 fictio
698 1607 766 1649 non
787 1584 894 1650 solum
913 1583 1077 1649 imitandis
1099 1583 1189 1649 sonis

72 1684 260 1749 introductu
288 1694 354 1761 est,
387 1704 471 1767 quae
498 1682 618 1749 Graeci
650 1681 819 1768 ἰδιώματα
849 1680 930 1772 ἤχου
961 1699 1095 1762 vocant,
1130 1685 1190 1751 sed

75 1785 172 1850 etiam
202 1783 347 1850 motibus
380 1806 502 1861 rerum,
534 1807 621 1869 quae
653 1808 719 1850 uno
752 1796 865 1850 tenore
897 1786 1011 1851 oculos
1044 1784 1188 1869 crebrius

72 1887 207 1963 feriunt;
231 1886 321 1970 quod
345 1908 451 1970 genus
473 1885 673 1971 anadiplosis
695 1887 951 1951 continuativum
966 1887 1018 1951 vel
1034 1887 1187 1970 frequen·

72 1989 207 2052 tutivum
228 1998 261 2052 et
280 1986 472 2051 intentivum
493 1987 659 2072 appellere
681 2009 867 2072 possumus.
903 1987 944 2050 In
967 1985 1031 2049 hoc
1049 1987 1189 2070 primum

73 2088 280 2153 inveniuntur
299 2086 458 2153 vocabula
482 2086 564 2151 lucis
586 2097 619 2152 et
639 2087 792 2172 fulgoris,
818 2109 904 2172 quae
924 2088 993 2170 jam
1017 2086 1107 2171 prius
1130 2086 1188 2151 de·
1273 2090 1276 2095 '

71 2189 189 2265 libavi,
217 2185 397 2274 prepucium
425 2183 659 2274 μαρμαρύσσω
686 2188 743 2252 καί
766 2183 949 2272 ἆμαρύασω
977 2184 1050 2255 κατ’
1074 2182 1190 2255 ἀναδι-

74 2287 291 2368 πλασιασμόν
310 2288 421 2376 Epim.
444 2288 472 2352 Ι.
495 2287 569 2351 385.
591 2287 778 2374 ααμωαίνω
792 2301 851 2354 etc.
881 2288 1014 2354 Deinde
1028 2286 1188 2354 vocabule

74 2390 248 2468 actionum,
271 2411 356 2474 quoe
379 2410 447 2454 non
468 2409 534 2453 uno
554 2387 648 2471 quusi
667 2388 733 2453 ictu
751 2389 961 2475 perficiuntur
972 2390 1032 2453 sed
1045 2390 1188 2471 quodam

74 2503 179 2557 tractu
205 2492 361 2556 continuo
394 2491 585 2556 decurrunt:
612 2486 703 2556 Εἰίῶ
729 2491 850 2557 ilicem
885 2489 971 2555 κατὰ
1000 2484 1189 2555 diudiciu-

74 2591 219 2675 αιασμόν
242 2591 402 2659 ἐλελίσσω
429 2592 510 2657 ΕΜ.
537 2591 611 2667 330,
633 2590 685 2655 25.
699 2591 755 2677 ⁴1)
777 2613 837 2676 pro
860 2612 926 2675 quo
949 2588 1084 2670 ἕλελίζω
1103 2589 1188 2683 Ινιβα-

72 2693 208 2757 rendum
228 2702 306 2757 erat.
338 2692 428 2759 Huic
444 2715 512 2757 non
528 2692 717 2759 dissimilem
736 2693 889 2758 volvendi
904 2691 1071 2758 notionem
1089 2690 1190 2758 habet

71 2793 212 2860 κίκινναι
235 2796 374 2861 cincinni
399 2794 434 2858 id
455 2806 506 2861 est
523 2793 597 2859 cirri
623 2793 737 2881 crispi,
769 2796 933 2872 unduluti,
962 2817 1046 2880 quos
1068 2793 1188 2861 Graeci

70 2891 257 2977 πλοκάμων
288 2893 402 2973 ἕλικας
428 2907 555 2961 vocant..
603 2897 637 2960 A
663 2895 764 2961 νίλλω
794 2896 888 2961 titillo
919 2907 953 2961 et
979 2919 998 2959 u
1028 2894 1185 2960 similibus

67 2994 137 3059 ulie
164 2994 320 3079 carpendi
348 2995 555 3081 vellendique
582 2995 682 3062 verba
708 2993 841 3061 σκάλλω
872 2996 1075 3075 κασκαλίζω,
1103 2993 1186 3061 nnn

69 3091 212 3179 γελλίζω
250 3096 437 3181 γαβγαλίζω
470 3097 657 3183 γαργαλίζω
687 3093 814 3160 Techn.
842 3092 916 3159 225.
944 3103 977 3157 et
1004 3093 1095 3176 quod
1118 3095 1188 3176 jem

70 3189 173 3281 supro
199 3194 295 3259 attuli
322 3194 452 3265 σκύλίω
481 3197 652 3279 κόσκνλμα
665 3201 726 3279 ⁴²).
770 3194 835 3259 His
862 3193 969 3259 vicine
991 3203 1068 3259 sunt
1088 3193 1188 3259 verbe

69 3296 257 3362 terebrcndi
278 3307 311 3360 et
332 3296 521 3384 perferundi
541 3295 700 3385 τετραίνω
722 3318 783 3362 seu
803 3294 969 3380 τιτραίνω,
990 3290 1115 3380 crepitu
1137 3293 1188 3362 τί·

68 3422 182 3484 τρημι,
203 3397 323 3481 quibus
341 3398 437 3463 etium
458 3394 630 3483 τιτρώσκω
653 3398 931 3464 adnumerandum
953 3396 1096 3471 videtum
1118 3405 1187 3460 tum

70 3498 192 3564 deinde
214 3499 373 3564 tremendi
393 3499 528 3566 verbum
548 3499 749 3587 τετρίμαινω
768 3510 802 3565 et
820 3521 950 3575 nomen,
962 3496 1064 3581 =quod
1078 3497 1187 3586 Apol·

140 3718 188 3785 40)
203 3716 394 3772 Philoxenum
409 3714 527 3773 Homeri
544 3715 623 3773 locus
640 3716 703 3786 ἔστη
720 3720 893 3789 βαμβαίνων,
910 3709 1014 3788 ἄραβος
1030 3717 1062 3773 δὲ
1077 3715 1185 3788 γίγνετ’

70 3800 194 3859 ὀδόντων
211 3802 383 3874 permovisse
400 3803 513 3858 ridetur
531 3810 562 3856 ut
579 3807 744 3870 βαμβαίνων
759 3801 874 3874 proprie
892 3803 928 3856 de
944 3805 1047 3874 pedum
1064 3809 1187 3859 tremore

69 3886 128 3943 dici
148 3896 298 3952 statueret,
317 3888 385 3959 quin
403 3906 465 3943 cum
480 3889 569 3942 verbo
587 3885 678 3941 standi
698 3886 878 3959 conjunctum
894 3894 947 3942 est

141 3973 188 4040 ll)
202 3974 310 4028 Eodem
322 3973 414 4045 Epim.
429 3973 452 4028 1.
467 3975 523 4038 138,
536 3975 560 4026 7.
573 3971 621 4027 ubi
638 3972 740 4028 rectius
758 3974 858 4028 έίίασω
876 3971 1016 4034 scribitur,
1035 3987 1051 4023 e
1067 3987 1123 4039 quo
1141 3985 1186 4023 re-

69 4056 246 4129 duplicatum
263 4077 320 4112 nen
338 4059 429 4114 solum
447 4057 545 4130 spiritu
565 4058 660 4113 differt
676 4061 725 4114 sed
740 4076 824 4130 saepe
838 4057 923 4113 etiem
937 4054 1150 4124 significatione.

140 4146 188 4210 ⁴².)
207 4145 281 4198 Hinc
300 4147 420 4200 fortusse
437 4162 540 4199 nomen
559 4144 676 4199 latinum
692 4143 871 4214 quisquiliae
889 4138 1092 4210 ponponium,
1110 4142 1187 4210 quod

66 4228 224 4284 Diomedes
244 4232 366 4284 Gremm.
385 4249 413 4300 p.
428 4232 451 4282 7.
466 4248 490 4283 a.
510 4231 545 4283 ed
565 4227 702 4297 σκύβαλον
721 4230 817 4282 refert.
