2736 4778
147 364 211 430 DE
232 358 500 429 PROSTHESI
522 354 583 422 ET
606 355 867 423 APHAERESI.
892 351 990 425 CIL
1014 355 1081 440 53.
1131 356 1180 433 57

70 550 106 615 in
128 570 194 641 qno
216 547 364 634 sequitur
385 542 568 611 Aristarchi
594 541 786 628 scripturam
807 536 905 608 εἴοκω
927 539 967 606 ab
989 542 1180 615 Herodiano

68 650 283 741 rejectamll
305 647 371 714 XI.
395 644 467 711 799.
487 643 604 712 XVII.
633 644 687 709 41
716 642 758 710 sd
787 639 844 708 διὰ
869 645 929 709 τοῦ
958 667 998 710 ox
1025 644 1093 731 πρὸ
1121 651 1181 714 τοῦ

69 743 245 829 εέλονς’
207 775 248 818 oo
270 745 407 817 δύναται
429 741 657 835 δίφθογγον”
634 768 720 828 εχειν
738 741 1040 830 ἑιφωνουμένην
1011 769 1041 811 ει
1049 747 1105 845 μὴ
1124 748 1182 833 τὴν

71 851 129 918 διὰ
153 877 213 917 του
197 854 318 928 'v¹⁴)
342 860 375 914 et
394 846 524 914 ideo
490 871 528 914 το
552 841 667 924 etheo,
690 842 808 932 ἐπειδὴ
833 838 1034 911 οὐδέποτε(
1018 871 1038 933 η
1063 871 1092 912 ει
1114 849 1181 931 πρὸ

69 956 130 1018 τοῦ
160 976 201 1019 ox
232 945 432 1043 εὑρίσκεται,
456 942 635 1015 διαλύεται.
677 943 807 1031 Dialysi
830 943 958 1011 diversa
984 945 1113 1013 affectio
1136 960 1185 1013 eet

69 1073 174 1137 quarn
204 1050 250 1116 illi
277 1050 406 1116 nomine
430 1047 525 1114 nimis
559 1046 713 1133 ambiguo
747 1045 972 1133 pleonasmum
1003 1058 1121 1113 vocant
1153 1062 1186 1115 et

71 1174 304 1237 nonnunquam
326 1150 506 1237 epectasin‚
532 1171 593 1214 nos
617 1160 740 1225 autem,
769 1147 825 1213 ubi
855 1148 899 1214 ad
920 1149 1186 1238 perspicuitatem

70 1253 229 1342 pertinet,
257 1251 443 1340 prostheein
465 1250 713 1338 appellabimus.
746 1250 835 1316 Huic
859 1250 960 1338 igitur
986 1253 1184 1340 Apollonius

70 1355 92 1421 l.
116 1378 144 1422 o.
168 1355 209 1420 de
230 1353 337 1421 verbis
360 1353 491 1439 subjicit
512 1352 573 1417 tria
595 1349 703 1430 ἔειπε,
732 1350 824 1437 ἕηκε,
856 1349 983 1440 ἑώρων,
1012 1355 1183 1442 primoque

72 1458 270 1523 simillimum
293 1454 377 1536 ἔειξε
398 1457 432 1521 in
452 1456 554 1523 Pron.
579 1454 650 1518 142.
671 1454 711 1518 B.
733 1451 814 1518 illud
836 1454 933 1518 etiam
953 1453 987 1519 in
1007 1455 1087 1522 EM.
1109 1458 1183 1537 318,

70 1560 123 1626 28.
149 1560 214 1626 1ιιιο
236 1559 372 1625 refertur
394 1568 427 1624 et
447 1581 467 1623 a
489 1554 723 1623 Choeroboeco
747 1552 828 1621 Cau.
847 1552 919 1633 625,
945 1556 994 1621 12.
1018 1557 1074 1642 qui
1098 1556 1184 1628 ἔειιλε

71 1661 222 1748 adjungit
242 1649 353 1727 nescio
375 1660 464 1726 unde
487 1669 627 1724 sumtum
634 1681 643 1734 3
666 1667 832 1743 postremo
855 1654 980 1724 ἐείλεον
1001 1670 1034 1724 et
1055 1657 1185 1731 deducto

72 1786 93 1828 a
114 1762 307 1829 Scholiastis
329 1759 512 1827 homericis.
554 1759 618 1824 His
641 1758 800 1825 accedunt
820 1753 1184 1844 Hesychiana’hcmaa

73 1859 245 1949 ὡμοίωται
271 1875 303 1929 et
320 1856 481 1931 Ἐνέεικον
503 1855 649 1951 ἤνεγκαν,
672 1859 763 1946 quod
783 1860 818 1924 in
832 1860 942 1925 medio
955 1885 1036 1928 voce
1055 1873 1185 1929 auctum

73 1975 125 2030 eet
150 1975 188 2029 ut
204 1959 352 2032 ’'Essesxw
376 1963 505 2050 ἐνέγκω
551 1962 607 2028 De
631 1962 705 2047 ἕιγιε
728 1984 801 2027 cum
822 1960 1002 2047 Apollonio
1025 1963 1186 2029 consentit

73 2065 240 2132 doetrinae
270 2063 468 2186 perfector
459 2086 495 2127 rn
522 2062 610 2137 ΕΜ
632 2061 708 2138 176,
739 2050 834 2124 50.
812 2084 911 2149 ηκα
902 2062 1102 2152 πλεονασμῷ
1126 2069 1186 2132 τοῦ

74 2166 198 2254 ethna
228 2165 286 2232 καὶ
311 2168 422 2252 τροπῇ
450 2167 510 2230 τοῦ
536 2190 556 2251 η
584 2157 737 2250 ἆφέωια,
767 2155 954 2248 ἀφέωνται
981 2157 1187 2252 Ἡρωδιανὸς

74 2268 319 2352 περὶπαθῶν·
345 2263 454 2349 quisi
482 2262 656 2351 probasset
681 2261 844 2329 Zenodoti
874 2263 1083 2351 scriptionem
1106 2262 1186 2354 ἔρξω

75 2369 232 2450 (Duentz.
255 2365 324 2450 61.)
345 2365 474 2445 eadem,
501 2377 598 2453 puto,
620 2365 724 2432 vocali
746 2375 875 2432 auctum
897 2366 1043 2432 dixisset.
1085 2368 1187 2435 Plura

74 2468 331 2568 complectitur
321 2466 425 2534 adll.
449 2468 518 2547 IV,
538 2468 569 2534 3.
593 2465 676 2546 edos
699 2471 747 2557 τῷ
770 2494 893 2558 ποιηιῃ
920 2463 1181 2553 ἀποβάλλειν
1146 2495 1184 2536 ιο

74 2566 149 2639 κατ’
179 2566 283 2659 ἀρχὴν
311 2594 328 2637 ε
353 2573 419 2635 τῶν
448 2572 709 2656 παρῳχημένων,
746 2566 822 2637 ἔσθ’
859 2568 917 2637 ὅτε
945 2569 981 2638 δὲ
1002 2569 1060 2637 καὶ
1083 2573 1186 2639 πλεο-

73 2667 236 2752 νάζειν,”
214 2694 314 2747 ιωοε,
343 2663 484 2757 ἆνέινγε,
514 2667 682 2759 ἐῳνοχόει,
707 2665 887 2756 ἑήνδανε,ῐ
873 2668 1029 2738 eebooso
1049 2694 1187 2757 quorum

73 2772 137 2837 tria
161 2771 272 2858 priora
298 2781 413 2835 natura
433 2770 506 2857 ipsa
528 2793 547 2835 a
573 2770 711 2837 diaeoesi
733 2771 885 2847 secludit,
918 2783 1068 2857 quartum
1089 2797 1187 2862 aegre

73 2873 139 2939 huo
161 2873 317 2949 admittit3
343 2872 383 2937 de
406 2868 543 2940 ἑέσσατο
565 2883 672 2938 autem
694 2895 752 2938 cur
772 2872 825 2939 ille
847 2872 940 2938 ahter
958 2875 1188 2943 existimaverit

73 2987 173 3060 atque
202 2973 243 3039 de
273 2969 386 3057 ἐέργνυ
414 2972 496 3038 ratio
527 2996 643 3060 parum
671 2985 784 3060 aperta
806 2983 856 3039 est
876 2974 939 3039 nisi
957 2976 1048 3060 quod
1072 2976 1186 3044 εἵσατο

72 3098 141 3141 non
162 3073 281 3160 legitur
293 3073 345 3157 ¹⁵)
369 3072 428 3138 sed
449 3066 540 3140 εἶσιο
562 3074 662 3140 modo
680 3073 771 3160 apud
785 3073 989 3158 Hesychium
1007 3098 1066 3161 pro
1084 3076 1187 3152 ἕεστο,

74 3162 167 3244 ouis
190 3173 426 3262 pleonasticum
451 3173 602 3239 tribuitur
620 3176 700 3241 EM.
722 3176 795 3253 317,
818 3176 871 3241 32.
922 3176 1031 3244 Semel
1060 3176 1188 3265 epsilon

75 3288 151 3343 ante
175 3276 243 3342 iota
262 3276 422 3362 reperitur
441 3275 468 3342 si
490 3275 589 3345 ἔλοκω
617 3276 658 3343 ub
677 3273 760 3346 ἴοκω
778 3286 811 3343 et
828 3276 980 3344 ulteriore
999 3274 1060 3346 ἴιιω
1080 3275 1188 3359 ἴκελος

147 3472 192 3537 ts)
205 3467 353 3540 Significat
368 3464 518 3541 πιριιὺονω
537 3484 563 3521 v.
577 3464 685 3521 Tacho.
700 3467 742 3519 ot.
762 3463 810 3521 ubi
829 3465 914 3522 ueteri
932 3473 1018 3521 testes
1036 3465 1112 3523 citati
1123 3474 1189 3524 suut

74 3566 190 3632 praeter
201 3555 429 3612 Choerobosonm
442 3553 522 3608 Orth.
534 3552 595 3606 tou.
608 3551 657 3624 qui
670 3555 788 3607 eandem
800 3553 837 3607 ob
851 3569 962 3608 oausam
976 3555 1189 3625 ιριςιιαιδέιιαιος

75 3641 133 3698 diui
147 3643 236 3697 refert
246 3647 277 3694 ut
292 3658 366 3695 nunc
380 3640 455 3710 opud
466 3639 621 3694 Homerum
633 3637 765 3694 scribitur
782 3657 833 3710 pro
849 3658 943 3714 ιρειςκ
978 3639 1012 3695 Iu
1024 3640 1079 3697 hoc
1092 3649 1187 3697 tumen

75 3727 173 3784 literae
192 3746 247 3789 ειςιι
192 3712 354 3780 *multo
368 3723 457 3779 laxius
471 3725 623 3779 cohaerent
643 3741 725 3796 quam
744 3723 772 3779 in
787 3726 874 3780 verbo
887 3723 1012 3798 simplici,
1032 3729 1187 3800 eademque

74 3813 185 3869 ratione
199 3809 329 3866 eximitur
339 3813 478 3879 ελςιιομίζω
490 3817 519 3865 et
537 3817 632 3866 cetere
648 3826 710 3866 oum
727 3813 781 3866 huo
798 3811 1007 3885 praepositione
1025 3811 1189 3885 composite,

76 3916 121 3955 our
113 3898 276 3955 Homerus
288 3905 382 3952 tumen
394 3903 529 3969 sequente
542 3913 666 3970 consona
678 3896 866 3971 qualicunque
888 3897 947 3955 iota
958 3896 1055 3954 eximit
1068 3904 1187 3968 excepto

76 4003 133 4040 uno
150 3985 230 4056 quod
246 3982 276 4037 in
293 4000 376 4038 versu
389 3980 491 4055 septies
504 3981 625 4054 repetito
638 3984 665 4037 ολ
676 3981 704 4039 δ’
724 3977 787 4055 αἶψ’
802 3989 937 4053 ιῑςβιιινον
949 3984 1054 4056 legitur
1064 3982 1188 4040 variante

77 4070 201 4126 subinde
215 4068 354 4142 seriptum
371 4070 505 4140 λςβαινον,
527 4069 670 4141 ἔμβαινον.
702 4069 760 4127 Sed
779 4070 870 4142 Epim.
888 4071 912 4127 Ι.
930 4072 988 4125 172.
1001 4067 1142 4139 vulgatum
1153 4088 1189 4126 ex

76 4157 207 4229 professo
219 4161 322 4210 tuetur.

148 4240 354 4310 1⁵)1n11.x.
376 4240 433 4297 ³³4.
458 4259 515 4299 non
537 4245 627 4301 ιῗοιιιο
651 4240 767 4317 legitur,
790 4244 866 4316 quod
886 4239 978 4317 llpim.
1000 4238 1022 4299 l.
1042 4241 1101 4299 162.
1122 4239 1189 4301 hino

76 4328 203 4409 proteri,
217 4329 269 4387 sed
282 4327 389 4386 ἕσσατο.
