2736 4778
171 390 228 457 DE
252 389 494 474 SYNAERESI,
517 388 717 456 DIAERESI
739 396 797 457 otc.
830 391 864 458 P.
876 392 917 458 11.
940 391 1011 461 dl
1034 397 1102 482 §.2
1162 397 1204 463 53

163 554 351 622 Huiusmodi
373 576 471 621 unum
494 554 676 621 aChoerob.
690 554 779 621 Orth.
792 555 864 621 255.
876 555 918 621 26
941 556 1085 625 affertur:
1109 561 1227 648 παρὰ,

86 659 122 724 τὸ
137 659 226 749 ῥέειν
236 657 379 744 γίγνεται
393 659 537 748 ῥέεθρον
548 660 602 724 καὶ
614 656 728 744 κράσει
743 659 886 744 ῥεῖθρον,
910 679 1006 741 quam
1026 663 1203 747 paulopost

29 848 33 855 ν
85 760 290 849 συναλοιφὴν
311 767 410 827 vocat.
454 761 504 826 dd
525 762 604 827 illud
625 781 748 841 nomen,
772 764 855 843 quod
878 764 910 828 in
933 766 1034 832 soluto
1057 785 1202 834 sermone

83 865 174 930 binas
198 865 335 948 syllabas
357 884 516 946 nunquam
540 867 709 948 egreditur,
733 867 854 932 accedit
868 869 1024 948 poeticum
1047 869 1087 935 τὰ
1111 873 1204 938 ulain

84 967 307 1033 Hesiod.*ln
331 966 493 1050 synthetis
517 987 648 1051 quorum
671 988 745 1051 pars
768 971 923 1051 posterior
945 972 1066 1053 epsilon
1088 975 1204 1056 princi·
1280 969 1282 972 ’
1324 1048 1327 1060 Ι

84 1071 155 1152 pale
178 1071 280 1135 clitico
302 1071 514 1152 antepositum
536 1071 650 1160 habet„
664 1092 886 1154 nonnunquam
899 1074 1110 1157 diphthongus
1134 1096 1204 1142 cum

84 1173 340 1255 monophthongo
372 1178 474 1239 certat
505 1178 542 1238 ut
561 1174 598 1239 II.
622 1174 650 1238 V
673 1174 734 1239 525
761 1176 919 1262 ζαχρειῶν
942 1171 1083 1259 ἀνέμων,
1120 1177 1204 1260 qhod

84 1282 207 1342 ueteres
229 1280 405 1359 χρειωδιῦν,
430 1272 616 1364 εὐχρήστων
637 1278 887 1359 interpretantur
909 1285 1060 1361 tanquam
1083 1299 1121 1346 ex
1145 1281 1202 1362 ζα-

81 1381 203 1464 χρεὲων
226 1378 403 1445 conflatum.
447 1378 499 1444 SIc
521 1387 627 1446 autem
649 1381 682 1446 in
704 1383 794 1447 codd.
817 1388 849 1447 et
871 1383 941 1448 edd.
963 1383 1104 1464 pristinis
1128 1385 1203 1448 scri-

82 1486 172 1563 ptum
195 1488 245 1546 est
265 1482 419 1565 probante
443 1482 625 1549 Thierschio
648 1482 751 1569 §.193
773 1504 803 1566 p.
819 1484 888 1549 102.
934 1483 1039 1550 Ceteri
1053 1484 1200 1551 Wolfinm

82 1590 257 1667 sequuntur
290 1590 436 1671 ζαχρρῶν
468 1586 669 1667 scribentem,
702 1587 786 1669 quod
818 1588 851 1652 ln
885 1586 1006 1653 duobus
1034 1588 1104 1654 aliis
1126 1590 1203 1656 locis

82 1687 244 1770 epitheton
267 1695 317 1754 est
337 1695 548 1772 pugnatorum
570 1691 704 1770 acrium,
739 1709 836 1771 quare
859 1690 955 1755 schol.
978 1690 1014 1755 Il.
1036 1690 1116 1755 XIII
1140 1689 1203 1757 684

82 1791 176 1875 παρὰ
200 1791 236 1857 τὸ
259 1788 351 1879 χρόα)
373 1789 494 1877 χρέαὺιυ.
540 1793 601 1859 Hic
624 1794 651 1858 si
665 1787 800 1881 ζἀχριὴς
821 1812 877 1875 pro
889 1793 1047 1874 primitivo
1059 1794 1203 1875 habetur,

82 1895 210 1961 dubium
233 1894 278 1975 fit,
302 1901 408 1962 utrum
430 1897 461 1967 εἶ
482 1916 521 1962 ex
543 1897 665 1963 duobus
687 1899 723 1969 ῖῖ
745 1897 966 1978 compositum,
1000 1917 1040 1962 an
1062 1898 1127 1963 iota
1150 1916 1202 1963 ex-

81 1999 236 2064 trinsecus
259 1998 416 2065 adiectum
439 2000 494 2079 sit,
528 1998 613 2079 quod
645 1984 841 2080 grimmatici
873 1999 1030 2064 nonnullis
1053 2000 1123 2065 aliis
1145 2000 1202 2065 tri·

80 2100 189 2182 bunut
210 2103 346 2184 primum
368 2103 414 2168 illi
436 2101 601 2184 quinquies
623 2102 759 2182 repetito
788 2101 936 2191 ἐϋρρεῖος
960 2109 1136 2186 οσιομσῐο,
1162 2103 1202 2169 de

79 2222 141 2287 quo
164 2205 258 2272 schol.
282 2207 323 2271 ad
344 2204 422 2270 XXI
448 2203 463 2270 1
489 2199 558 2268 aad
581 2206 640 2268 τοῦ
663 2198 777 2291 εὖρεύς
799 2200 868 2269 κατ’
894 2202 1073 2271 lutatam
1096 2210 1154 2270 τοῦ
1173 2209 1195 2276 ἶ

79 2303 101 2394 ἢ
124 2303 276 2375 ἀπὸτοῦ
300 2304 415 2395 ripale
438 2302 569 2390 σιἰριέσς
590 2308 645 2372 καί
669 2303 783 2394 κράσει
808 2303 941 2392 ιεἰρεῖος.
981 2305 1201 2375 Nominativus

80 2407 193 2496 α’»ρεές
221 2417 331 2477 contra
363 2410 539 2493 analogiam
560 2408 703 2492 fingitur3
738 2412 894 2494 genitivus
928 2407 1061 2494 εὐρεέος
1085 2412 1201 2493 duplici

80 2515 172 2581 modo
196 2515 338 2581 contrahi
359 2520 466 2598 potest
487 2510 615 2595 εὗρεῒος
637 2518 671 2579 et
692 2509 817 2599 εὐρῆσς,
853 2513 938 2595 quod
971 2513 1059 2579 codd.
1083 2515 1220 2596 aliquot

78 2618 129 2683 hic
152 2623 186 2684 et
205 2618 254 2684 bis
277 2617 352 2684 alibi
375 2616 524 2683 exhibent
534 2616 610 2682 XIV
622 2615 694 2696 433,
717 2617 776 2683 XV
787 2616 860 2685 265.
878 2654 914 2664 —
933 2615 982 2681 De
1002 2616 1053 2683 his
1076 2618 1202 2701 quidem

48 2772 53 2777 .
77 2720 155 2786 nihil
177 2721 311 2803 amplius
334 2722 459 2800 dicitur,
483 2721 539 2786 sed
555 2722 595 2787 de
611 2722 765 2788 similibus
777 2719 931 2786 hahemus
943 2722 1200 2803 gravissimorum

79 2829 242 2889 auctorum
260 2825 386 2908 judida.
430 2824 571 2889 Primum
593 2843 613 2889 a
633 2824 769 2908 Didymo
791 2825 927 2889 relatum
950 2824 990 2889 ad
1013 2824 1049 2890 ll.
1061 2825 1124 2891 XII
1137 2824 1200 2890 318

79 2921 355 3014 ἆκληεῖςΛυκίρν
378 2923 461 2992 κᾶτα
484 2927 720 3012 κοιρανέουσιν,
744 2926 794 2992 his
805 2927 910 2992 verbis
933 2921 1080 3003 ἆκλειεῖς·
1095 2925 1200 3004 οὕτως

76 3024 126 3112 (αἱ
154 3030 275 3114 κοιναὶ)
299 3025 693 3113 ἇκλεες(5ἰ11θασσθῐιλ11)·
727 3023 746 3095 ὃ
770 3028 806 3096 δέ
826 3024 1078 3116 Ἀρίσταρχος*)
1114 3029 1198 3094 κατὰ

78 3132 248 3220 συγκοπὴν
281 3127 328 3212 ὡς
359 3130 397 3197 ad
426 3129 585 3208 δυσκλέα,
620 3137 654 3196 et
685 3132 832 3197 continuo
858 3136 932 3213 post
960 3128 1064 3210 οὕτως
1088 3127 1202 3212 dulces
1327 3209 1329 3215 Α

78 3235 161 3317 (sine
184 3235 330 3318 accentu)
362 3229 395 3300 αἱ
425 3229 644 3319 Ἀριστάρχου
676 3232 731 3299 καὶ
754 3229 789 3299 αἱ
809 3233 1029 3323 χαριέστεροι,
1064 3254 1198 3316 quorum

60 3343 200 3420 partam
223 3339 359 3420 priorem
382 3338 425 3404 Μ.
449 3337 640 3404 Schmidtius
663 3355 734 3403 cum
757 3336 877 3403 Villois.
900 3337 1020 3418 omisit,
1042 3339 1075 3403 in
1098 3338 1199 3404 altera

79 3437 195 3518 ἀκλέες
217 3442 350 3523 scrlpsit
396 3440 559 3524 Syncopen
582 3440 785 3507 Aristarchus
808 3441 835 3504 si
857 3458 920 3505 non
942 3439 1128 3522 appellavit,
1166 3445 1201 3505 at

78 3547 164 3608 certe
187 3542 387 3625 significavit,
421 3562 441 3608 a
462 3543 621 3625 primitivo
644 3538 776 3620 ἀκλεέες
797 3540 971 3623 proiectus,
1006 3545 1055 3610 cui
1079 3544 1199 3626 epsilon

77 3646 256 3713 secundum.
284 3652 441 3713 exemtum
467 3647 599 3729 putarit.
666 3644 769 3722 Quum
792 3662 867 3710 vero
890 3640 1004 3727 ἀκλέες
1025 3654 1126 3714 metro
1147 3664 1198 3713 re-⁴

76 3756 241 3831 pugnaret
263 3749 372 3815 facere
390 3768 452 3815 non
474 3750 585 3832 potuit
608 3749 682 3831 quin
695 3748 794 3830 epsilo
803 3748 953 3829 primario
964 3749 1029 3815 iota
1041 3752 1198 3817 adiectum

78 3869 150 3917 esse
181 3857 345 3918 statueret
404 3851 485 3917 Tum
518 3852 559 3918 ad
592 3849 706 3918 xaal
742 3847 976 3933 δός-ἓιῑκλιῖας
1010 3848 1198 3941 ἅφικέσυαι

77 3955 194 4037 duplex
217 3960 321 4021 exstat
342 3954 513 4035 adnotatio,
535 3974 599 4021 una
621 3946 803 4021 Aristonici:
832 3951 926 4022 ἷακόν
949 3956 986 4021 τὸ
1010 3957 1197 4023 συστέλλειν

77 4052 228 4151 tritheiae
250 4058 304 4124 καὶ
328 4058 479 4125 δυσκλέα·
503 4053 536 4124 οἳ
558 4059 595 4126 δέ
619 4053 765 4124 haverol
793 4055 1037 4125 latetmouet&
1060 4062 1196 4125 τοιαῦτα

144 4299 174 4365 *)
203 4301 247 4352 Ita
272 4301 405 4369 ἅιῖἰρονιλεν
428 4308 531 4352 εον-νεα.
560 4300 589 4353 in
605 4318 695 4363 mecm
711 4309 796 4353 tamen
812 4300 895 4353 κειαίσ
914 4317 951 4352 σο
963 4317 1061 4368 porum
1079 4302 1199 4354 conrado.

79 4386 165 4440 Schol.
177 4387 269 4443 Bata:
288 4383 381 4448 οὕτως.
399 4386 519 4449 adalard
527 4383 761 4460 I'Apturopgoc-.
787 4387 817 4442 V.
836 4386 912 4441 Pacu.
924 4387 945 4440 I
957 4383 1009 4440 265
1026 4381 1199 4454 (uta-lod).
