2736 4778
160 306 225 373 uu
239 304 510 374 Paosrrmm
525 282 587 418 nr
601 303 865 371 mammae
883 300 1103 389 cumea
1130 307 1202 381 roa

80 493 133 557 rel
152 514 220 578 rpro
248 495 288 578 μῆ
313 490 365 555 vel
385 511 448 575 pro
470 486 502 565 ἴς
527 488 648 550 dictum
672 509 760 561 esse,
792 485 971 571 Gigantum
988 488 1125 555 nomine
1150 489 1201 555 vel

80 592 259 677 terrigenas
292 589 344 654 vel
383 584 596 674 ἶφιγενήτσυς
635 584 812 671 significari
851 586 1015 651 crederem
1051 602 1202 676 correpta

79 715 166 776 quae
187 692 223 756 in
245 688 387 776 simplici
410 687 596 772 longa'eat,
618 685 752 772 syllaba.
789 681 941 769 Δίδυμος
962 688 1054 773 παρὰ
1074 690 1112 756 τὸ
1140 693 1200 760 δύο

80 792 116 856 ἐν
141 792 386 875 διπλασιασμῷ
405 788 486 853 ΕΜ
515 788 590 866 272,
619 789 672 854 34.
702 787 762 852 sed
789 785 884 851 addit
910 781 931 874 ἢ
960 788 1054 873 παρὰ
1083 791 1120 855 κδ
1151 790 1203 870 δίς

79 891 145 956 hoc
167 900 275 956 estut
297 885 462 974 τρίδυμος,
483 886 697 973 τετρδδυμος,
720 909 861 973 quorum
883 886 1067 965 tenninatio
1090 891 1200 956 nescio

81 1001 189 1055 utrum
217 988 417 1077 paragogica
442 988 484 1054 sit
509 1010 551 1052 an
574 988 796 1074 significabilia
818 988 910 1053 utin
932 989 1033 1054 latino
1058 995 1201 1074 τετρακί-

81 1109 163 1164 ιιιιι,
190 1092 453 1173 ρασιττρακίκιιτ,
482 1086 547 1153 boc
575 1100 625 1155 est
646 1090 909 1175 conjunctionem
933 1102 967 1156 et
987 1090 1204 1176 σσνδνασμόν

78 1189 241 1255 indicans.
282 1188 438 1256 Proxima
460 1200 537 1255 sunt
556 1190 716 1275 Hesycbii
739 1194 881 1270 Κνῶττες
903 1187 1057 1258 κνώδαλα
1081 1203 1114 1257 et
1137 1189 1203 1258 Ill·
1300 1205 1309 1231 l

77 1302 177 1376 ννιοψ
196 1288 327 1378 θηρίον,
349 1291 440 1377 quod
462 1291 604 1357 Guietus
630 1291 830 1377 duplicatum
852 1301 960 1378 putat,
992 1289 1149 1375 Μίμαλις
1168 1289 1198 1378 ἡ

75 1393 132 1455 νῦν
149 1392 273 1478 Μῆδος
292 1413 323 1456 v.
344 1391 465 1457 Parall.
488 1391 541 1457 95.
571 1393 791 1479 Μιμσρτοβία
817 1395 896 1470 ναῖνς
918 1391 953 1457 ἐν
972 1381 996 1480 ἦ
1019 1382 1198 1477 drepana

75 1488 256 1578 βεβήκασιν
286 1503 321 1556 et
349 1490 558 1579 Μορτοβάτη
590 1487 609 1580 ἡ
633 1488 883 1578 δνδρωποβάιη
907 1495 989 1568 ναῦς
1010 1490 1052 1556 cl.
1074 1492 1196 1558 Parall.

77 1589 130 1652 80.
161 1587 273 1669 Σίνδις
300 1593 405 1678 γέρων
432 1601 467 1656 et
491 1592 660 1670 Σισίνδιος
686 1593 812 1677 γέροννί
835 1591 954 1655 Notius
988 1601 1038 1655 est
1066 1589 1199 1675 σισύρα,

78 1689 212 1774 quodsi
227 1712 302 1756 cum
316 1691 412 1770 σι’σσς
427 1713 665 1778 comparamus,
683 1712 873 1778 paragogae
889 1691 1034 1776 speciem
1049 1691 1197 1778 praebet,

79 1791 106 1854 si
135 1811 209 1856 cum
238 1789 341 1878 σδρα,
374 1793 585 1879 anadiplosis.
629 1793 817 1877 Σίσσμβρον
844 1792 911 1858 sive
939 1789 1135 1879 σισύμβριον
1149 1799 1200 1873 ⁸²)

78 1890 227 1956 menthae
247 1891 376 1980 species
393 1892 531 1958 fortasse
549 1916 569 1958 a
585 1893 795 1957 similitudine
813 1894 973 1976 saturejae
990 1893 1058 1958 sive
1070 1895 1198 1959 cunilae

80 1992 304 2070 denominata,
336 2015 422 2078 qnae
447 1990 585 2079 θύμβρα
615 1993 748 2069 dicitur3
776 2014 852 2055 nam
882 1992 1011 2056 Plinius
1039 1992 1121 2056 XX.
1144 1993 1197 2057 94.

79 2091 288 2176 sisymbrium
319 2093 465 2160 silvestre
499 2115 519 2157 a
552 2092 748 2177 quibusdam
781 2090 1006 2175 thymbraeum
1038 2090 1198 2177 appellari

80 2191 208 2270 scribit,
236 2192 345 2259 cunila
369 2205 478 2261 autem
506 2194 541 2257 in
569 2193 680 2259 Gloss.
703 2192 856 2258 Graecol.
877 2188 1014 2277 θύμβρα
1039 2192 1196 2259 redditur.

81 2293 120 2359 Si
148 2291 266 2383 τιτθή,
292 2304 331 2359 ut
356 2293 586 2364 Grammaticis
615 2293 740 2380 placet,
775 2288 898 2359 σθᾰω
929 2292 1107 2358 derivatum
1136 2307 1196 2375 est,

81 2394 172 2479 quod
193 2406 329 2484 propter
349 2395 494 2482 syllabae
518 2394 636 2482 prioris
657 2417 840 2461 mensuram
863 2392 1138 2473 addubitavimm,
1163 2397 1198 2461 id

79 2496 315 2582 multomagis
343 2496 505 2584 suspicari
523 2496 600 2562 licet
619 2497 661 2563 de
684 2497 843 2581 adjectivo
871 2492 986 2573 τιθδς,
1012 2495 1103 2580 quod
1128 2518 1200 2561 eam

80 2597 215 2685 corripit
233 2608 267 2662 et
287 2619 425 2685 compar
447 2595 547 2662 habet
570 2595 719 2683 αἶ’γιθος,
749 2600 777 2663 si
799 2597 862 2662 hoc
881 2595 969 2660 idem
992 2596 1077 2662 valet
1099 2606 1199 2682 atque
1262 2633 1265 2639 ·

80 2694 263 2788 αἰγιδήλας
288 2709 322 2763 et
348 2697 390 2764 ab
422 2697 538 2764 eodem
564 2698 663 2765 verbo
693 2697 773 2765 θάιο
799 2698 1017 2786 compositum
1040 2709 1091 2764 est
1116 2720 1196 2785 sup·

80 2820 196 2885 pressa
214 2798 322 2866 vocab
343 2798 468 2875 nativa3
491 2799 579 2864 unde
596 2811 750 2885 sequetur
767 2799 869 2866 hocce
884 2798 1019 2865 verbum
1035 2822 1102 2865 non
1118 2823 1196 2886 pro-

79 2901 185 2986 priam
209 2899 352 2987 sugendi
378 2910 412 2964 et
438 2920 569 2965 succum
596 2899 689 2967 lactis
718 2900 898 2988 praebendi
929 2901 988 2966 sed
1011 2904 1198 2987 generalem

80 3000 268 3065 nutricaudi
293 2999 564 3087 significationem
593 2999 747 3067 babuisse
773 3011 806 3065 et
835 3000 912 3064 hinc
933 3001 1068 3064 fluxisse
1088 3004 1197 3068 notio-

80 3124 158 3166 nem
185 3100 303 3168 cicuris
332 3111 366 3166 et
392 3103 571 3178 mensueti;
600 3097 801 3188 ἡμεροῦνται
827 3098 959 3193 μὰρῖτῇ
984 3101 1044 3184 τῆς
1070 3104 1199 3189 τροφῆς

79 3198 264 3284 μεταδόσει
288 3200 345 3270 καὶ
370 3201 413 3267 τὰ
435 3197 709 3286 σκυθρωπότατα
731 3193 797 3266 ’τῶν
819 3198 949 3286 θηρίων
969 3198 1058 3265 Plut.
1082 3199 1197 3288 Symp.

80 3301 160 3369 VII.
182 3302 214 3378 4,
235 3302 266 3367 6.
310 3302 348 3370 Si
369 3301 449 3369 baec
474 3299 611 3367 nonita
633 3310 725 3377 sunt,
746 3297 846 3379 τιθδς
868 3323 888 3365 a
910 3299 1065 3366 societate
1089 3301 1198 3388 dupli-

82 3414 228 3469 catorum
255 3406 414 3472 removeri
447 3414 588 3494 oportet.
645 3400 842 3485 Τιθύμαλος
879 3402 1030 3488 suspicor
1062 3413 1198 3489 propter

81 3506 342 3590 quandamcum
362 3506 473 3590 thymo
496 3502 753 3573 convenientiam
782 3500 845 3567 boc
876 3524 996 3567 nomen
1018 3502 1197 3592 accepisse.

79 3605 207 3672 Suidae
223 3607 368 3692 glossam
385 3602 440 3671 'Ex
458 3612 620 3684 stauracia,
641 3603 678 3671 ἐκ
695 3606 817 3687 μικρᾶς
835 3599 967 3692 ἡλικίας
981 3603 1198 3674 Ruhnkenius

80 3707 310 3794 corrigendam
330 3708 458 3775 cenauit
480 3707 518 3775 ἐκ
538 3707 677 3783 νοννῶν,
699 3702 758 3769 sed
780 3702 951 3803 interced-it
973 3706 1116 3774 Zonaras
1142 3715 1200 3778 Τι-

81 3811 208 3890 rapaci
226 3805 512 3898 μικρᾶς-ἡλικίας.
545 3807 642 3873 Nunc
663 3827 765 3870 unum
786 3815 886 3871 restat
906 3832 925 3876 o
947 3807 1081 3876 micron.
1114 3806 1200 3892 Γόγ-
1278 3832 1283 3837 ·

153 4061 201 4128 32)
214 4048 379 4135 Σίσομβρδν
396 4061 425 4116 in
436 4059 576 4130 Meleagri
594 4058 716 4114 munins
732 4057 850 4130 primam
867 4060 980 4113 brevem
998 4057 1084 4110 babet
1102 4063 1132 4108 ut
1149 4057 1200 4112 du·
1223 4096 1226 4104 -

80 4143 199 4216 plicatio
216 4147 325 4218 poscit;
344 4147 458 4220 longam
473 4164 518 4218 ap.
532 4144 703 4230 Nicandrum
719 4143 791 4213 legis
810 4141 937 4206 oblitum,
956 4140 1009 4194 nisi
1027 4146 1201 4215 σισσνμρρον

81 4229 204 4301 scripsit.
