2736 4778
175 335 252 410 282
465 328 786 399 DISSERTATIO
817 329 863 394 ll.
907 329 947 394 P.
971 330 998 394 Ι.

177 518 282 606 repeti
304 516 438 582 deberet
459 527 494 582 ut
522 514 728 604 γλαυκίδιον,
750 514 923 602 χοιρίδιον.
967 515 1124 600 Longum
1150 525 1199 580 eet
1222 517 1250 581 si
1272 539 1294 580 a

177 619 316 704 δέσμιον
344 618 505 706 processit
529 628 566 682 ut
591 640 612 683 a
642 615 768 701 κωβιός
789 614 947 700 νιοβίδιον
972 617 1007 681 in
1029 616 1163 684 Sotadis
1185 639 1293 694 versu,

177 721 269 805 cujus
298 720 476 785 secundam
503 717 661 804 syllabam
690 717 731 784 ab
753 718 988 784 Anaxandride
1014 729 1198 805 correptam
1220 741 1293 784 esse

178 822 304 888 dubitat
326 813 513 888 Mfflrekius
535 821 611 888 Vol.
632 820 697 885 111.
720 819 792 885 172.
837 818 971 904 Siquis
994 829 1101 884 tamen
1124 819 1292 905 corripuit,

177 945 343 1010 syncopae
365 922 499 989 crimine
519 921 650 987 libcrari
671 942 739 986 non
762 930 887 1008 potest3
912 942 987 985 narn
1005 920 1204 1007 primitivum
1226 925 1293 987 sri-

176 1030 237 1110 βος
257 1025 324 1089 sive
345 1020 454 1108 κιοβός
471 1023 560 1089 haud
583 1023 745 1101 novimus,
774 1044 881 1106 neque
903 1021 967 1085 alia
987 1021 1187 1087 defensionis
1207 1022 1291 1087 ratio

176 1125 369 1210 relinquitur
389 1125 453 1188 nisi
474 1124 522 1191 sic
543 1124 713 1190 statuimus
740 1145 781 1188 ex
804 1121 933 1188 duobus
954 1123 1022 1188 iota
1042 1144 1109 1188 non
1130 1122 1213 1186 illud
1234 1143 1291 1187 ex-

178 1227 299 1292 cidisse
320 1226 411 1311 quod
433 1235 482 1290 est
503 1226 738 1291 terminationis
751 1213 856 1292 icio]
870 1225 1026 1311 primum,
1057 1224 1116 1288 sed
1138 1223 1292 1311 primitivi

178 1324 304 1410 κωβιός
329 1327 486 1392 ultimum.
528 1328 571 1393 Id
598 1338 685 1394 certe
710 1327 746 1391 fit
771 1326 828 1391 ubi
853 1325 986 1391 nomina
1010 1327 1045 1390 in
1058 1312 1126 1392 Ei
1141 1324 1294 1389 exeuntia

177 1429 212 1494 in
229 1417 334 1516 αρι-ον
355 1439 522 1495 transeunt
548 1427 666 1520 ζῴδιον
683 1425 857 1516 ζῳδάριον,
883 1425 1005 1514 κῴδιον
1030 1425 1211 1514 κῳδάριον,
1234 1448 1293 1490 cu-

171 1531 229 1616 jus
251 1530 406 1596 catalexis
428 1530 527 1618 alpha
545 1530 643 1596 breve
668 1551 741 1595 esse
764 1538 892 1594 constat
912 1528 1013 1593 Proll.
1035 1527 1108 1593 258.
1137 1527 1291 1601 vocales,

177 1653 262 1717 quae
288 1632 324 1697 in
350 1632 492 1709 σοΐδιον,
521 1631 677 1698 πτυΐδιον
697 1632 782 1695 inter
805 1653 840 1695 se
863 1629 1070 1715 contingunt,
1100 1629 1292 1715 plerumque

176 1733 212 1798 in
229 1754 329 1797 unam
354 1732 608 1817 compinguntur
628 1730 784 1817 syllabam
804 1732 937 1818 longam
954 1730 1001 1793 ita
1016 1740 1053 1793 ut
1070 1729 1137 1792 iota
1158 1727 1290 1793 auribus

176 1832 277 1899 modo
306 1832 506 1919 percipiatur
531 1833 642 1919 specie
670 1835 791 1898 omissa
822 1830 1012 1920 βοιρδδιον,
1046 1826 1201 1912 ι’χθδδιον
1230 1842 1290 1895 etc.

176 1933 309 2018 μυΐδιον
330 1931 389 1999 καὶ
411 1931 445 1999 ἕν
466 1939 618 2021 συγκοπῇ
638 1938 699 2000 τοῖνΙ
717 1923 880 2018 {irrideor
904 1931 962 1998 διὰ
983 1930 1021 1997 τὸ
1042 1931 1214 2018 μηδέποτε
1234 1932 1292 2019 τὴν

176 2022 219 2102 ἶνι-
233 2032 318 2119 μετὰ
339 2030 522 2122 συμφώνου
543 2031 761 2119 εὑρίσκεσθαι
784 2033 936 2118 Theogn.
957 2033 1028 2109 121,
1044 2032 1096 2095 27.
1124 2031 1194 2098 Sed
1211 2030 1291 2096 haec

178 2156 289 2214 caeca,
311 2146 349 2200 ut
369 2137 416 2200 ita
438 2136 557 2212 dicam,
581 2136 762 2220 synaeresis
786 2156 885 2222 saepe
905 2134 1018 2198 ielellit
1037 2133 1291 2208 Grammaticos3

178 2234 235 2303 ὅτε
257 2230 278 2323 ἡ
300 2232 474 2303 τελευταία
494 2237 643 2324 συλλαβὴ
664 2240 724 2323 τῆς
746 2241 876 2322 γενικῆς
895 2240 954 2323 τοῦ
975 2231 1200 2320 πρωτοτύπου
1221 2229 1289 2300 ἀπὸ

178 2331 364 2424 φωνήεντος
389 2329 530 2423 ἤρξατο,
556 2333 631 2402 τότε
653 2336 711 2403 διὰ
734 2341 794 2402 τοῦ
808 2322 895 2401 διον
916 2333 1038 2419 γίνεται
1062 2328 1083 2421 ἦ
1104 2332 1290 2422 παραγωγή

175 2430 261 2518 μυός
281 2432 401 2521 μδδιον
421 2436 500 2501 ΕΜ.
519 2437 593 2511 241,
614 2436 667 2501 48.
710 2438 835 2503 Verum
855 2457 1021 2522 paragoge
1042 2435 1105 2498 ista
1126 2455 1289 2500 commen·

176 2536 253 2602 tioia
274 2547 339 2613 est,
367 2531 485 2618 μδδιον
505 2535 594 2601 haud
615 2535 714 2602 dubie
737 2538 869 2624 ypsilon
890 2539 1026 2622 longum
1047 2534 1145 2599 habet
1167 2535 1290 2600 omnia-

178 2661 242 2722 que
268 2638 386 2703 similia
413 2635 595 2715 δικτύδιον,
620 2632 798 2723 δφρύδιον,
821 2638 993 2720 σμινοδιον
1016 2647 1076 2701 eto.
1105 2657 1189 2720 quae
1215 2637 1292 2720 quia

177 2738 285 2823 poetis
306 2737 437 2814 intacta,
460 2758 501 2800 ex
522 2737 593 2802 sola
610 2739 761 2825 analogia
775 2739 917 2824 judicari
940 2749 1088 2826 possunt.
1127 2733 1291 2818 Ἰχθδδιον

175 2839 210 2902 in
231 2837 433 2903 Archestrati
451 2837 597 2902 versibus
618 2839 740 2905 Athen.
758 2842 837 2909 VII.
858 2841 932 2905 311.
956 2838 995 2905 C.
1019 2838 1195 2904 secundam
1217 2859 1289 2903 cor·

175 2938 254 3024 ripit
275 2937 334 3003 sed
356 2939 546 3004 emendatur
567 2961 587 3003 a
609 2940 772 3007 Porsono.
817 2939 964 3008 Βούδιον
986 2952 1019 3004 et
1040 2940 1156 3005 similia
1177 2951 1290 3004 contra

174 3050 318 3105 veterum
345 3039 615 3107 consuetudinem
640 3043 715 3108 ficta
742 3066 815 3109 esse
843 3042 970 3108 ostendi
1000 3042 1042 3105 ad
1066 3041 1145 3106 Phr.
1168 3041 1220 3106 87.
1250 3043 1289 3106 of.

173 3140 319 3207 Meinelr.
351 3141 445 3207 Com.
480 3143 536 3207 Fr.
566 3143 642 3209 Vol.
669 3144 714 3209 11.
744 3146 817 3211 393.
872 3145 988 3209 Altera
1021 3143 1291 3208 deminutivorum

175 3244 316 3330 species,
342 3245 434 3325 cujus
457 3243 607 3327 exempla
628 3256 704 3307 sunt
727 3245 877 3323 ναΐονος,
904 3244 1041 3333 μυΐσκη,
1069 3244 1158 3308 nulle
1184 3255 1290 3308 muta·

175 3344 263 3410 tione
292 3342 436 3428 tangitur
468 3341 531 3405 nisi
560 3344 723 3407 antecedit
752 3344 820 3407 iota
846 3355 883 3407 ut
912 3368 932 3407 a
954 3343 1138 3429 παιδάριον
1159 3345 1290 3410 παιδα-

174 3441 305 3529 ρίοκος,
344 3466 422 3509 nam
454 3442 546 3528 quod
579 3464 639 3528 pro
671 3440 796 3528 θοΐοκνγ
829 3446 1022 3509 thuribulum
1055 3467 1289 3530 nonnunquam

174 3542 324 3608 scribitur
344 3540 470 3633 θύσκη,
497 3542 560 3609 hoc
581 3564 701 3608 nomen
724 3565 744 3604 a
763 3537 850 3617 θύος
872 3543 1067 3623 derivatum,
1096 3569 1163 3611 non
1185 3546 1288 3611 demi·

173 3640 319 3704 nutivum
335 3654 384 3707 est
390 3667 399 3719 3
415 3640 541 3726 μδσνιος
557 3655 590 3709 et
604 3640 744 3732 φύσιος,
761 3662 845 3725 quae
856 3643 1018 3709 Arcadius
1034 3646 1140 3724 affert,
1156 3648 1289 3712 nomina

173 3740 309 3829 propria
331 3763 403 3806 esse
424 3741 588 3821 videntur,
617 3743 738 3829 quibus
758 3741 968 3808 Herodianus
993 3747 1087 3812 Mon.
1110 3750 1162 3813 41.
1188 3749 1289 3813 utitur

172 3843 264 3933 prius
281 3842 408 3907 diverse
425 3841 570 3908 scribens
588 3841 726 3920 Ζύοκος.
768 3841 962 3931 Incorrupta
978 3859 1089 3913 manet
1108 3851 1205 3914 etiam
1222 3861 1287 3914 tor·

172 3945 306 4012 minatio
320 3929 414 4023 Ῑνοξ,
437 3937 561 4031 γήινος,
584 3938 718 4028 δρύινος
733 3952 793 4008 eto.
816 3944 878 4008 nisi
902 3968 966 4030 qua
988 3961 1117 4015 cavetur
1139 3950 1289 4039 opallclia

171 4057 209 4111 ut
229 4071 250 4112 a
264 4047 387 4132 λείριον
405 4043 549 4110 nascitur
563 4041 703 4127 λεδρινος
721 4041 788 4108 sive
804 4042 943 4131 λίρινος,
962 4046 1003 4111 ab
1019 4044 1124 4134 εἴριον
1147 4048 1288 4136 εἷρίνεος

171 4147 273 4213 Proll.
295 4147 368 4214 246.
396 4144 491 4234 παρὰ
517 4145 557 4213 ιδ
583 4140 684 4229 μελιά
710 4141 856 4228 γίγνεται
880 4145 1026 4226 μελίινος
1051 4151 1110 4218 καὶ
1132 4156 1285 4243 ουγκοπῇ

169 4246 305 4332 μέλινος
331 4247 390 4314 καὶ
419 4249 624 4333 πλεονασμῷ
652 4241 800 4328 μα’λινος
827 4245 907 4310 ΕΜ.
933 4247 1013 4326 582,
1039 4252 1090 4317 23.
1122 4253 1183 4318 sod
1212 4275 1290 4318 vera
