2736 4778
127 280 204 357 672
480 269 798 342 DISSERTATIO
821 270 884 337 ΙΙΙ.

126 482 276 531 naamam
296 459 416 526 habere
438 456 601 524 dicit-
571 484 601 526 ιι
623 456 718 526 δὲ”
683 484 812 548 ειρηται
836 455 942 527 Ἅθό
945 448 1248 537 ςἍθόιιυἍθόω,

129 562 241 632 οὐκέτι
257 558 402 642 actumst}
402 586 431 627 ιι
448 583 533 647 quae
549 554 595 626 sic
608 561 711 628 scribi
723 572 853 678 oportet
868 584 897 625 ιι
888 552 1001 625 ’δὲ”
966 580 1095 646 ειρηιαι
1106 550 1251 633 Ausim

120 659 207 734 Aet
189 688 246 741 u,u
264 656 437 729 mmm.
462 661 622 743 Quaestio
645 662 784 728 enimin
808 660 871 726 hoc
885 671 1031 725 versatur
1047 669 1157 722 utrum
1170 676 1251 721 vera

130 775 163 831 et
190 785 347 851 germana
370 763 561 829 nominativi
589 764 693 828 forma
720 763 762 827 sit
783 756 914 840 ’Άθιιυς
945 783 986 824 an
1006 752 1137 836 Ἄθως,
1168 756 1250 822 huic

129 878 237 932 autem
260 890 279 931 o
302 864 426 930 micron
454 865 676 952 supervenerit
700 864 751 928 vel
774 863 911 928 diseresi
943 872 981 927 ut
1003 869 1104 941 vocat
1130 857 1247 925 Schol.

128 967 244 1035 11..11[
263 966 333 1031 122.
357 966 410 1030 cui
431 988 492 1032 nos
516 966 668 1031 diectasis
689 988 809 1031 nomen
830 964 1010 1038 tribuimus,
1030 960 1082 1026 vel
1097 959 1248 1078 epectasi

129 1069 260 1157 poetica
280 1079 318 1130 ut
341 1067 418 1133 Sch.
431 1068 469 1133 Il.
492 1067 589 1133 xlv.
601 1068 674 1132 229.
697 1067 761 1133 Ιιοο
781 1079 830 1132 est
847 1067 1038 1153 pleonasmo
1054 1062 1246 1150 promiscuo

130 1181 164 1238 et
184 1167 363 1245 arbitrario
406 1168 462 1235 Ab
483 1181 623 1285 utrqque
643 1169 752 1290 Epim.
771 1168 800 1232 I.
828 1167 899 1233 146.
922 1164 1078 1231 discernit
1098 1164 1248 1249 quadru-

130 1397 179 1459 τῳ
199 1365 330 1492 layue'c
350 1363 409 1438 οὐκ
434 1368 612 1446 ἕπένθεσις
633 1372 692 1436 τοῦ
714 1396 743 1446 ο,
708 1354 854 1435 ἀλλὰ
879 1362 1018 1454 δισσὴ(
1001 1395 1019 1451 q
1044 1371 1161 1452 χρῆσις
1182 1366 1247 1433 λα-

130 1471 198 1562 γώς
217 1470 277 1538 καὶ
299 1467 438 1558 λαγωός.
471 1471 808 1538 Discemendisutem
828 1470 909 1535 duas
924 1469 1067 1533 rationes
1087 1465 1247 1533 habuisse

130 1574 275 1650 videtur,
306 1594 405 1638 unam
437 1573 528 1658 quod
559 1572 615 1637 illa
648 1574 737 1660 apud
767 1573 855 1638 solos
884 1583 999 1658 poetas
1026 1568 1246 1647 inveniuntur,

131 1673 217 1741 tertii
243 1684 351 1739 autem
376 1673 517 1737 nominis
541 1673 645 1739 forma
672 1688 811 1760 utraque
838 1673 872 1737 in
899 1671 1062 1738 communi
1086 1693 1150 1735 usu
1171 1692 1246 1735 ver-

131 1788 236 1852 satur3
260 1773 393 1840 alteram
420 1774 454 1839 in
477 1787 612 1840 accentu
633 1776 793 1862 positam3
823 1773 910 1839 hunc
939 1774 1025 1839 enim
1054 1770 1245 1858 epenthesis

130 1875 275 1953 ratrahit,
296 1872 428 1962 λαγωός
448 1889 555 1941 sutem
575 1887 607 1940 et
629 1872 737 1961 λαγώς
758 1876 825 1940 sive
848 1879 959 1959 λαγῶς
980 1873 1013 1937 ἱιι
1036 1872 1151 1938 eadem
1176 1874 1245 1958 syl·

123 1978 206 2047 laba
236 1979 336 2045 fixum
369 1977 499 2044 habent.
552 1978 630 2042 Duo
668 1976 732 2040 alia
770 1976 916 2061 ejusdem
949 1976 1074 2060 figurae
1110 1973 1248 2040 nomina

21 2112 30 2118 ·
135 2076 250 2164 Τρωός
271 2090 305 2145 et
326 2076 439 2162 δμωός
459 2091 584 2145 veteres
606 2101 672 2144 nun
694 2091 788 2143 aucta
810 2077 868 2142 sed
891 2100 931 2142 ex
955 2075 1097 2163 genitivo
1120 2076 1248 2141 reflexa

132 2201 204 2246 esse
226 2179 347 2245 docent
363 2201 392 2244 v.
408 2179 510 2244 Proll.
532 2178 584 2244 29.
606 2178 727 2265 Ignota
748 2190 823 2243 suut
846 2182 923 2253 Κῶς
944 2178 981 2242 τὸ
1003 2169 1177 2260 ὄρυγμα·
1190 2176 1246 2243 λέ-

133 2302 226 2366 γεται
248 2278 307 2343 καὶ
330 2283 418 2356 κῶος
442 2279 557 2367 Steph.
580 2278 677 2358 Ζωός
702 2281 919 2345 Buttmannus
943 2278 1085 2343 Gramm.
1114 2277 1141 2340 Ι.
1170 2277 1245 2342 245.

132 2402 151 2446 e
178 2377 403 2465 monosyllabo
432 2377 496 2460 ζώς
521 2381 689 2445 dilatatum
714 2391 826 2468 putat,
858 2377 1068 2444 Herodianus
1094 2399 1172 2442 vero
1203 2378 1247 2444 ad

131 2479 170 2545 ll.
190 2481 232 2549 V.
256 2480 329 2545 887.
349 2479 388 2545 τὸ
411 2476 477 2560 ζώς
503 2479 540 2559 ἐξ
566 2474 764 2563 ὀξυνομὲνου
789 2485 850 2545 τοῦ
881 2477 963 2560 ζωός
996 2472 1042 2554 ὡς
1069 2478 1144 2556 δαΐς
1171 2475 1245 2568 δᾴς,

130 2581 284 2673 idemque
306 2585 373 2658 σῶς
395 2574 464 2647 ἀπὸ
485 2585 544 2646 nori
568 2585 655 2658 σῶος
676 2582 755 2646 ΕΜ.
780 2582 858 2655 714,
885 2580 938 2643 46.
970 2579 1029 2643 sed
1050 2578 1133 2644 haec
1154 2580 1244 2644 varis

133 2682 336 2747 disseruntur
350 2679 637 2746 v.Diss.11.P.l.
657 2703 684 2746 0.
697 2683 757 2748 IV.
777 2686 801 2767 ξ
811 2683 841 2747 2.
877 2683 908 2746 A
926 2680 1087 2766 primitivo
1108 2673 1248 2758 πάτρως

131 2794 266 2865 patruus
289 2779 525 2866 significatione
548 2780 656 2846 differt
677 2779 834 2867 πατρωός
857 2786 1005 2856 uitricum
1033 2780 1122 2845 urbis
1149 2782 1246 2857 Τλιῦς

132 2881 282 2947 conditor
310 2880 399 2946 idem
431 2883 527 2959 Τλώς
555 2886 612 2947 τοῦ
645 2883 960 2971 Ttui-uppellatur
990 2895 1022 2945 et
1054 2884 1170 2957 Τλιῡος
1194 2881 1245 2945 di-

131 3004 225 3048 verso
256 3003 294 3048 ac
322 2980 523 3068 gentilicium
549 2995 686 3049 accentu
712 2985 771 3049 sed
797 3006 916 3049 nomen
943 2982 1041 3048 semel
1071 2982 1192 3046 lectum
1215 2991 1247 3046 et

132 3085 342 3173 peregrinum
362 3085 405 3149 ad
429 3107 579 3171 graecam
602 3085 785 3171 analogiam
808 3086 1147 3171 aequiparareparum
1165 3105 1246 3147 con·

131 3187 230 3252 venit
274 3185 473 3271 siliquarum
496 3187 623 3274 species
647 3188 812 3273 quomodo
840 3211 859 3251 a
887 3186 1022 3253 Graecis
1050 3185 1246 3270 Latinisque

133 3288 295 3376 principio
317 3287 482 3374 appellata
504 3287 546 3353 sit
571 3284 723 3375 φάσηλος
748 3313 788 3353 an
823 3290 996 3375 φασήολυς
1025 3290 1191 3370 phuseuius
1216 3310 1245 3350 v.

132 3390 234 3458 Prull.
259 3391 330 3457 129.
353 3389 440 3454 haud
468 3389 634 3475 cognitum
659 3390 826 3456 habemus.
861 3383 1091 3474 Ἅμμοδι·όιης
1121 3411 1140 3452 a
1168 3389 1246 3455 Sta-

133 3492 223 3576 tyllio
245 3491 280 3557 in
303 3490 392 3556 exitu
413 3512 525 3555 versus
550 3490 680 3556 iambici
704 3493 846 3578 positum
869 3513 940 3555 esse
970 3513 1029 3575 pro
1053 3483 1248 3574 ἅιιμοδότης

133 3591 317 3678 suspicatus
330 3615 412 3656 esum
429 3592 463 3656 in
484 3591 604 3657 Parall.
616 3593 690 3658 434.
714 3595 772 3659 sed
795 3593 954 3679 exempla,
976 3614 1059 3676 quue
1076 3590 1247 3656 Meinekio

133 3692 213 3758 satis
246 3691 366 3757 iaciant
397 3694 526 3759 Delect.
555 3694 646 3759 222.Ι
664 3696 807 3784 proferre
844 3718 910 3759 non
942 3716 1086 3779 possum.
1132 3691 1169 3758 Si
1192 3692 1248 3756 ille

132 3817 193 3883 pro
214 3785 433 3879 ἆμμηδιιότιιι
453 3796 638 3883 scripsisset
664 3792 879 3881 ἇμμυδύτορα
906 3807 944 3860 ut
971 3791 1244 3882 ἀμπελοφὸτορα,

132 3917 229 3964 nemo
252 3894 428 3981 quidquam
451 3896 639 3984 ambigeret.

218 4002 243 4083 q.
267 3999 296 4063 2.
341 3999 382 4066 Ιιι
402 4000 614 4065 commissura
642 3998 872 4064 vocabulorum
897 3997 1120 4082 synthetorum
1146 4019 1245 4062 voca-

132 4099 195 4165 lem
214 4101 453 4185 conjunctivam
466 4123 699 4185 nonnunquam
717 4101 925 4186 praetermitti
948 4101 981 4165 in
995 4100 1085 4166 Dias.
1098 4100 1142 4164 11.
1161 4100 1202 4165 Ρ.
1217 4099 1245 4165 Ι.

134 4222 162 4265 c.
175 4201 234 4268 IV.
248 4205 273 4287 ξ.
285 4204 315 4267 4.
330 4203 583 4270 demonstratum
600 4214 664 4278 est3
682 4224 767 4267 nunc
786 4202 826 4268 dc
844 4192 870 4270 ὅ
880 4203 992 4281 micro,
1016 4200 1105 4287 quod
1122 4200 1247 4266 medias
