2736 4778
286 350 343 419 DE
366 348 764 420 Pnossflsmamsmo
806 351 878 420 P.L
901 346 934 420 0.
945 352 971 419 I.
994 353 1021 441 ξ.
1033 351 1063 420 3.
1186 352 1270 421 169·

129 517 423 585 Commodissimum
444 516 570 582 ridetur
590 516 687 584 verbo
719 517 752 582 in
775 517 861 583 duali
882 517 985 599 posito
1007 517 1152 600 adaptari
1173 536 1247 600 par·

126 623 268 705 ticipium
291 618 432 689 ciusdem
454 620 591 687 numeri:
626 616 803 709 διαστήτην
826 620 978 708 ἐρίσαντε
1000 618 1037 685 11.
1058 619 1076 686 Ι
1098 618 1132 702 6,
1166 620 1247 688 τοίω

128 724 174 791 τώ
199 763 233 772 -
260 718 315 791 ὑπ’
341 719 483 790 Λίνείαο
507 724 642 805 δαμέντε
663 724 872 811 καππεσέτην
893 723 922 789 V
943 723 1020 804 559,
1044 725 1248 811 στρεφθέντε

127 827 339 914 μαχέσθηνλ1
361 824 433 904 575,
457 825 502 892 τώ
526 826 563 895 δὲ
586 821 639 893 δύ’
665 820 798 905 ἀΐξαντε
822 823 948 916 ψυχή’
934 827 990 893 arri
1014 829 1093 912 νήας
1115 822 1248 916 ικέσθην

129 930 187 997 Od
209 928 334 1010 XII7,
359 932 420 1017 κῆρ
419 923 614 1055 ’ἀραρόντε
637 928 902 1026 ερχησθονΧλίΙ
904 927 974 1010 169
998 927 1150 996 κλαιετον
1166 925 1247 1009 τοξ

128 1030 263 1100 λιπόντε
278 1032 355 1098 XXI
377 1031 427 1113 90,
448 1014 496 1099 τώ
519 1034 704 1120 τερπέσθην
725 1029 868 1114 μύθοισι
892 1032 978 1121 πρὸς
1001 1021 1160 1116 ἀλλήλους
1181 1031 1248 1101 ἐνέ-

129 1159 229 1201 ποντε
251 1135 361 1201 XXIII
383 1135 455 1211 301,
478 1142 651 1219 quaterque
674 1136 804 1202 verbum
827 1136 935 1202 eundi:
959 1135 1003 1202 τώ
1025 1133 1176 1226 βήτην-
1197 1137 1247 1201 λι-

127 1235 224 1306 πόντε
245 1238 282 1304 Π.
293 1238 370 1305 XIV
391 1239 464 1321 281,
487 1239 534 1306 τώ
555 1239 615 1323 μὲν
639 1240 779 1323 δαμέντε
801 1235 904 1327 βήτην
925 1239 1002 1305 XVI
1023 1237 1096 1319 326,
1118 1237 1165 1305 τώ
1186 1235 1247 1326 βή-

127 1366 186 1430 την
208 1338 317 1426 κιόντε
339 1340 397 1407 Od.
420 1341 515 1408 XXII
537 1340 601 1408 378
623 1347 681 1408 etc.
725 1342 769 1408 Et
790 1342 929 1408 vicissim
950 1341 1046 1408 verbo
1078 1342 1112 1407 in
1133 1343 1248 1424 plurali

127 1445 271 1511 convenit
291 1446 491 1528 participium
514 1446 655 1535 eiusdem
681 1446 812 1511 ordinis:
847 1440 1067 1527 ἀλεξώμεσθα
1094 1446 1248 1528 μένοντες

127 1549 163 1614 Il.
185 1548 232 1615 XI
254 1546 318 1614 348
339 1554 374 1614 et
394 1548 489 1614 XXII
510 1548 582 1629 231,
606 1543 655 1617 (λό’
680 1544 771 1634 ἀνέρε
797 1544 1013 1636 θωρήσσοντο
1039 1585 1074 1594 -
1102 1547 1158 1615 ἕνα
1183 1556 1247 1616 θα-

101 1643 189 1742 ’μόν
212 1649 340 1733 ἔχοντες
360 1652 397 1718 Il.
409 1651 486 1717 XVI
507 1650 580 1732 218,
603 1650 649 1718 τώ
673 1651 710 1719 δὲ
734 1650 896 1739 τέρποντο
911 1647 1054 1736 μύθοισι
1079 1651 1164 1738 πρὸς
1187 1648 1246 1718 ἀλ·

127 1748 248 1840 λήλοος
270 1753 444 1833 ἐνέποντες
465 1754 512 1821 XI
534 1753 611 1835 642,
644 1753 805 1839 μίμνομεν
829 1793 864 1802 -
891 1755 970 1843 παρ’
996 1750 1167 1841 ἀλλήλοισι
1189 1755 1247 1839 μί·

126 1881 233 1935 σοντες
257 1857 350 1924 XVII
373 1860 444 1939 721,
469 1853 628 1945 ἠντήσατε
651 1859 749 1944 δεῦρο
771 1853 930 1942 μολόντες
953 1857 1010 1924 0d.
1033 1857 1156 1938 11144,
1178 1858 1247 1941 qui-

126 1958 186 2024 bus
208 1961 284 2027 locis
307 1962 452 2027 omnibus
476 1962 557 2028 duae
580 1960 797 2044 significantur
817 1950 981 2044 personae,
1003 1962 1163 2045 plerisque
1186 1959 1246 2030 δία
1347 2038 1357 2045 ‚

126 2064 176 2128 vel
199 2058 302 2152 ἀμφισ
326 2065 483 2131 adiectum
505 2070 563 2131 est
607 2065 717 2149 Neque
739 2067 832 2133 aliter
854 2065 934 2131 dixit
943 2064 1128 2148 Apollonius
1150 2065 1246 2130 1752

128 2163 197 2232 όόω
220 2165 337 2256 δίφροι
361 2165 555 2255 πεπονήατο
581 2164 787 2256 δηριόωντες.
833 2167 952 2233 Verum
982 2172 1090 2234 tamen
1113 2168 1246 2234 multum

126 2269 232 2351 abest,
260 2276 297 2336 ut
318 2271 396 2338 haec
418 2272 563 2354 analogia
584 2276 737 2353 perpetuo
759 2276 911 2338 servetur.
955 2271 1037 2337 Nam
1059 2270 1156 2338 verbo
1177 2271 1247 2354 plu·

125 2372 184 2438 rali
207 2371 389 2456 frequenter
410 2375 551 2464 iungitur
561 2375 761 2457 participium
773 2375 905 2442 alterius
915 2375 1052 2442 numeri:
1076 2372 1247 2459 διέτμαγεν

126 2471 340 2564 ἀρθμήσαντε
361 2479 397 2544 II
420 2479 482 2546 VII
505 2477 577 2559 302,
600 2472 830 2565 ἀμφιβαλόντε
853 2473 1018 2566 ἀλλήλους
1037 2472 1245 2560 τεταρπώμε-

126 2586 195 2647 σθα
217 2577 312 2666 γόοιο
324 2581 433 2648 XXIII
457 2581 507 2674 97,
530 2581 576 2647 τώ
599 2581 636 2649 δὲ
657 2577 798 2664 βαλόντε
821 2575 917 2670 ῥίμφ’
941 2579 1060 2670 ίφτρον
1070 2579 1163 2646 XVII
1173 2579 1246 2662 457,
1349 2594 1355 2623 t

123 2677 212 2771 όφρα
234 2686 365 2771 μιγέντε
389 2724 425 2733 -
454 2683 668 2767 πεποίθομεν
692 2680 863 2772 ἀλλήλοισι
897 2684 955 2751 0d.
977 2685 1007 2750 X
1030 2682 1103 2765 334,
1125 2688 1158 2769 st
1179 2686 1246 2750 ma·

125 2787 207 2854 xime
229 2789 261 2855 in
284 2790 453 2872 postremis
465 2788 626 2873 Odysseae
648 2788 752 2854 libris:
776 2791 821 2855 τώ
845 2783 873 2855 δ’
899 2786 996 2855 ἔσταν
1020 2787 1114 2875 παρὰ
1138 2793 1246 2855 σταθ-

123 2897 217 2974 μοῖσι
239 2894 368 2976 μένοντε
387 2892 480 2957 XXII
495 2891 564 2973 181,
588 2891 633 2957 τώ
657 2886 685 2957 δ’
711 2891 784 2959 ἔστί
807 2887 1016 2979 ἐφράσσαντο
1031 2927 1068 2938 -
1083 2892 1242 2958 κλαῖον-

122 3001 211 3082 χεῖρε
231 2992 371 3078 βαλόντε
392 2993 470 3058 XXI
491 2993 563 3074 223,
588 2990 680 3081 {inum
704 2987 915 3078 ταρπώμεθα
929 2993 1125 3078 κοιμηθέντο
1136 2992 1247 3058 XXIII

124 3097 196 3162 255.
240 3097 287 3164 Ac
309 3115 420 3162 rursus
442 3095 538 3162 uerbo
572 3096 658 3161 duali
689 3094 840 3178 applicari
872 3094 1015 3160 videmus
1047 3095 1247 3178 participium

124 3200 259 3281 plurale:
284 3201 475 3287 τερπέσθην
496 3193 650 3286 φιλότητι
673 3193 750 3284 παρ’
776 3193 952 3284 ἀλλήλοισι
973 3197 1128 3282 μένοντες
1143 3196 1247 3263 Odv

123 3302 195 3382 227,
229 3303 332 3390 κῆρυξ
363 3302 418 3369 καί
442 3300 659 3388 Πρίαμος-
686 3298 891 3389 ζευγνύσθην
921 3294 1014 3388 μήδε’
1050 3298 1178 3383 ἔχοντες
1210 3300 1246 3366 II.

124 3405 230 3471 XXIV
252 3405 324 3471 282.
369 3405 420 3470 Ad
440 3403 522 3470 hanc
543 3411 650 3471 autem
681 3423 885 3471 numerorum
918 3403 1160 3485 imparilitatem
1191 3422 1245 3470 ue-

70 3557 75 3565 .
124 3515 227 3574 terum
240 3501 420 3575 criticorum
431 3509 597 3574 nonnullos
609 3506 811 3574 offensionem
822 3507 981 3587 habuisse,
993 3505 1142 3573 indicium
1153 3525 1245 3590 prae-

122 3611 200 3677 bont
221 3612 378 3694 quaedam
391 3599 631 3678 scholiastarum
643 3612 861 3679 adnotationes
872 3615 1048 3693 opportune
1063 3617 1246 3678 asservatae

123 3719 157 3779 et
178 3714 391 3781 dissensiones
415 3716 571 3795 codicum3
594 3732 652 3780 nec
673 3713 766 3780 hodie
793 3713 989 3781 deomnibus
1002 3714 1245 3782 sotisconuenit

123 3815 171 3882 De
193 3816 256 3881 illis
278 3816 445 3897 aliquoties
466 3817 615 3902 loquutus
644 3822 694 3883 est
715 3816 878 3902 Didymus.
923 3817 971 3884 Ab
1004 3817 1064 3883 hoo
1087 3817 1245 3898 discimus,
1359 3878 1360 3882 ,

123 3920 155 3985 in
176 3920 231 3985 illo
253 3919 364 3985 Iliadis
395 3918 463 3985 loco
496 3913 556 4006 ἀγε
580 3920 726 4007 στέωμεν
747 3922 804 3988 καὶ
837 3918 1060 4004 ἀλεξώμεσθα
1093 3919 1246 4003 μένοντες

124 4022 320 4088 Zenodotum
343 4022 506 4104 scripsisse
530 4026 650 4101 σώίιώς
678 4023 858 4107 μένοντε.
905 4022 957 4089 Sic
979 4029 1086 4088 autem
1109 4024 1244 4106 scripsit,

124 4143 186 4190 non
209 4143 271 4206 quo
294 4123 419 4190 dualem
431 4129 560 4207 putaret
570 4126 671 4192 solum
694 4126 733 4191 de
749 4124 871 4191 duobus
894 4125 955 4191 dici
976 4143 1079 4207 posse,
1103 4125 1246 4209 sedquia

123 4233 238 4293 natura
259 4226 321 4293 huc
343 4231 443 4309 magis
465 4229 623 4310 convenit,
652 4230 700 4295 vel
724 4229 819 4295 etiam
841 4230 916 4311 quia
938 4229 1083 4311 proprius
1106 4233 1156 4295 est
1178 4229 1246 4295 dia·

124 4330 206 4417 lecto
229 4329 362 4414 Atticae,
384 4330 522 4399 Homero
540 4333 660 4400 scilicet
680 4331 844 4415 familimi,
879 4349 941 4417 quo
971 4332 1039 4416 ipso
1061 4338 1247 4417 argumento
