2736 4778
213 352 278 419 DE
300 351 522 422 SYNCOPE
542 352 689 421 UNIUS
711 351 933 424 VOCALIS.
959 355 1149 444 (11986.
1176 361 1265 435 ³15·

134 536 216 605 nihil
236 537 303 606 huo
320 538 461 605 referum
480 546 612 623 praeter
630 535 892 624 proepositiones
912 539 1093 607 homericae
1114 535 1253 627 ἀππέμ-

132 663 211 707 ποιν
233 639 320 706 κατὰ
342 634 515 724 ουγκοπήν
533 637 693 726 Apollou.
714 638 800 705 Lex.
823 650 856 705 et
874 633 1063 724 ὑββάλλειν,
1089 663 1173 727 quae
1195 643 1251 709 elii

133 760 307 826 apocopae
328 737 490 823 adjiciunt
509 761 539 805 v.
552 738 733 806 Hoffmann
755 740 895 823 Quaeet.
906 740 953 807 IL
966 739 1019 806 62.
1063 741 1133 810 Sed
1151 765 1253 828 quum

134 841 177 907 de
194 840 301 928 prima
317 839 573 926 compositorum
589 851 684 929 parte
701 851 753 908 eat
769 841 873 908 multa
890 841 979 908 dictu
993 841 1074 922 sint,
1096 842 1252 930 deinceps

135 962 331 1026 quaeremus
353 941 395 1007 de
415 941 528 1007 altera.

219 1046 247 1127 q.
267 1042 300 1108 6.
343 1041 378 1109 Ο
396 1042 522 1109 micton
537 1040 682 1129 syllabae
700 1041 876 1129 primariae
893 1053 1057 1109 exemtum
1074 1066 1148 1111 aesc
1168 1045 1252 1111 ‹luo-

135 1141 197 1209 hue
223 1143 381 1231 probatur
407 1143 582 1230 exemplis,
610 1165 750 1230 quorum
770 1168 873 1210 unum
893 1156 944 1211 est
964 1145 1198 1232 Lycophronis
1220 1168 1250 1211 v.

133 1244 228 1312 1313.
248 1244 310 1312 τὰν
328 1240 516 1330 sucinum
535 1240 638 1327 ὕδροι»
658 1267 720 1332 pro
740 1241 948 1334 τετραπνόην
973 1244 1039 1312 hoc
1057 1257 1109 1312 est
1130 1245 1251 1333 bicipi·

131 1353 199 1410 tem
217 1345 386 1430 τέσσαρας
405 1344 513 1423 πνοὰς
533 1341 666 1426 tyana,
690 1367 788 1431 quem
809 1346 839 1411 ei
859 1341 1065 1430 τετράπνουν
1089 1359 1250 1425 vocasset,

131 1467 206 1511 oum
232 1445 331 1532 vulgo
363 1455 450 1512 esset
475 1446 643 1532 loquutus.
693 1446 844 1512 Alterum
870 1446 905 1511 in
931 1446 1012 1511 EM.
1038 1447 1110 1525 182,
1132 1448 1186 1515 47.
1208 1471 1251 1515 ex

128 1546 244 1633 ignoto
282 1556 382 1633 poeta
417 1548 581 1634 protertur
621 1540 746 1635 ἆχρὴς
779 1541 810 1614 δ’
852 1540 1055 1614 ἀνέπαλτο
1088 1541 1158 1615 ἀπὸ
1191 1552 1250 1616 τοῦ

129 1641 253 1734 ἄκρους
272 1650 383 1735 τροπῇ
404 1645 540 1736 αὶολικῇ
563 1643 609 1726 ὡς
630 1643 836 1735 φοβήμενος·
858 1641 943 1737 ἢὼς
956 1647 1053 1734 παρὰ
1072 1649 1133 1736 τὴν
1146 1644 1250 1737 χρόαν

128 1746 365 1836 μολογχροίης,
405 1744 510 1826 ollem
549 1742 689 1837 ἀχροίης
726 1748 784 1816 καὶ
813 1748 901 1815 κατὰ
931 1747 1103 1836 ocyrensis
1134 1742 1246 1838 ἆχρὴς.
1341 1778 1344 1783 ·

129 1847 243 1935 Trope
264 1849 293 1913 ei
316 1861 420 1927 esset,
443 1841 547 1937 h‘yqqc
568 1849 775 1926 scriberetur;
801 1859 910 1916 cetera
938 1847 1088 1933 ignotum
1116 1860 1166 1915 est
1185 1850 1247 1915 mi-

128 1948 281 2035 nimeque
308 1949 489 2036 probabilis
517 1950 644 2036 Heynii
671 1951 859 2034 conjecturs
883 1949 927 2015 sd
952 1951 992 2014 Il.
1019 1950 1067 2014 11.
1089 1950 1163 2016 269.
1186 1975 1248 2039 pro

130 2045 279 2138 ἀλγήσας
311 2046 346 2119 δ’
379 2046 550 2121 ἀνέπαλτο
589 2051 687 2119 VIII.
720 2051 773 2115 86.
812 2050 990 2136 aliquando
1022 2049 1142 2115 lectum
1175 2073 1248 2118 esee

130 2144 234 2239 ἀκοῆς
259 2146 290 2218 δ’
319 2145 361 2219 αὖ
391 2146 574 2220 ἀνέπαλτο.
625 2151 694 2219 Sed
720 2151 906 2237 quicunque
932 2149 996 2217 hoo
1017 2172 1097 2217 usus
1118 2162 1169 2217 est
1188 2153 1249 2218 ad-

123 2249 266 2342 jectivp‚
287 2262 374 2319 certe
396 2275 565 2340 syncopen
587 2251 665 2318 lecit
684 2253 799 2339 utique
819 2274 886 2318 non
910 2251 1108 2338 diphthongi
1129 2262 1168 2318 ut
1185 2255 1247 2321 iste

131 2350 210 2417 dicit
235 2353 295 2418 aad
322 2355 445 2421 vocalia
467 2354 624 2443 simplicis
648 2378 734 2443 qnae
755 2359 790 2422 in
811 2352 974 2443 primitivo
992 2348 1077 2440 χρόα
1099 2367 1247 2441 apparet.

128 2449 214 2519 cum
236 2462 334 2520 sueto
352 2451 452 2543 χροιά
474 2459 694 2543 compositum
720 2470 771 2525 est
787 2451 1009 2542 μελαῃροιής
1037 2458 1246 2540 protocliton,

128 2554 181 2621 cui
210 2553 309 2621 fidem
333 2555 414 2622 lucit
439 2578 534 2623 ossus
561 2571 695 2645 querum
720 2553 943 2644 μελαγχροίην
967 2554 1004 2620 in
1024 2556 1132 2643 Orph.
1153 2558 1246 2625 Lith

127 2667 160 2721 et
180 2669 350 2743 oxytonon
369 2658 484 2725 tertiae
504 2660 733 2729 declinationis
756 2659 799 2725 (le
820 2680 886 2744 quo
908 2658 1055 2744 loquitur
1076 2659 1189 2727 Sohol
1204 2663 1246 2729 Il.

124 2756 227 2825 XIII.
258 2757 331 2823 191.
364 2751 435 2825 ἀπὸ
467 2763 528 2847 τῆς
556 2759 655 2847 χροός
687 2764 816 2849 γενικῆς
844 2759 916 2827 ἐστι
940 2757 1163 2850 patamonis
1188 2764 1246 2832 καὶ

125 2852 268 2942 οὖχροές.
312 2859 402 2924 Huic
422 2859 665 2950 diphthongum
685 2862 783 2929 eximi
805 2871 969 2925 asseverat
991 2859 1246 2931 Choeroboscus

126 2958 209 3026 Can.
229 2960 302 3038 174,
318 2961 349 3025 9.
370 2958 409 3027 τὸ
423 2963 628 3052 μελαγχρής,
647 2957 668 3031 8
689 2960 739 3039 οἷς
754 2951 823 3038 {ss}
841 2956 910 3042 ἔχει
928 2960 990 3044 τὴν
1011 2961 1149 3048 γενικὴν,
1172 2958 1245 3031 ἀπὸ

123 3065 183 3129 τοῦ
208 3055 413 3150 μολογροιής
443 3060 558 3146 γέγονε
585 3062 672 3128 κατὰ
695 3054 875 3147 συγκοπήν.
918 3056 988 3124 Sed
1008 3080 1085 3123 vero
1107 3061 1246 3147 intelligi

125 3161 172 3227 sic
190 3171 321 3248 oportet
337 3161 443 3228 solum
463 3151 629 3231 omicron
650 3173 683 3227 et
704 3159 781 3226 huic
801 3158 1001 3226 subtractum
1019 3181 1092 3224 esse
1117 3171 1150 3225 et
1167 3160 1245 3229 hinc

125 3263 277 3329 derivatis
298 3263 356 3331 τὸν
380 3265 567 3350 μελαγχρῆ,
595 3261 633 3330 τὸ
656 3262 852 3350 pelamis,
880 3280 968 3346 quae
995 3282 1036 3326 ex
1058 3260 1165 3347 poetis
1186 3284 1244 3329 co-

123 3364 216 3430 micie
239 3363 418 3430 elferunuu
439 3363 479 3430 cl.
500 3363 603 3431 Proll
624 3363 699 3430 256.
744 3362 874 3430 cursim
894 3373 1065 3451 praetereo
1090 3362 1157 3429 duo
1180 3388 1243 3432 no·

123 3465 211 3530 m'ma
238 3466 391 3553 propria,
417 3464 575 3554 Μήτιχος
604 3465 695 3552 quod
718 3464 847 3531 Keilius
869 3464 905 3530 iu
923 3464 1033 3530 Anall.
1056 3464 1108 3530 91.
1135 3467 1244 3534 etalii

124 3588 143 3631 e
164 3565 340 3656 Μητίοχος
360 3568 481 3634 luctum
503 3576 628 3654 putant,
652 3578 685 3632 et
703 3562 837 3655 Δὴιχος.
880 3566 969 3631 Illud
984 3564 1186 3633 addubitavi
1207 3568 1242 3636 in

122 3667 224 3734 Proll.
246 3669 320 3734 343.
343 3692 403 3756 pro
427 3670 528 3736 altero
550 3670 584 3734 in
608 3668 722 3751 Quint.
743 3668 774 3764 I.
796 3668 869 3734 529.
886 3669 957 3752 jam
969 3666 1124 3734 Pauwiue
1132 3667 1241 3759 Δηίο-

121 3794 180 3852 χος
195 3770 353 3856 reposuit.
395 3770 528 3837 Minore
550 3769 725 3858 dispendio
748 3769 907 3836 omicron
927 3769 1077 3835 eximitur
1094 3769 1242 3856 syllabae

121 3871 253 3936 ultimae
266 3873 435 3938 nominum
453 3872 658 3960 quorundam
675 3871 710 3935 in
729 3858 775 3950 σ’ς’
789 3893 908 3959 purum
933 3871 1130 3936 exeuntium.
1161 3872 1195 3936 N
1197 3890 1241 3936 on

121 3970 178 4037 ills
202 3972 277 4040 dico
304 3996 389 4060 quae
409 3974 445 4041 in
464 3974 545 4042 EM.
568 3973 641 4055 975,
665 3973 715 4040 18.
735 3984 970 4040 memorantur:
999 3970 1158 4068 Mars'lcu
1182 3969 1241 4071 utel

121 4071 277 4172 Aopu'lug
299 4070 490 4165 ἀμφίβολον
510 4072 577 4143 εἴτε
602 4080 755 4164 συγκοπῇ
784 4069 850 4141 εἴτε
873 4066 990 4158 κράσει
1011 4072 1071 4137 τοῦ
1094 4096 1115 4135 u
1141 4069 1239 4141 καὶο

122 4173 172 4252 οἷς
198 4202 221 4242 α
248 4172 386 4262 μακρόν.
436 4177 601 4245 Es-euim
622 4199 706 4265 pura
727 4186 761 4240 et
786 4175 912 4239 directa
932 4170 1034 4236 crusis
1056 4181 1116 4249 est,
1140 4192 1239 4258 quem

121 4276 343 4366 synaloephae
371 4279 504 4346 nomine
527 4278 673 4368 impertit
692 4275 893 4364 Apollonius
914 4267 1002 4341 A‘dv.
1024 4298 1058 4363 p.
1080 4274 1154 4343 686.
1177 4277 1237 4343 sed
1272 4372 1285 4391 Ι
