2736 4778
409 389 467 468 od
489 388 693 484 banebria
735 386 769 471 d.
790 386 846 472 ui.
1144 406 1204 474 all

90 571 211 648 querite
227 567 467 648 persuasionem
489 568 512 633 ii
535 571 620 632 arte
643 567 782 648 amplexi*
800 571 861 633 dori
884 569 970 649 eunt,
1004 571 1057 650 qui
1091 569 1142 657 ἔοι
1175 574 1208 638 et

90 667 192 755 τρόφι
215 688 253 734 ex
276 670 448 751 trisyllabis
470 670 615 735 mutilata
638 682 712 734 esse
731 671 940 736 crediderunt.
985 671 1031 736 Ac
1053 672 1082 736 si
1103 674 1207 739 aliem-

88 773 155 853 pla,
180 780 261 854 quae
283 791 341 854 pro
363 789 402 836 ea
423 770 611 853 afferuntur,
638 775 813 838 excutimus
836 775 971 855 singula,
1006 760 1126 839 nullum
1148 781 1206 858 est,

34 937 36 942 s
90 875 140 939 cui
162 871 256 940 fidem
278 874 396 939 habere
418 875 591 955 possimus:

176 974 265 1053 Quod
288 984 450 1058 superest„
465 964 621 1040 Matthiae
632 980 769 1069 gramm·
785 996 814 1058 p.
830 975 897 1042 der
915 978 1100 1060 imperativo
1124 975 1206 1046 σάω
1289 1004 1292 1008 ·
1338 965 1341 972 ’

89 1079 180 1160 quasi
201 1077 440 1143 fundamentum
463 1066 637 1143 subatemlit
659 1074 772 1144 σάοοθι
800 1077 962 1162 dodona,
998 1084 1089 1163 putat,
1123 1068 1206 1148 deriss

88 1186 196 1247 vatum
217 1186 254 1245 ut
276 1177 417 1259 elezaar,
452 1199 534 1262 quae
561 1183 726 1263 originatio
758 1182 856 1246 nihilo
877 1182 1069 1263 probabilior
1089 1184 1206 1250 Eusta-

87 1284 180 1348 thatii
202 1282 380 1348 coniectura
402 1283 443 1347 ad
466 1279 573 1364 σάωζο
599 1283 784 1377 refugientis
809 1283 900 1349 1740.
923 1284 952 1350 4.
995 1286 1110 1352 Verius
1143 1287 1206 1352 ior·

87 1391 174 1451 tasse
184 1386 237 1451 ille
248 1387 281 1450 in
292 1385 364 1450 EM.
377 1383 448 1450 708.
461 1384 502 1449 38
525 1383 607 1451 σάου
628 1387 661 1450 in
684 1383 754 1467 odo
777 1391 934 1451 mutatum
946 1406 1017 1453 esse
1029 1389 1105 1455 dicit
1116 1394 1206 1472 trope
1245 1463 1248 1468 ,

87 1488 203 1552 Dorica
223 1492 261 1552 ut
282 1485 435 1573 ῥιγοῦνοεσ
456 1492 490 1552 et
509 1490 578 1568 βῶν
590 1486 631 1572 [v.
643 1507 673 1569 p.
688 1486 773 1572 111}
807 1488 926 1554 Verum
949 1488 1027 1555 sat'is
1040 1491 1079 1555 de
1090 1460 1202 1556 h&—

86 1589 317 1668 Inlinitirqs
340 1591 462 1657 activae
483 1589 604 1655 lormae
620 1589 794 1656 Homerum
816 1598 940 1657 constat
960 1612 1022 1675 pro
1040 1597 1133 1660 metri
1155 1614 1206 1659 ra·

85 1692 170 1757 tione
181 1693 305 1757 variare
328 1692 466 1775 ἀξέμεν
487 1698 521 1758 ei
533 1688 698 1774 ἇξέμσνσι,
726 1693 851 1776 θέμ-ιν
873 1699 907 1758 et
920 1695 1057 1776 θέμεναι
1070 1701 1138 1776 ets,
1150 1697 1207 1763 sed

86 1813 148 1859 non
171 1813 271 1876 aeque
293 1801 430 1874 constat,
463 1800 537 1860 utra
569 1796 612 1859 sit
637 1794 795 1876 antiquior
827 1797 1016 1861 terminatio.
1060 1797 1207 1881 Plerique

85 1897 245 1977 prolixiori
261 1898 472 1980 principatum
493 1898 585 1963 dant:
609 1897 648 1962 ad
670 1888 754 1964 εἶναι
778 1899 862 1964 κατὰ
884 1892 1059 1965 dotatam
1080 1899 1207 1981 ripam

87 1999 249 2065 καὶκατὰ
274 1995 453 2084 ἀποκοπὴν
476 1996 621 2087 σῖολικὴν
644 1997 757 2085 ἐξέμεν
778 1999 869 2066 Euat„
885 1999 957 2066 836.
981 1999 1023 2066 34
1045 2008 1078 2066 et
1099 2003 1154 2067 alii
1175 2003 1208 2067 in

87 2100 314 2168 Patronlteo
325 2103 423 2182 citati,
446 2102 560 2185 quade
573 2121 668 2168 eausa
679 2101 852 2186 ἐκάάμενοιι
877 2122 897 2168 a
918 2103 1012 2169 schol.
1029 2104 1065 2168 ll.
1078 2104 1153 2169 XVI
1166 2102 1207 2169 99

88 2208 212 2294 πλῆρες
233 2211 372 2286 vocatur,
396 2201 604 2289 ζευγνύμεναι
617 2242 653 2252 -
668 2206 794 2272 τέλσον
815 2225 843 2270 v.
870 2204 939 2270 146.
983 2205 1045 2271 Alii
1067 2204 1207 2272 Graecos

86 2307 324 2373 nbrerioribus
345 2307 502 2389 gradatim
523 2307 716 2389 processisse
733 2312 887 2373 statutum
898 2306 1029 2373 habent:
1054 2303 1123 2373 άπὸ
1146 2312 1206 2374 σοῦ

87 2406 194 2475 dinato
217 2407 349 2495 ἒγένεοο
370 2405 468 2476 άλκέν
489 2408 572 2474 κατὰ
596 2409 758 2496 συστολὴν
779 2410 835 2475 καὶ
858 2407 979 2498 ἐκβολῇ
1002 2413 1066 2476 σοῦ’
1097 2408 1121 2482 ἶ
1150 2411 1207 2477 καὶ

87 2511 272 2597 προσθέσει
302 2515 364 2596 τῆς
389 2514 444 2596 [a]
478 2507 616 2592 oilxr‘pev
649 2512 704 2577 καὶ
740 2509 777 2590 ἐξ
810 2508 912 2578 αὐτοῦ
946 2508 1118 2595 intrueret
1150 2514 1208 2581 καὶ

87 2609 309 2696 ἀλαλκέμεναι
333 2612 428 2679 schol.
452 2612 510 2678 Olb
532 2612 582 2678 III
604 2611 677 2694 237,
712 2611 839 2698 &asynde
862 2612 1003 2696 ἐνεγκεῖν
1036 2605 1206 2700 ἐνσγιιῖμεν

84 2714 288 2800 ἐνεγκάμενον
318 2716 408 2781 Euat
434 2713 524 2780 ¹179.
547 2713 608 2794 36,
641 2733 700 2780 nec
731 2720 857 2781 temere
883 2717 1043 2796 insanias,
1078 2719 1110 2783 in
1143 2737 1205 2800 quo

85 2826 194 2886 omnes
216 2819 422 2897 consentiant,
445 2817 482 2883 ci.
504 2817 637 2883 Ahrens.
659 2816 734 2883 Dor.
757 2816 829 2895 502.
864 2817 927 2884 Sed
949 2819 976 2883 si
998 2820 1079 2901 quid
1096 2820 1204 2886 decer-

86 2921 224 2987 nendum
245 2926 304 3000 est
326 2919 482 3002 bisyllaba
503 2921 683 2984 terminatio
694 2921 852 3001 antiquior
863 2921 1037 3002 eademque
1058 2940 1081 2985 a
1100 2921 1204 2987 verbis

86 3026 119 3088 in
143 3025 178 3110 ᾗῖ
199 3022 350 3106 proiecta
372 3021 485 3086 deinde
506 3021 633 3086 labante
656 3021 801 3101 analogia
822 3020 863 3085 ad
887 3021 1204 3102 aliasconiugationis

85 3126 203 3192 formas
214 3125 371 3191 translata
380 3124 514 3189 videtur.
529 3159 564 3170 -
579 3122 694 3187 Allatis
705 3121 892 3187 Eustathins
913 3122 934 3187 l.
957 3140 982 3187 c.
1006 3124 1145 3189 adnectit
1156 3126 1203 3189 in·
1300 3147 1311 3158 ·

85 3227 241 3295 finitivum
274 3222 580 3313 ἀποχρῆν-ἴσως
603 3221 777 3308 ἀποκοπὴν
799 3223 931 3290 ἔπαθον
953 3224 989 3291 ἐκ
1022 3229 1081 3290 τοῦ
1115 3222 1202 3292 oino-

85 3337 207 3419 χρῆνοι.
252 3329 335 3394 Huic
357 3347 431 3394 uero
443 3328 632 3394 dubitationi
643 3327 781 3393 occurrit
800 3325 866 3390 iota
876 3324 1097 3408 subscriptum,
1120 3330 1204 3410 quod

85 3451 182 3516 quum
204 3429 360 3497 Matthiae
381 3451 410 3513 p.
434 3430 495 3495 677
528 3430 605 3495 locis
627 3428 849 3496 Demosthenis
883 3428 978 3493 tacite
1012 3430 1202 3511 detraheret

84 3534 190 3601 Wolfii
211 3535 441 3616 praescriptum
463 3538 616 3616 sequutus
638 3538 688 3597 est
710 3532 837 3596 deserta
858 3531 1016 3613 paradoai,
1038 3533 1126 3597 cuius
1146 3552 1202 3614 pa·

84 3638 250 3704 trocinium
262 3637 386 3718 suscepi
396 3635 548 3702 inRhem.
564 3633 625 3700 188
636 3635 707 3700 adn.
725 3633 754 3700 9.
767 3669 803 3682 -
818 3631 969 3698 infinitivi
981 3636 1086 3714 δοῦν,
1109 3654 1203 3717 quem

84 3740 224 3809 Naekius
248 3737 359 3803 Choer.
382 3737 448 3814 231⁴
472 3738 505 3803 in
538 3737 675 3818 quodam
695 3735 860 3801 Phoenicis
894 3754 988 3800 uersu
1019 3755 1076 3818 pro
1107 3744 1201 3822 χεῖρα

85 3839 170 3908 δοῦν
197 3836 382 3926 ἐπαιτούσῃ
405 3838 605 3905 scribendum
627 3855 698 3902 esse
721 3836 797 3903 dicit
829 3836 1021 3920 suffragante
1044 3838 1201 3903 Meinekio

85 3943 187 4009 Anall.
212 3938 326 4024 libb,
349 3940 403 4005 ille
424 3948 583 4022 perpauca
595 3938 739 4020 exempla
761 3926 893 4022 reperiri
904 3938 1031 4017 latetur,
1055 3939 1201 4019 equidem

34 4073 35 4077 ¹
83 4045 205 4111 nullum
238 4043 367 4126 cognovi
397 4047 525 4124 praeter
557 4045 635 4127 σῦν,
675 4041 757 4124 quod
790 4042 893 4122 ipsum
926 4040 1101 4121 suspicione
1139 4060 1201 4107 non

168 4199 342 4209 .>...-.--—

154 4301 184 4367 ⁴)
202 4303 258 4355 Hoc
274 4316 327 4354 οσπ
344 4299 437 4365 inveni,
454 4298 499 4353 aad
511 4315 541 4366 p.
560 4288 608 4353 ibi
629 4299 700 4369 φῦν,
720 4303 784 4362 πῖν’,
801 4293 865 4365 aaa,
889 4292 1120 4368 ativ‘oolrporaat
1144 4308 1201 4358 cam

83 4393 127 4457 ολ,
145 4387 196 4456 δῶ,
214 4389 268 4443 πῶ.
358 4385 360 4388 ’
556 4378 569 4399 ⁸
