2736 4778
200 359 265 424 nn
287 316 506 425 sinoorn
528 352 674 421 umus
695 350 914 421 vocums.
948 352 987 420 o.
1003 354 1049 420 11.
1066 354 1134 439 εν.
1162 359 1238 433 243

122 543 230 623 οὕτως
251 537 387 627 εὐκλεής
410 534 561 605 εὐκλίεια
585 535 642 602 καὶ
664 531 777 622 ἐνδεής
802 533 929 602 ε’νδίιια
957 537 1013 604 καί
1041 534 1159 625 κράσει
1187 532 1238 608 cii·

122 647 234 723 κλεια,
266 638 393 709 ἔνδεια
421 635 511 705 ὅπου
533 636 594 723 γὰρ
618 640 748 725 φωνῆεν
771 634 1001 723 (ἐπιφέρεται)
1021 633 1091 706 ἔστι
1111 648 1238 731 κρᾶσις,

126 744 215 812 ὅπου
249 744 287 821 δὲ
322 737 514 821 σύμφωνον,
551 734 712 825 crisconii·
764 730 975 823 Ἡρωδιανὸς
1005 738 1084 824 περὶ
1116 749 1241 810 παθῶν

123 846 207 910 ΕΜ.
230 844 305 920 392,
325 839 379 904 44.
400 837 488 902 Litis
513 836 655 902 conditio
677 849 792 903 neutro
815 839 1070 924 praeponderat.
1104 842 1191 908 Nam
1206 857 1243 909 ut

127 944 171 1010 ab
201 939 338 1029 εὖεοχῆς
363 962 431 1004 non
459 938 563 1003 solum
590 932 723 1021 εὐτυχία
753 938 915 1004 derivatur
936 963 1047 1008 verum
1070 943 1167 1009 etiam
1191 940 1243 1013 eri-

129 1041 260 1128 αίνχεια,
286 1042 332 1106 εἰσ
354 1040 393 1105 ab
417 1038 582 1125 adjectivis
603 1038 694 1129 puris
718 1034 848 1117 εὖάεια,
871 1036 1028 1131 είφιῖεια,
1049 1044 1109 1110 scd
1131 1049 1243 1115 exciso

131 1144 238 1232 epsilo
262 1142 425 1220 δίςκλεια,
450 1136 598 1221 adalrao,
621 1138 752 1219 ἔνδεια,
776 1136 903 1220 ἔνδεια,
927 1166 1010 1229 quae
1031 1146 1059 1210 si
1077 1161 1243 1217 contracta

126 1254 255 1322 essent,
280 1242 582 1308 circumflecteretur
606 1241 796 1329 penultima.
832 1243 935 1325 Quod
957 1268 1057 1331 quum
1076 1273 1244 1337 nunquam

124 1345 198 1412 fieri
229 1344 396 1408 videamus
432 1344 570 1430 propior
606 1354 656 1408 cst
687 1365 853 1429 syncopae
881 1345 1036 1433 suspicio.
1094 1351 1132 1419 Si
1166 1377 1243 1422 vero

130 1446 296 1532 sequimur
328 1444 531 1531 prosodiam,
574 1468 672 1530 quam
705 1444 914 1511 Grammatici
947 1449 1067 1515 Atticis
1100 1452 1246 1522 tributmt

131 1546 284 1633 antiquis,
309 1545 372 1610 hoc
391 1558 441 1611 est
458 1540 604 1621 εὖκλεία,
627 1546 732 1611 vocali
754 1546 864 1633 stirpis
878 1534 948 1612 {tle
964 1572 1024 1634 pro
1046 1538 1246 1622 {ciatrem

128 1663 182 1717 est
204 1646 385 1714 teminatio
406 1636 622 1732 bisyllabaffi
644 1634 765 1737 velip,
789 1670 873 1733 quae
888 1670 957 1712 nou
976 1650 1080 1715 solum
1104 1653 1138 1718 in
1158 1650 1246 1738 ἅμα.

131 1750 211 1830 δία,
237 1746 417 1837 προμηθία
441 1760 501 1812 etc.
525 1759 662 1835 apparet
683 1748 741 1813 sed
766 1750 862 1815 ctiam
883 1750 919 1815 in
937 1749 1001 1818 hoc
1015 1776 1135 1839 genere
1156 1760 1246 1843 quod

131 1852 175 1917 ab
208 1848 375 1937 adjectivis
407 1849 498 1935 pun‘s
529 1849 722 1936 producitur
754 1848 884 1930 δικλεΐα,
923 1846 1080 1931 εδολαΐα,
1115 1844 1246 1944 sipoto.

132 1955 222 2021 Hinc
243 1951 346 2017 lacilis
368 1950 545 2015 contractio
569 1948 717 2028 εὐκλείιι,
750 1949 874 2028 ἕνδεία,
900 1952 1019 2035 quibus
1040 1958 1249 2041 praevaluere

133 2064 411 2145 proparoxytona.
457 2050 526 2118 Sed
558 2051 718 2137 scriptura
757 2072 857 2137 saepe
893 2051 1026 2129 titubat3
1059 2077 1120 2140 pro
1150 2080 1248 2144 rcapt-

134 2158 230 2224 δίειιι
257 2155 346 2243 apud
367 2152 590 2218 Plravon'num
621 2151 778 2237 scriptum
807 2163 857 2215 est
885 2153 1058 2240 ντεριδεεία
1084 2150 1102 2221 ὁ
1131 2181 1248 2242 περισ-

131 2258 195 2337 σὸς
217 2253 332 2347 φόβος.
385 2254 453 2319 Pro
478 2249 665 2338 ὀλιγοδίεια
690 2252 813 2319 Euseb.
841 2253 961 2340 Praep.
982 2256 1077 2322 VIII.
1100 2258 1150 2335 12,
1174 2259 1247 2325 381.

132 2362 182 2426 D.
207 2358 296 2445 apud
316 2356 490 2420 Philonem
513 2355 554 2419 dc
580 2354 672 2442 Opil.
694 2355 812 2425 Mund.
834 2356 886 2423 37.
912 2357 953 2421 Ε.
980 2358 1067 2423 unde
1099 2358 1162 2423 hoc
1192 2383 1248 2424 ex·

134 2471 285 2547 carptum
307 2468 371 2535 est,
400 2458 435 2520 in
457 2457 522 2522 Ed.
544 2455 695 2520 Francos.
722 2452 893 2539 δίιγοδεΐα
915 2458 1048 2543 legitur,
1074 2460 1249 2544 Mangejus

132 2557 308 2647 ‹ilryodsic
341 2558 456 2634 edidit,
490 2580 674 2642 vanumque
704 2557 832 2622 videt-ur
871 2558 1043 2623 discrimen
1073 2581 1093 2623 a
1123 2560 1252 2626 Zonara

135 2662 349 2728 constitutum
378 2683 411 2745 p.
446 2660 538 2724 1443.
572 2654 743 2744 δλιγοδεία
771 2654 838 2727 ἀπὸ
872 2663 930 2747 τῆς
963 2658 1107 2739 ἐνδείας,
1139 2656 1250 2748 ὀλιγο-

137 2765 230 2831 δίεια
271 2762 307 2827 δὲ
349 2754 417 2827 aab
456 2763 515 2824 τοῦ
557 2758 668 2844 φόβου
713 2759 912 2847 δίφθογγον·
950 2783 1058 2846 neque
1103 2762 1253 2847 agnoscit

135 2862 260 2932 Suidas
286 2858 454 2944 ὀλιγοδεία
475 2859 513 2925 τὸ
534 2853 656 2944 ὀλίγον
678 2859 815 2927 δεῖσθαι
837 2861 894 2926 καί
917 2859 1087 2944 ὀλιγοδεία
1110 2859 1251 2944 ὁμοίιος·

135 2967 292 3049 idemque
313 2960 377 3025 alio
400 2959 463 3025 hoc
488 2955 654 3042 Ὀψοδεία
687 2954 704 3046 ip
736 2955 846 3023 ἔνδεια
878 2962 942 3023 τῶν
969 2952 1081 3043 ὄψων,
1105 2955 1253 3043 δψοδεία

138 3069 192 3145 δέ,
218 3060 404 3150 quomodo
427 3060 617 3147 saepissime
639 3057 790 3124 σιτοδεία
808 3055 958 3121 scribitur
977 3081 1018 3122 ex
1029 3057 1255 3125 Choerobosci

137 3176 316 3255 praecepto
327 3162 456 3255 Anecd.
478 3159 582 3225 Bekk.
603 3159 695 3223 1418.
719 3182 747 3223 a.
770 3157 809 3225 τὸ
832 3159 983 3226 σιτοδεία
1004 3159 1072 3246 apri
1095 3164 1177 3243 μιᾶς
1197 3160 1254 3227 τὸν

139 3264 235 3332 τόνον
267 3262 348 3348 ἔχει,
380 3264 439 3328 sed
470 3260 644 3349 dupliciter
672 3259 862 3346 ψοφοδὲεια
890 3272 922 3325 et
944 3260 1127 3350 ψοφοδεΐα.
1172 3260 1257 3327 Cum

137 3368 230 3434 hisce
257 3363 461 3441 nominibus,
493 3385 577 3448 quae
598 3362 669 3448 jam
695 3359 845 3440 absolvo,
878 3362 1050 3427 maximam
1076 3363 1257 3428 necessitu-

139 3470 251 3535 dinem
272 3466 372 3532 habet
392 3463 526 3529 verbum
547 3462 587 3528 ab
609 3465 755 3529 Homero
777 3463 958 3527 mutilatum
982 3464 1074 3543 ε’μεῐο
1099 3464 1134 3530 δὲ
1157 3464 1257 3555 δῆσεν

138 3567 227 3659 ιἰρῆς
249 3564 398 3655 ἀλκτῆρα
424 3565 632 3651 ῆνενίσδαι-
646 3565 686 3629 dc
712 3586 777 3650 quo
801 3575 888 3630 recte
902 3564 1031 3649 judicat
1046 3565 1126 3630 ΕΜ.
1140 3567 1212 3645 138,
1227 3567 1257 3634 8.

139 3667 216 3738 ἀντὶ
236 3674 294 3736 τοῦ
316 3668 432 3756 ε’δίησε
452 3666 537 3733 κατὰ
560 3666 738 3751 ονγιοπῆν.
771 3666 981 3731 Herodianus
1000 3667 1106 3733 crasin
1127 3669 1258 3747 diceret,

141 3796 207 3859 qua
227 3770 359 3857 Sophro
382 3791 462 3833 usus
483 3778 532 3832 est
551 3767 682 3853 Fragm.
700 3764 819 3832 XXII.
842 3764 924 3833 ὅκκα
946 3769 1036 3846 εινδς
1057 3771 1174 3859 δῆσθε,
1200 3792 1258 3835 ne·

142 3896 207 3959 que
237 3870 464 3936 abstinuerunt
492 3880 610 3955 poetae
641 3867 761 3933 scenici
793 3869 821 3933 si
850 3891 911 3958 pro
942 3868 1000 3936 ἐὰν
1023 3871 1099 3958 δίῃ,
1130 3869 1259 3953 quoties

140 3972 404 4060 monosyllabum
426 3984 490 4051 est,
512 3980 600 4036 recte
621 3991 708 4034 nunc
731 3968 881 4035 scribitur
903 3966 961 4035 ἐὰν
983 3969 1042 4057 δῆ,
1066 3968 1157 4051 quod
1173 3968 1260 4035 Din-
1349 3988 1354 3997 ·

142 4077 266 4141 dorfius
300 4075 343 4138 ad
374 4073 476 4139 Arist.
506 4072 612 4137 Rann.
644 4070 718 4137 264.
751 4070 853 4135 suasit
880 4069 1002 4134 indicio
1036 4069 1158 4133 codicis
1180 4070 1260 4135 Rav.

143 4178 261 4243 ductus
291 4187 323 4240 et
351 4197 456 4261 nuper
480 4172 577 4237 etiam
597 4171 784 4237 Meinekius
810 4171 923 4236 ascivit
942 4169 1035 4234 Corn.
1058 4169 1113 4233 Fr.
1136 4169 1177 4234 Τ.
1200 4172 1261 4238 IV.

139 4282 216 4345 242.
247 4278 305 4364 qui
333 4277 424 4364 prius
454 4273 619 4360 synizesin
647 4272 833 4337 defenderat
859 4272 901 4335 ad
924 4270 1098 4336 Menandr.
1127 4294 1159 4357 p.
1188 4273 1261 4338 207.

991 4372 1055 4438 tu·
