2736 4778
179 321 265 393 ’182
556 317 875 388 DISSER'I'ATIO
910 319 939 388 1.
1038 360 1041 365 -
1222 360 1228 391 ι

187 502 292 571 XIII.
312 501 387 571 361.
407 501 520 570 relieta
540 503 640 571 altera
661 502 820 573 defleatite
847 504 887 573 ssi
915 499 1064 592 ὀρόθυνε
1090 506 1179 586 τινὲς
1206 509 1308 594 παρὰ

187 605 226 674 τὸ
255 598 326 690 ὅροι
354 601 414 670 καὶ
441 600 535 673 &rim
562 599 608 673 ἵν’
636 596 659 696 ᾗ
689 603 925 684 ἕνθοοσιωοῶς
957 603 1072 692 ὥρμα·
1100 600 1237 689 ἄμεινον
1266 609 1307 677 δι’

186 703 390 793 ποράγωγον
413 696 508 785 εἶναι,
529 705 631 791 idque
653 705 860 772 confirmabit
876 706 1059 773 interventu
1079 706 1169 774 verbi
1185 706 1229 775 ab
1246 730 1305 777 ea·

187 806 262 872 dem
288 807 389 895 stirpe
413 805 503 872 ducti
530 805 642 895 ἐρέθω
669 804 787 894 &pedii
816 856 825 875 .
872 808 937 875 His
966 809 1144 875 adneetunt
1171 809 1303 877 tertium

184 905 413 989 ὄνοπαλίζοιν,
446 906 538 992 quod
571 929 613 975 ex
647 909 755 976 όονιῑν
784 918 817 973 et
843 907 983 977 πάλλειν
1009 910 1198 996 eopulatum
1227 932 1304 978 esse

183 1010 307 1087 volunt,
328 1008 388 1075 sed
408 1008 548 1095 simplex
569 1030 644 1077 esee
666 1008 813 1076 deeernit
832 1008 946 1078 sehet
967 1011 1007 1079 ΙΙ.
1028 1011 1090 1078 IV.
1111 1011 1185 1078 472.
1212 1012 1302 1081 δονῶ

184 1111 352 1192 aaronita
379 1111 584 1196 πλεονασμῷ
610 1109 821 1193 δονσπαλίζω
848 1111 906 1180 καὶ
932 1116 1086 1202 σνγιιοπῇ
1109 1113 1301 1194 araneum

181 1208 231 1290 ὡς
251 1208 403 1279 πυκτεύω
418 1210 621 1292 πυκταλίζω.
663 1212 787 1279 Verum
805 1210 869 1277 hoe
889 1213 1036 1294 δνοπίζω
1055 1213 1152 1281 nimis
1173 1213 1301 1280 redolet

182 1313 339 1383 fabricam
360 1311 620 1398 etymologicam.
661 1311 781 1397 Itaque
800 1310 864 1378 bue
884 1313 1046 1389 redimus,
1064 1313 1199 1383 verbum
1217 1314 1300 1383 illud

182 1439 204 1483 a
231 1414 363 1482 nomine
389 1413 533 1500 quodam
557 1411 729 1515 Ιιλνοπαλήις
755 1414 807 1479 vel
832 1410 1002 1492 δνόπαλος
1027 1415 1206 1481 derivatum
1226 1438 1301 1485 esee

182 1516 377 1586 consociatis
406 1513 535 1581 duobus
563 1513 730 1600 quatiendi
760 1514 1003 1600 vocabulisu).
1054 1515 1173 1583 Cetera
1199 1515 1299 1603 hujus

181 1641 300 1686 causae
328 1617 525 1685 adminicula
555 1617 661 1703 primo
690 1627 843 1684 eentaetu
870 1616 1064 1683 concidunt:
1094 1614 1299 1706 ποιφύσσειν

180 1719 218 1788 ta
246 1723 308 1787 τοῦ
341 1724 451 1808 φσσᾷν
481 1715 538 1785 καὶ
569 1722 663 1787 πνεῖν
688 1718 773 1783 Hes.
800 1722 850 1804 τῷ
878 1714 1057 1787 normias
1085 1714 1231 1803 ἔγκειται
1258 1719 1297 1788 τὸ

180 1827 293 1889 ποιεῖν
312 1817 369 1887 καὶ
386 1814 501 1887 arim
516 1817 645 1886 Subli.
656 1817 754 1886 XIV.
769 1818 841 1884 155.
857 1813 1033 1887 σἰτεᾶλλειν
1053 1818 1090 1888 ἕν
1107 1823 1168 1888 τοῦ
1185 1815 1298 1888 ὄντων

179 1920 239 1989 καὶ
259 1919 426 1990 ἅλλεσθαι
448 1919 544 1986 Euat
563 1919 639 1997 437,
663 1919 778 2000 11.⁵⁴)
801 1915 940 2000 σῦΐαχσς
956 1918 1053 2005 παρὰ
1069 1919 1108 1987 τὸ
1128 1913 1224 1989 uisas
1238 1921 1296 1989 καὶ

178 2017 285 2104 λόγοιν
314 2017 392 2088 sch.
421 2020 462 2087 Il.
488 2021 591 2088 XIII.
611 2021 665 2088 41.
693 2021 840 2107 illudque
869 2021 1041 2108 protritum
1061 2015 1235 2108 ἇγιγλαεεῑν
1257 2021 1295 2090 ἐκ

176 2126 239 2190 σοῦ
264 2113 356 2206 ἄγειν
383 2123 440 2189 καὶ
461 2119 625 2202 ἐλαύνειν,
654 2125 745 2209 quod
771 2122 944 2211 peritiores
965 2143 1040 2187 eum
1060 2122 1192 2188 nomine
1212 2119 1296 2209 ὅγος

177 2220 397 2309 compositum
427 2243 500 2287 esse
529 2222 658 2290 doeent.
707 2225 827 2310 Neque
853 2223 929 2312 plus
956 2223 1149 2290 firmamenti
1178 2235 1230 2306 est
1257 2225 1293 2289 in

176 2321 346 2409 adjeedvis
371 2315 537 2410 ἢλέμαεσς
574 2333 607 2387 et
636 2322 840 2413 πρευμενής,
879 2347 1020 2410 quorum
1046 2324 1129 2390 illud
1151 2324 1291 2410 sibiplex

176 2424 288 2513 potius
309 2421 437 2489 videtur
458 2443 557 2507 quam
578 2444 620 2496 ex
643 2418 741 2512 ἥλιός
762 2437 796 2491 et
813 2423 959 2510 μάταιος
980 2435 1181 2501 eeneretum,
1207 2424 1288 2491 aita-

175 2550 247 2592 rum
276 2534 405 2591 constat
432 2523 565 2610 quidem
594 2545 636 2590 ex
658 2525 785 2594 duabus
808 2525 956 2614 partibus
976 2527 1036 2594 sed
1060 2549 1128 2593 non
1147 2525 1189 2593 iis
1208 2546 1290 2610 quas

175 2628 223 2694 illi
249 2636 395 2701 sumunt,
426 2629 539 2710 πρᾶος
569 2636 602 2689 et
633 2623 780 2715 εὐμενής.
833 2627 948 2715 Epieie
977 2628 1069 2697 liemt
1099 2624 1292 2715 πρηΰμινὴς

176 2730 303 2805 dicere,
335 2727 423 2792 unde
456 2736 507 2791 est
538 2726 726 2794 adverbium
757 2733 958 2814 πραῦμενῶς
989 2726 1090 2817 πράῳ
1122 2732 1182 2815 τῷ,
1197 2728 1290 2811 μένει

171 2826 341 2917 χρώμενος
361 2829 444 2893 Hes.
465 2826 569 2893 Attici
588 2849 665 2894 vero
686 2839 805 2916 poetae
827 2828 884 2914 qui
907 2828 1148 2915 diphthongum
1164 2819 1216 2916 ἦν’
1231 2851 1290 2896 ne·

174 2953 239 3017 que
259 2929 418 3015 integram
441 2927 616 2994 admittunt
637 2929 701 2995 nisi
722 2930 757 2994 in
772 2931 957 3017 augmentis
975 2929 1158 3007 verborum,
1179 2952 1289 3016 neque

173 3032 312 3100 diaeresi
334 3032 518 3109 diremtam,
546 3028 783 3098 substituerunt
803 3029 991 3120 πρεομινής
1012 3041 1163 3117 correpta
1182 3032 1287 3098 voeali

171 3147 208 3200 ut
233 3131 334 3221 γρηῢς
355 3133 556 3201 contrahitur
583 3134 619 3198 in
639 3136 748 3217 γρεῦε,
775 3124 855 3220 sitve
874 3133 910 3199 in
933 3125 1015 3199 εὖτε.
1060 3131 1288 3214 Quemadmo-

172 3237 250 3302 dum
273 3257 373 3320 saepe
392 3232 468 3310 ἴσος
488 3231 547 3298 καὶ
567 3231 687 3316 ὅμοιος
710 3233 827 3299 dieitur
849 3233 885 3298 in
906 3231 1071 3319 parathesi
1090 3232 1211 3299 Parall.
1234 3233 1288 3299 61.

172 3337 219 3405 aie
242 3334 338 3401 etiam
362 3329 517 3414 λσόγισιος
538 3335 693 3414 sequipes
717 3333 780 3398 diei
799 3334 908 3420 potuit
925 3335 985 3401 sed
1002 3357 1117 3423 parum
1133 3344 1289 3407 testatum

239 3569 285 3634 53)
302 3569 387 3622 Haud
403 3565 537 3620 dissimile
552 3565 665 3618 videtur
677 3564 735 3618 avis
752 3582 852 3619 nomen
864 3566 1021 3623 motacilla
1035 3572 1172 3640 (νίγιιλος)
1190 3587 1209 3624 a
1224 3586 1286 3625 me·

168 3655 262 3707 vendo
278 3661 308 3706 ει
322 3651 445 3705 cillendo
459 3650 559 3714 dietae,
579 3650 657 3721 quod
668 3651 786 3705 verbum
799 3661 917 3724 apparet
930 3655 959 3708 in
972 3672 1075 3725 greeae
1089 3659 1235 3727 ιιιλλσορος
1246 3664 1285 3719 et,

168 3746 202 3794 ut
213 3735 425 3793 Hemsterbusio
443 3736 555 3791 videtur
572 3736 610 3789 ad
623 3736 691 3792 Hes.
706 3755 728 3791 s.
737 3733 901 3807 Ἰλλώπιειν,
920 3738 950 3794 in
967 3741 1055 3795 verbe
1073 3738 1286 3813 ιιιλλομαρὺζειν

166 3827 223 3879 boe
241 3828 285 3875 est
301 3823 404 3873 κίλλειν
420 3824 466 3872 καλ
483 3816 662 3893 ιἰμαρύσσειν.
688 3822 758 3875 Cum
774 3821 824 3877 illo
839 3824 995 3894 comparari
1011 3832 1107 3897 potest
1122 3828 1190 3881 αισα
1205 3831 1284 3898 peta

167 3919 197 3966 et
219 3913 304 3965 vinca
319 3909 477 3980 pertineo,
502 3902 571 3959 illud
590 3902 733 3961 Victoriae
756 3924 874 3971 nomen,
897 3908 1016 3963 alterum
1040 3911 1145 3965 herbae
1170 3928 1284 3983 semper

166 3994 291 4060 virentis,
310 3993 360 4047 sed
377 3992 432 4044 boe
450 3991 480 4042 a
499 3991 547 4043 τοῦ
565 3986 648 4043 αὐτοῦ
666 3996 850 4061 συγκείμενον
868 4000 900 4045 ut
918 3994 1122 4052 salimbsslue.

236 4098 283 4165 54)
302 4095 349 4150 Sic
367 4092 452 4149 etiam
463 4091 652 4146 Doederlinus
670 4094 707 4146 ds
719 4092 843 4163 Redupl.
856 4112 884 4164 p.
897 4096 954 4150 tte.
968 4097 1044 4151 Adn.
1059 4093 1231 4169 δαρδᾶπιεα
1245 4116 1281 4153 ex

165 4184 271 4251 δείρειν
282 4190 312 4236 et
326 4178 448 4235 δάπτειν.
474 4177 533 4233 Sed
550 4176 629 4230 ferae
646 4179 780 4247 praedam
798 4188 906 4248 captam
923 4198 981 4235 non
998 4182 1158 4252 deglubuut
1174 4191 1205 4239 et
1221 4186 1283 4240 duo

163 4268 251 4322 verba
269 4268 407 4335 berytena
424 4268 461 4318 ad
479 4263 561 4319 iatum
578 4265 691 4317 modum
708 4262 837 4334 componi
857 4281 914 4319 nen
931 4265 1035 4322 solent.
