2736 4778
204 372 265 438 rar
588 344 866 436 mssnnmmo
893 348 954 434 vi

147 521 161 542 ⁵
203 533 288 621 (496.
322 534 356 618 6)
395 531 487 612 ἶν’ννος
523 535 578 602 καὶ
607 529 752 601 Ἰωνικοῦ
789 532 845 600 καὶ
877 533 1045 600 Αἰολικοῦ
1079 531 1144 600 καὶ
1181 534 1339 619 Δωριτοῖ

203 636 288 722 (495.
306 637 349 720 7),
372 659 399 705 v.
425 637 509 723 103}

288 743 314 827 ᾗ.
329 741 358 807 l.
402 747 483 813 Tm·
496 760 558 807 non
580 739 756 807 conflantur
766 732 1333 815 nisisemelinHomerico‘lcu'nrn.

201 845 286 927 quod
308 850 433 911 veteres
459 847 555 912 tacite
583 842 869 926 praeterlabuntur,
891 842 1107 908 Buttmanuus
1133 842 1151 907 1
1178 841 1251 908 110
1273 843 1334 909 adn

202 948 337 1031 synizesi
360 947 506 1015 effectum
528 952 628 1031 putat,
651 963 732 1027 quae
755 946 869 1010 ceteris
887 944 1080 1027 probabilior
1089 946 1329 1011 coniectura.-

201 1052 285 1117 Ante
318 1053 572 1116 terminationem
595 1049 864 1115 substantivorum
886 1049 919 1113 in
941 1050 1039 1127 {r‘a-et
1061 1051 1124 1119 ἕιῖὶ
1147 1050 1332 1115 exeuntium

203 1172 297 1236 quam
320 1142 412 1219 facile
434 1154 500 1217 iota
522 1151 675 1231 elabatur,
698 1152 871 1217 ostendunt
881 1149 1032 1222 vocabula
1049 1150 1227 1218 inParall.
1239 1152 1332 1234 28⁵0„

202 1257 340 1337 undique
363 1260 511 1337 congesta
523 1252 785 1339 [Pathol.1279].
829 1253 936 1320 Unum
957 1253 1070 1319 horum
1092 1261 1190 1321 certo
1210 1255 1331 1322 scholae

201 1361 326 1425 nomine
360 1359 505 1441 designat
538 1356 775 1423 Choeroboscus
798 1355 887 1422 Orth.
911 1355 974 1421 270
1010 1355 1048 1421 τὸ
1083 1356 1155 1443 157!
1159 1383 1232 1424 εια
1256 1356 1331 1425 κατὰ

201 1466 318 1546 κρᾶσιν
352 1465 410 1528 τοῦ
435 1465 456 1531 ἶ
483 1461 619 1549 καὶτῆς
650 1463 687 1530 ἶν’
709 1461 829 1544 γίνεται
863 1454 977 1546 ὑγεῖο
1013 1457 1151 1545 (ὑγεία).
1232 1455 1275 1527 Οἳ
1301 1459 1332 1527 δὲ

197 1565 375 1652 Ἀθηναῖοι
410 1562 608 1642 ἐκτείνοντες
642 1562 679 1626 τὸ
704 1563 726 1634 ἶ
750 1562 809 1629 καὶ
843 1559 1119 1647 ναταβιβᾶζοντες
1153 1563 1219 1628 τὸν
1243 1558 1333 1629 τόνον

201 1665 408 1755 φυλάττουσι
441 1665 499 1754 τὴν
533 1661 634 1753 αὐτὴν
667 1662 799 1754 γραφήν
825 1665 885 1732 hoc
908 1671 958 1731 est
980 1660 1099 1751 ὑγιεία.
1146 1664 1332 1733 Nostrisiu

201 1771 291 1837 libris
324 1771 416 1852 longe
438 1769 635 1851 multumque
658 1775 789 1851 superat
814 1763 933 1856 ὑγίεια,
956 1787 1065 1834 rarum
1097 1774 1133 1835 et
1154 1788 1262 1853 saepe
1283 1788 1331 1835 su·

202 1878 345 1955 spectum
378 1876 429 1937 est
461 1867 573 1957 ὑγεία,
607 1870 714 1937 deficit
746 1891 876 1954 prorsus
918 1868 1010 1957 ἶΐγεια
1043 1878 1332 1956 proparoxytonon

203 1975 287 2059 quod
310 1977 338 2040 si
357 1976 528 2057 legeretur,
561 1993 717 2058 syncopae
751 1974 993 2042 adscribendum
1016 1980 1117 2056 esset,
1152 1994 1234 2045 nam
1257 1976 1331 2045 lraoc

201 2084 365 2145 accentum
385 2084 471 2145 retro
494 2097 588 2160 agere
611 2079 700 2144 solet.
746 2077 836 2156 Quod
858 2079 878 2144 l.
893 2096 918 2144 c.
941 2097 979 2144 ex
1002 2076 1099 2144 Suida
1123 2078 1328 2146 attulizAri-

201 2208 270 2260 ειος
292 2178 397 2269 φόνος
419 2176 437 2249 ὃ
462 2186 521 2249 τοῦ
543 2181 662 2248 Λαΐου
685 2180 868 2248 Dindorfius
896 2182 929 2249 in
953 2181 1045 2247 Thes
1069 2181 1139 2248 sine
1161 2182 1236 2251 iota
1256 2184 1327 2250 scri·

200 2285 338 2352 bendum
360 2290 476 2351 censet

288 2389 473 2455 Ceterarum
507 2390 773 2474 diphthongorum
805 2405 869 2452 una
900 2387 962 2453 huc
995 2386 1141 2453 convenit
1169 2391 1208 2460 ζῆ
1241 2394 1275 2457 et
1292 2408 1327 2456 en

201 2495 234 2559 in
256 2513 318 2559 uuo
340 2493 514 2575 participio,
549 2495 588 2559 de
610 2511 673 2576 qno
696 2491 905 2556 antiatticista
926 2492 1064 2556 Beklreri
1085 2510 1115 2572 p.
1140 2491 1184 2557 90
1211 2489 1327 2571 δεδιώς

202 2596 239 2662 τὸ
263 2592 444 2679 ἀρσενικὸν,
470 2598 629 2662 δεδιυῖα
653 2595 690 2659 τὸ
716 2592 860 2681 θηλυκόν
881 2587 1050 2676 Εἷ’βουλος
1072 2593 1175 2677 (Com.
1203 2597 1327 2680 Fragltt

202 2699 236 2762 Τ.
247 2697 296 2763 III
308 2698 395 2780 271).
440 2697 491 2762 Ad
513 2699 607 2763 aliam
631 2696 826 2763 affectionem
849 2698 959 2762 retulit
969 2697 1063 2762 schol.
1076 2698 1179 2778 Apoll.
1195 2699 1251 2765 III
1260 2699 1327 2777 753,

202 2801 256 2865 ubi
290 2801 373 2866 idem
406 2800 522 2881 legitur
556 2804 615 2867 τοῦ
650 2800 750 2868 δείδω
785 2798 1028 2888 παρακείμενος
1051 2800 1177 2882 δείδια,
1204 2798 1269 2892 ὄψ’
1293 2791 1328 2868 οὗ

200 2903 320 2991 μετοχὴ
345 2903 428 2968 κατὰ
451 2903 619 2992 ουγκοπῆν
642 2901 772 2984 decoros,
797 2903 833 2968 τὸ
857 2902 1004 2989 θηλυκὸν
1027 2906 1166 2978 cecoton,
1192 2925 1259 2974 nec
1279 2907 1329 2974 ob-

203 3012 268 3072 stat
289 3009 362 3072 huio
385 3012 541 3087 accentus
565 3027 658 3090 quem
677 3008 841 3073 character
851 3007 936 3072 vocis
947 3007 1067 3072 retrahi
1078 3007 1181 3072 vetnit
1199 3008 1329 3096 {1276}

288 3112 314 3195 ς.
338 3111 366 3175 5.
413 3108 560 3192 Syllabae
582 3114 654 3183 ἦ,
677 3117 767 3177 extra
786 3115 1101 3190 causamversantur‚
1124 3129 1202 3176 nam
1218 3108 1330 3192 ἁπλαῖ,

202 3215 323 3280 lentat
343 3233 405 3278 non
426 3214 496 3293 ipsa
518 3219 694 3294 contracta,
729 3215 786 3279 sed
814 3232 833 3278 a
854 3213 1053 3278 nominativis
1075 3218 1255 3283 contructis
1279 3218 1329 3284 do·

201 3318 316 3382 clinata
339 3322 420 3382 sunt.
457 3313 611 3402 Θεαιδὴς,
636 3319 663 3382 si
674 3317 812 3399 Antipho
835 3318 881 3383 ita
902 3317 1036 3398 scripsit,
1060 3322 1093 3382 et
1108 3317 1328 3402 Θεαίνετοςῑ

200 3421 318 3485 micron
341 3439 428 3486 more
451 3421 669 3503 synthetorum
690 3426 808 3486 exuunt
831 3418 883 3503 [cf.
906 3419 974 3485 Vol.
996 3419 1013 3483 I
1036 3419 1098 3485 304
1121 3421 1192 3506 sq.].

286 3527 352 3593 ott
379 3525 491 3589 recinit
512 3525 544 3588 in
566 3543 629 3590 uno
650 3525 746 3590 verbo
771 3526 940 3612 πρωυδᾷν,
963 3523 1046 3604 quod
1068 3528 1158 3604 patet
1181 3542 1224 3590 ex
1248 3552 1324 3613 προ·

201 3629 305 3715 αυόᾷν
328 3632 437 3692 natum
460 3646 530 3692 esse
553 3629 748 3694 concretione
770 3627 925 3693 vocalium
944 3629 984 3697 i}
1006 3628 1038 3691 in
1061 3624 1091 3697 ω’
1114 3632 1151 3692 ut
1174 3627 1328 3714 πρόνηος

201 3732 333 3813 πρῶτος
356 3735 414 3794 etc.
440 3767 474 3776 -
501 3729 642 3797 Ionicum
676 3737 726 3797 est
756 3731 802 3795 illi
836 3730 936 3794 simile
970 3747 1141 3811 pronomen
1174 3727 1326 3812 ὥυτόςὸ

201 3826 301 3909 οὗτος
324 3831 408 3897 κατὰ
431 3837 547 3917 κρᾶσιν
570 3840 630 3901 τοῦ
653 3839 687 3906 a'o
712 3830 757 3913 εἷς
777 3835 801 3904 ’ὦ
824 3832 895 3898 ΕΜ.
912 3831 984 3898 826.
1011 3833 1024 3897 1
1050 3839 1198 3899 manente
1225 3835 1325 3903 vocali

201 3935 370 4000 ultimant
393 3931 545 4022 νήυτμος,
579 3956 652 4002 nam
685 3938 807 4021 ypsilon
840 3937 873 4001 in
894 3935 954 4002 hac
977 3936 1057 4002 serio
1080 3938 1237 4005 vocalium
1261 3939 1327 4006 tolli

200 4057 293 4119 posse
327 4039 524 4120 grammatici
558 4045 688 4122 negant,
727 4041 809 4106 unde
843 4040 985 4122 sequitur
1019 4035 1158 4123 ὁμῶλαξ
1189 4061 1255 4108 non
1290 4062 1326 4108 er

201 4136 376 4223 ὁμοαῦλαξ
398 4147 601 4224 contractum,
626 4142 682 4208 sed
705 4162 776 4208 cum
799 4135 891 4223 ὦλοξ
912 4144 1118 4225 compositum
1141 4163 1223 4211 esse.

288 4247 417 4316 Oeta]
453 4234 632 4327 syllabatim
665 4245 837 4313 audiuntur
868 4248 901 4312 in
936 4247 1099 4313 adiectivis
1130 4264 1201 4312 cum
1238 4238 1328 4329 εἶδος

201 4348 355 4428 connexis,
379 4346 552 4436 κυνοειδής
574 4354 631 4415 etc
683 4349 806 4416 Horum
828 4356 935 4416 autem
958 4351 1020 4416 duo
1041 4355 1143 4418 metro
1166 4355 1330 4420 contraria
