2736 4778
149 344 226 421 284
409 396 412 401 .
441 338 761 408 DISSERTATIO
786 340 830 405 11.
875 340 914 405 P.
936 338 965 404 1.

150 525 321 614 scripsisse
342 515 406 590 ἀπ’
429 517 566 601 εὐθείας
589 528 650 612 τῆς
668 516 740 612 bap,
764 524 824 590 sed
839 523 943 609 magis
955 520 1018 588 sibi
1036 520 1166 610 placere
1183 544 1263 610 pro-
1323 542 1329 552 ·

150 636 377 717 puroxytonon
405 622 584 691 κατένωπα
613 619 660 701 ὥς
695 625 874 691 nasama
903 624 958 691 ἵνα
980 615 1001 712 ᾖ
1027 615 1177 690 ἀπὸτοῦ
1200 648 1263 690 κα-

148 723 298 795 τειιόπια
324 720 410 792 κατὰ
430 722 598 810 συμκοιιὴι
624 718 670 801 ὡς
690 720 795 811 μηρία
819 728 920 810 μῆρα,
942 720 1037 792 σιτία
1060 729 1154 802 σῖτα,
1183 723 1264 790 Ari·

150 826 269 893 starchi
291 835 400 891 sutem
420 822 614 912 scripturam
643 822 774 890 delendi
802 845 901 910 posse
931 823 960 888 si
981 821 1097 891 ἐνῶπα
1118 847 1160 890 ex
1181 823 1265 892 ἐνω-

149 922 217 1015 πήι
241 926 504 1011 transfiguratum
526 924 652 990 dicatur
671 918 718 1002 ὡς
738 923 798 1011 τὴν
826 919 928 1011 ίιόκην
958 917 1043 990 isira
1065 916 1140 992 elne
1159 949 1264 1010 μετα-

149 1022 359 1110 πλάσαςΗ).
383 1025 497 1090 Tertio
518 1024 554 1090 in
574 1024 655 1092 EM.
678 1024 757 1102 714,
785 1023 837 1089 50.
867 1028 945 1090 σῖτα
973 1015 995 1110 ἢ
1020 1022 1056 1090 ἐκ
1083 1028 1143 1092 τοῦ
1171 1029 1265 1103 σῖτος

148 1125 420 1213 μεταπεποίηται
440 1117 461 1212 ἢ
482 1117 629 1191 ἀπὸτοῦ
655 1122 763 1190 σιτία·
795 1118 1004 1210 Ἡρωδιανὸς
1025 1121 1105 1208 περί
1126 1128 1263 1193 παθῶν.

149 1228 214 1292 Ηίε
242 1225 429 1313 supervenit
457 1224 681 1311 interpretatio
708 1224 813 1310 ignoti
850 1223 991 1289 auctoris
1019 1220 1129 1310 όίςπερ
1159 1227 1264 1310 μῆρα,

151 1325 240 1394 οὕτω
261 1325 319 1392 καί
347 1323 496 1411 σπαρτία
527 1320 662 1410 σπάρτα
688 1323 773 1392 κατὰ
797 1318 980 1410 σομκοπήι,
1014 1315 1112 1410 (ibreio
1136 1317 1264 1391 ὑποκο-

151 1420 300 1511 ριστικόν
320 1425 399 1492 EM.
426 1426 498 1503 722,
522 1424 575 1491 46.
620 1426 696 1514 Hoc
721 1422 870 1509 σπαρτία
897 1424 968 1489 sine
991 1424 1090 1491 dubio
1115 1423 1266 1489 deminu-

152 1526 252 1591 tivum
273 1536 340 1602 est;
363 1537 395 1592 et
415 1524 507 1592 σιτία
529 1546 671 1610 quoque,
695 1524 785 1610 quod
803 1526 949 1591 Homero
968 1525 1089 1612 pariter
1105 1525 1265 1611 ignotum,

151 1627 228 1693 huie
250 1628 379 1713 generi,
402 1650 467 1713 quo
492 1626 671 1713 particulae
693 1646 801 1689 rerum
822 1626 1045 1711 significantem
1066 1636 1102 1690 ut
1121 1625 1265 1710 χρυσίον,

150 1725 304 1809 χαλκίον,
332 1723 500 1814 σιδήριον,
528 1747 596 1791 non
618 1725 758 1790 alienum
778 1725 952 1804 habemus3
982 1749 1002 1791 s
1025 1723 1130 1814 μηρία
1157 1734 1267 1789 autem

152 1838 324 1912 utrumque
352 1826 416 1892 hoc
446 1825 555 1890 differt
582 1825 673 1910 quod
701 1847 801 1911 supra
828 1828 1055 1911 quotidianum
1082 1846 1266 1891 sermonem

152 1950 219 1993 non
242 1927 398 1992 ascendit.
441 1926 529 1993 lllud
560 1926 611 1990 vel
641 1948 662 1989 a
682 1925 861 1992 masculino
892 1925 995 2016 μηροί
1023 1926 1266 1993 denominatum

152 2040 202 2094 est
222 2028 387 2094 intellectu
408 2038 532 2093 mutato
553 2027 604 2091 vel
627 2037 777 2092 sneutro
796 2031 887 2115 μῆρα
906 2039 944 2092 ut
960 2025 1091 2096 ἔπαυλα
1107 2022 1264 2102 ίπαόλια,

153 2128 262 2212 ἕλωρα
289 2124 411 2215 ἑλώρια
444 2129 574 2213 alisque
603 2127 901 2213 pareschematista.
952 2122 1172 2203 Καιενώπιος
1197 2147 1266 2192 non

152 2229 272 2316 legitur
294 2248 332 2291 ac
353 2249 395 2292 ne
418 2223 563 2304 ἐνώπιος
584 2226 716 2311 quidem
739 2237 836 2312 atque
856 2228 1067 2294 Herodianus
1093 2228 1167 2312 ipse
1186 2250 1265 2312 syn·

153 2350 261 2416 copen
280 2326 612 2413 non-pugnacissime
635 2326 790 2392 defendit
834 2328 1027 2396 Κατόναιτα
1056 2327 1192 2393 dubium
1217 2340 1267 2395 est

153 2453 231 2494 num
258 2428 357 2495 modo
387 2436 541 2493 accentus
569 2426 721 2510 signandi
748 2448 846 2493 causa
866 2429 1071 2516 apposuerit,
1106 2452 1148 2495 an
1175 2429 1265 2515 quod

152 2531 228 2596 huic
249 2552 381 2615 quoque
404 2529 472 2593 iota
496 2538 680 2612 surreptum
700 2538 829 2614 putaret
852 2541 889 2594 ut
910 2531 990 2595 EM.
1003 2532 1076 2607 111,
1091 2531 1143 2595 54.
1155 2529 1266 2615 ὥςπερ

155 2627 304 2698 ἀπὸτοῦ
328 2625 417 2696 ὠκέα
439 2626 565 2714 γίνεται
587 2619 659 2694 ὦκα
681 2628 768 2695 οὕτω
790 2627 847 2695 καί
873 2624 969 2698 ἀντία
991 2629 1076 2697 κατὰ
1098 2627 1268 2718 σομκσιιὴι

154 2723 245 2797 ὄντα.
291 2731 413 2796 Verum
441 2728 506 2794 hoo
537 2749 641 2813 genus
670 2728 896 2795 adverbiorum
921 2730 1009 2796 unde
1038 2743 1070 2797 et
1099 2730 1266 2816 quomodo

154 2840 265 2896 natum
286 2831 328 2894 sit
349 2829 515 2915 supraffita
536 2828 733 2915 explicatum
755 2842 805 2896 est
831 2842 868 2896 ut
897 2853 1062 2918 syncopae
1084 2831 1191 2896 nullus
1213 2851 1265 2897 re·

152 2931 317 3018 linquatur
339 2931 441 2996 loeus.
487 2929 607 2996 Tribus
633 2930 697 2995 illis
726 2930 934 2997 substantivis
964 2932 1142 3019 pluralibus
1172 2952 1265 2997 acce·

154 3033 203 3098 dit
223 3029 331 3117 στόμα
355 3055 414 3120 pro
437 3029 560 3118 στόμια
583 3041 776 3120 usurpatum
797 3032 1001 3098 aNiccndro
1022 3033 1162 3098 Al120.
1186 3057 1265 3097 καν-

152 3131 293 3219 θαρίδες
318 3132 443 3220 δηγμόν
465 3129 615 3215 τεόχουσι
636 3132 716 3221 περὶ
736 3129 845 3219 στόμα
867 3131 982 3200 νείατα
1008 3128 1160 3218 γαστρός,
1182 3132 1211 3198 si
1231 3132 1267 3197 id

152 3246 238 3301 recte
255 3235 486 3321 interpretatur
499 3233 683 3300 Scholiasta
704 3232 741 3300 ἐκ
762 3238 822 3302 τοῦ
843 3229 968 3318 στόμια
991 3232 1077 3300 κατὰ
1099 3231 1268 3321 corrourio

152 3333 278 3419 γίνεται
305 3331 413 3418 στόμα
444 3327 490 3410 ὡς
516 3330 621 3418 μηρία
647 3329 813 3420 μηρόΗ).
857 3334 988 3398 Etenim
1023 3357 1060 3401 os
1098 3332 1266 3400 ventriculi

225 3555 271 3622 tl)
283 3555 338 3610 Pro
357 3553 460 3609 ficticio
479 3552 661 3624 metaplasmo
681 3552 749 3608 finxi
767 3551 968 3609 nominativum
985 3554 1063 3628 ίναίψ
1083 3557 1101 3612 i.
1123 3574 1151 3627 q.
1171 3557 1269 3626 ἔνοψις

155 3637 259 3693 Parsll.
274 3641 332 3692 169.
347 3641 383 3694 cf.
398 3639 497 3695 Lehm.
509 3638 596 3694 Arist.
608 3640 669 3693 31⁰.
696 3638 754 3693 Pro
772 3633 907 3693 δολόεσσα
925 3638 1014 3710 &cunei
1033 3650 1062 3699 et
1077 3638 1174 3708 ἔπωπό
1187 3643 1267 3713 quod

155 3724 239 3779 codd.
253 3731 283 3776 et
294 3724 359 3776 edd.
373 3730 484 3779 veteres
497 3723 632 3779 exhibent
643 3724 766 3795 Oppisn.
779 3722 845 3778 Hal.
860 3724 911 3778 1v.
925 3728 984 3781 358.
1012 3727 1203 3784 Schneiderus
1215 3744 1266 3800 po·

153 3808 210 3865 suit
221 3804 321 3876 ὀπωπή
333 3808 384 3862 sed
395 3805 470 3861 idem
482 3808 511 3862 in
521 3808 584 3864 Nic.
597 3809 652 3863 Th.
666 3812 726 3863 vn.
740 3804 929 3881 ἀμυδρόισσαι
941 3808 1047 3882 ίςωπὴν
1058 3831 1074 3868 e
1087 3812 1193 3869 Goettl.
1208 3812 1267 3868 edi·

155 3893 197 3950 dit
208 3914 261 3968 pro
274 3888 400 3963 ίςαίπὴν.
426 3892 495 3947 Cum
512 3892 606 3948 verbis
625 3893 752 3965 ejusdem
768 3903 852 3966 petas
869 3896 915 3950 Fr.
934 3897 971 3952 IL
988 3901 1013 3954 3.
1029 3903 1128 3971 χρυσῷ
1149 3904 1188 3961 etc
1204 3889 1267 3953 ὦπα

152 3976 296 4055 nosceretis
308 3978 442 4035 convenit
453 3977 625 4034 homericum
636 3982 704 4053 θεῇς
715 3983 753 4042 εὶς
764 3970 827 4034 ὦπα
841 3982 922 4038 ἔοικε.

224 4085 267 4150 12)
279 4083 343 4139 Hoc
356 4089 491 4151 accentn;
505 4084 580 4155 apud
588 4082 743 4137 Homerum
755 4083 843 4138 semel
854 4087 930 4156 μῆρα
943 4084 1084 4155 integrum
1095 4085 1198 4156 legitur
1209 4086 1266 4140 Od.

153 4164 234 4221 xm.
247 4170 290 4226 26.
304 4168 353 4225 ubi
364 4170 394 4226 in
406 4169 503 4226 Schol,
520 4166 597 4243 μηρά
606 4167 745 4241 scriptum
757 4176 815 4239 est3
835 4169 944 4241 saepius
960 4168 1081 4224 occisum
1092 4169 1172 4243 μῆρ’,
1190 4173 1269 4242 quod

153 4257 182 4306 st
191 4269 244 4323 pro
255 4256 331 4330 μῆρα
344 4254 436 4328 socipi
449 4264 544 4328 potest
560 4263 589 4311 ct
602 4272 655 4328 pro
672 4252 749 4328 μηρί
764 4272 801 4311 ex
814 4273 911 4312 eorum
928 4253 1062 4329 opinione
1081 4255 1129 4327 qui
1147 4255 1265 4328 letam*
