2736 4778
209 400 284 472 244
499 390 819 460 DISSERTATIO
848 393 895 460 11.
937 392 979 460 Ρ.
1002 393 1030 458 Ι.

210 579 420 664 similiterque
439 575 536 669 ἔγχῇς
551 588 719 666 receptum
738 589 798 656 est,
822 581 919 665 νοῆται
935 587 1044 645 autem
1055 578 1126 665 jam
1146 578 1330 667 antiquitus

208 683 243 748 in
274 681 377 747 tribus
415 677 554 744 Homeri
592 678 685 745 loois.
746 679 888 766 Ilpsilon
921 690 1079 766 sequente
1110 680 1217 747 vocali
1248 682 1330 750 elidi

208 782 353 882 ostendit
378 779 573 848 Eustatbius
602 779 676 859 228,
704 779 758 846 46.
794 780 835 848 τὸ
865 777 985 859 νοσσός
1009 776 1190 868 συγκόπιει
1212 782 1252 850 ιδ
1276 780 1329 853 oi·

206 890 298 953 καῖον
326 908 343 952 ε
372 880 456 948 κατὰ
484 879 523 947 τὸ
552 878 711 967 νιὴγατον
731 879 896 969 νηγάτεον.
940 882 1018 948 Ησσ
1040 905 1155 969 parum
1176 883 1220 950 ad
1242 907 1329 963 rem3

206 981 421 1076 perapposita
448 1001 526 1046 vero
555 978 674 1058 νοσσός
699 992 732 1046 et
759 981 909 1060 νοσσίον,
938 1005 1004 1069 quo
1031 982 1219 1070 Aeschylus
1244 1009 1329 1054 usus

207 1086 326 1153 dicitur
346 1082 474 1150 Aneed.
495 1079 601 1148 Beldr.
626 1081 698 1146 119.
719 1081 873 1169 idemque
893 1083 1086 1151 Dindorlius
1108 1085 1329 1175 Aristophani

207 1190 291 1255 Avv.
320 1185 394 1251 550.
422 1183 561 1250 reddere
587 1182 723 1249 tentavit
749 1183 809 1249 sed
837 1184 928 1269 quod
951 1185 1029 1251 olim
1050 1187 1236 1275 suspicatus
1256 1202 1328 1257 erat

208 1287 369 1374 Tragicos
390 1281 613 1367 Νοπτδλιμος
634 1294 666 1349 et
686 1280 804 1352 νολαία
827 1285 1008 1373 scripsisse,
1031 1298 1149 1376 postea
1168 1291 1325 1378 repudia-

205 1389 253 1456 vit
272 1390 384 1457 Valer.
408 1386 451 1451 sd
471 1384 572 1453 Rhes.
595 1410 629 1474 p.
652 1384 703 1450 76.
747 1384 892 1453 Κιᾶτεσι
914 1383 1058 1476 κτήμασι
1078 1389 1161 1457 Hes.
1183 1401 1240 1456 aut
1261 1392 1328 1459 do·

206 1490 273 1557 rice
300 1497 500 1557 contractum
527 1497 564 1552 ut
591 1490 703 1553 θᾶσαι
732 1508 792 1574 pro
821 1487 964 1565 θέασαι,
994 1485 1103 1567 darie
1131 1484 1152 1579 ἡ
1178 1490 1326 1579 θεωρία,

206 1602 263 1658 aut
282 1587 502 1677 negligentius
524 1587 679 1675 scriptum
700 1596 751 1651 est
769 1609 829 1675 pro
852 1581 1033 1655 κτεάτεσσι.

291 1696 317 1778 ξ.
339 1693 370 1757 3.
413 1688 522 1757 Venio
551 1709 637 1752 nunc
663 1686 707 1751 ad
730 1688 855 1752 tertiam
878 1709 1043 1778 syncopae
1064 1690 1210 1778 speciem
1236 1714 1328 1778 quae

206 1793 363 1880 syllohom
390 1789 578 1855 imminutae
606 1787 786 1875 proximam
813 1786 944 1853 brevem
968 1810 1041 1855 esse
1062 1813 1129 1857 non
1150 1792 1324 1880 prohibet:

204 1889 358 1982 Πρασιαὶ
378 1887 481 1958 οἱονεὶ
498 1887 659 1974 περασίαι
683 1886 779 1972 παρὰ
794 1886 832 1955 ιδ
851 1895 1121 1975 πεπεραιώσθω
1141 1894 1227 1960 κατὰ
1242 1920 1320 1981 συγ·

204 1991 313 2083 κοπήν
332 1991 414 2059 ΕΜ.
436 1990 510 2067 680,
532 1990 585 2055 47.
610 1999 643 2054 et
651 1987 797 2074 Hesycb.
817 1987 875 2054 ubi
897 1990 1059 2077 περασιαί
1079 1992 1237 2082 scriptum
1260 2008 1321 2075 est,

205 2095 265 2162 sed
295 2093 445 2160 dissentit
464 2089 658 2158 Eustatbius
686 2090 786 2168 1574,
811 2089 864 2156 27.
895 2113 987 2156 areas
1017 2092 1064 2159 sic
1086 2117 1106 2159 a
1127 2096 1233 2182 praeis
1257 2121 1321 2165 no·

203 2196 342 2261 minutas
369 2215 441 2260 esse
470 2192 564 2278 quasi
591 2203 695 2259 totum
725 2214 745 2255 a
767 2202 877 2278 parte,
905 2192 1006 2279 idque
1031 2217 1097 2261 non
1118 2197 1225 2265 minus
1247 2222 1320 2267 ore·

205 2296 305 2362 dibile
332 2305 391 2360 est.
442 2292 511 2360 Sed
537 2314 657 2359 nomen
685 2292 750 2358 loci
777 2289 997 2380 Βουπράσισν
1025 2319 1121 2365 nemo
1151 2301 1319 2389 negaverit

205 2420 280 2465 cum
304 2394 404 2463 verbo
434 2396 543 2482 περᾷν
570 2393 787 2481 compositum
814 2415 887 2459 esse
913 2395 1112 2483 proprieque
1134 2400 1321 2488 significare

205 2500 384 2583 TroJeuum
405 2498 506 2572 eoois,
537 2494 627 2581 quod
649 2516 767 2580 graece
787 2505 911 2559 vertere
934 2518 1109 2581 possumus
1129 2504 1316 2589 Βοςπορος,

202 2599 388 2688 germanice
412 2596 600 2680 Ocleeosurt
623 2618 653 2661 v.
674 2596 828 2683 Rutgers.
861 2597 954 2664 Varr.
977 2598 1084 2666 Lectt
1100 2602 1173 2668 237.
1216 2600 1321 2689 Ejus·

203 2702 278 2767 dem
305 2696 394 2765 verbi
425 2695 580 2762 affinitate
606 2695 772 2784 implicata
798 2708 874 2761 sunt
901 2690 1037 2783 ἅμπρον
1057 2701 1204 2782 σχοινίον
1227 2702 1316 2790 ὅπερ

203 2801 262 2870 διὰ
290 2803 356 2865 τῶν
384 2797 485 2881 ζυγῶν
513 2794 733 2864 διατείνουσιν
759 2789 912 2883 ὅμπερόν
938 2823 971 2864 ιι
1000 2795 1052 2879 iia,
1081 2802 1120 2869 τὸ
1145 2804 1321 2893 διαπερῶν

200 2900 259 2968 ιδν
282 2895 378 2987 ζυγόν
400 2897 493 2967 Suid.
517 2897 645 2964 Anecd.
667 2897 773 2963 Paris.
798 2898 932 2966 lv.10.
955 2900 1321 2993 adjectivadcouncpic

201 3011 235 3069 et
265 2996 469 3090 διαπρύσιον
505 2998 544 3066 vd
579 2999 894 3084 διαπεπερασμένον
923 2999 1034 3069 Schol.
1061 3003 1101 3070 ss.
1129 3004 1214 3071 XII.
1241 3006 1319 3072 227.

200 3102 349 3191 πρέμνον
373 3123 448 3188 pers
476 3097 601 3166 arboris
630 3101 744 3166 ultima
771 3111 804 3166 et
829 3099 926 3189 παρὰ
954 3102 994 3169 sd
1017 3104 1126 3192 πέρας
1147 3108 1318 3194 πέραμνον

199 3203 257 3270 καὶ
283 3205 435 3290 συγκοπῇ
463 3200 613 3286 πρυμνόν
633 3201 713 3267 ΕΜ.
735 3202 809 3280 693,
831 3201 884 3267 36.
905 3206 1035 3273 Anecd.
1056 3207 1134 3274 Par.
1157 3209 1318 3279 IV.‚127.

198 3305 292 3389 cujus
313 3301 459 3368 vocalem
479 3300 611 3366 brevem
633 3323 705 3369 esse
727 3315 865 3393 apparet
894 3327 935 3371 ex
959 3318 1096 3374 accentu
1123 3309 1321 3376 substantivi

197 3401 344 3489 πρύμνα.
392 3403 427 3468 A
455 3402 555 3491 κέρας
583 3402 670 3469 dicta
697 3415 747 3470 est
771 3403 868 3471 arbor
895 3405 1031 3491 κράνινα
1054 3431 1171 3478 comus
1191 3411 1318 3478 Parall.

198 3504 274 3570 339.
294 3526 314 3568 a
335 3501 518 3584 πετιὶννυμι
540 3502 678 3570 fortasse
698 3505 821 3574 πιελιά
844 3506 889 3573 ib.
910 3507 984 3574 339.
1027 3511 1082 3576 De
1105 3511 1229 3599 πτερόν
1242 3512 1319 3579 Ευ-

198 3603 336 3669 stathius
358 3602 431 3680 855,
452 3604 506 3670 42.
528 3604 681 3692 ambigit:
710 3603 730 3695 ἢ
753 3608 918 3698 συστολὴν
945 3607 1075 3676 ἔπαθεν
1095 3609 1132 3677 ἐκ
1158 3615 1219 3679 τοῦ
1239 3617 1318 3680 moi

197 3700 317 3792 ποήσω
338 3703 484 3771 κατὰτὸ
507 3700 679 3774 ι’διιυνικδν
700 3706 819 3777 πιενδν
841 3703 862 3796 ἢ
885 3704 955 3776 ἀπὸ
979 3716 1039 3777 τοῦ
1059 3711 1152 3780 πέσω
1174 3714 1317 3800 πέτερον

198 3804 277 3892 (boc
301 3805 450 3888 accentu)
471 3805 528 3871 καὶ
551 3804 587 3872 ἓν
607 3812 759 3896 σογκοπῇ
780 3808 914 3890 πτέρου,
937 3831 1075 3895 quorum
1097 3811 1234 3878 alterum
1255 3836 1320 3880 ex·

196 3907 276 3974 cidit
302 3904 337 3970 in
364 3901 474 3991 Epim.
501 3904 530 3970 Ι.
562 3906 636 3985 365,
666 3907 716 3972 19.
744 3906 824 3973 ΕΜ.
851 3906 932 3988 694,
966 3911 1016 3976 12.
1040 3912 1136 4000 παρὰ
1159 3911 1198 3980 ιδ
1220 3914 1313 3983 πέσω

195 4005 339 4096 πιτερόν
362 4004 440 4090 (sic)
463 4005 520 4074 καὶ
541 4003 700 4095 πιερόνῆ
716 4006 812 4091 παρὰ
827 4007 865 4074 τὸ
885 4015 960 4078 πιῶ
975 4012 1061 4080 adde
1077 4010 1206 4104 ποήσω,
1229 4038 1317 4104 πιρ-

194 4105 255 4194 ρόν
276 4108 334 4176 καὶ
353 4108 502 4198 συστολῇ
522 4106 720 4197 osoplon).
764 4107 840 4174 Hoc
861 4110 904 4175 ad
925 4112 1024 4179 fidem
1047 4115 1195 4202 propius.
1240 4116 1313 4182 Εσ-

265 4273 312 4340 16)
329 4273 412 4330 Psria
424 4275 600 4347 Theognost
620 4274 688 4331 Can.
702 4276 745 4343 33,
759 4277 799 4332 19.
819 4286 849 4334 et
864 4278 964 4336 Orion.
980 4281 1038 4346 138,
1050 4282 1076 4336 l.
1100 4285 1226 4356 Πέιερον
1242 4283 1318 4350 sire,

194 4364 227 4413 ut
238 4356 368 4429 plerique
380 4360 514 4428 scribunt,
528 4358 644 4435 πιιιρὸν
655 4360 812 4434 analogiam
824 4364 953 4436 excedit3
967 4366 1082 4423 volandi
1095 4365 1315 4426 instrumentum
