2736 4778
191 348 253 417 188
567 347 844 416 DISSERTATIO
877 349 948 416 vll

191 516 289 598 suppl.
302 514 396 580 Proll.
418 533 448 595 p.
470 511 512 579 27
534 512 569 579 Ρ.
592 512 651 579 IV:
674 537 718 599 op
733 513 968 601 laelxaauaiv
990 535 1218 601 saepenumero
1231 511 1320 579 Bek-

188 617 281 682 leena
302 618 352 681 vel
364 628 442 703 poet
463 617 611 681 minimae
628 618 1021 703 poaaaiaeapaaatiaaaa,
1043 641 1150 682 oenum
1171 640 1242 681 nore
1259 618 1317 700 er’c,

187 732 236 803 ot,
271 742 403 806 quornm
435 720 587 784 librorum
611 720 852 785 aonemundus
886 720 923 783 id
942 721 1078 808 sciapodes
1099 721 1133 785 ia
1143 721 1316 808 exemplis

177 820 307 907 factam
328 823 379 904 eit,
402 835 567 909 appareat,
589 826 673 891 idem
695 825 781 890 valet
802 824 841 889 de
864 824 1017 891 omnibus
1063 823 1126 890 Sed
1147 827 1191 905 is,
1218 844 1316 908 quern

186 927 220 992 in
240 925 300 992 hoc
321 944 465 992 sermone
488 927 659 993 identidem
682 927 847 1006 nominavi,
872 928 1013 994 codicum
1024 927 1237 1010 plurimorum
1260 948 1315 996 ex·

185 1029 326 1111 plorator
349 1048 445 1112 saepe
467 1031 563 1096 etiam
585 1032 691 1112 verba,
714 1049 796 1114 quae
817 1051 875 1097 nos
898 1033 1074 1097 arctissime
1085 1033 1314 1114 connectimus,

186 1138 340 1199 commate
363 1133 519 1215 distinxit,
552 1153 689 1200 consona
720 1153 802 1200 nunc
836 1135 981 1218 apposita
1012 1139 1049 1200 ut
1070 1134 1204 1203 Aristot.
1228 1136 1314 1203 Hist

187 1233 322 1300 Animm.
344 1236 423 1301 VIII
445 1236 487 1302 20
508 1255 538 1317 p.
562 1234 633 1302 603.
660 1236 699 1302 10
721 1235 839 1324 arripior
852 1236 999 1316 ἐνθέντες
1011 1233 1227 1326 θηρεύουσιν,
1252 1264 1314 1307 πε·

125 1359 128 1363 ·
186 1334 346 1424 ριελόντες
367 1338 445 1419 τοὺς
466 1337 595 1421 λίθους,
617 1340 723 1424 Polyb.
746 1342 776 1407 V
798 1341 848 1408 66.
871 1341 890 1407 3
914 1337 1095 1409 ἀπολιπών
1114 1378 1149 1389 -
1165 1341 1313 1430 docvit·

188 1445 260 1522 θεν,
295 1441 350 1506 καὶ
373 1439 641 1530 παραγενόμενος
665 1481 700 1493 -
728 1447 882 1532 διαφῆκε,
915 1463 999 1510 nunc
1020 1446 1150 1512 omissa:
1185 1449 1313 1525 azoara

186 1541 249 1631 γὰρ
272 1535 403 1625 εὔθυνε,
426 1545 481 1612 καὶ
506 1539 628 1634 ἀπῄτει
650 1546 711 1612 Dio
733 1547 820 1613 Casa.
843 1547 996 1614 XXXVII
1016 1547 1066 1627 44,
1101 1542 1312 1630 ἀνεστέναξε,

188 1647 244 1714 καὶ
267 1645 480 1736 κατωδύρετο
503 1648 563 1714 LII
585 1649 605 1714 2
627 1651 797 1733 multisque
819 1651 890 1717 aliis
923 1651 955 1717 in
987 1652 1073 1717 locis
1117 1650 1185 1717 Nec
1218 1649 1314 1718 facile

189 1751 258 1832 erit,
281 1753 336 1834 qui
358 1771 393 1817 se
414 1753 508 1818 huius
532 1754 764 1820 controversiae
786 1755 941 1820 arbitrum
963 1754 1152 1836 interponat
1185 1754 1315 1822 Pendet

188 1855 272 1920 enim
292 1859 362 1920 tota
383 1873 436 1921 res
458 1873 497 1920 eu
518 1859 663 1922 tortuosa
684 1857 739 1923 illa
761 1858 801 1923 de
823 1858 919 1924 variis
942 1859 1234 1940 interpunctionum
1255 1878 1313 1942 ge·

68 1990 70 1995 ,
186 1956 315 2024 neribus
338 1959 530 2040 quaestione,
564 1977 653 2042 quae,
687 1969 839 2042 quantum
862 1961 904 2026 ad
926 1961 1099 2027 Homerum
1131 1961 1259 2041 attinet,
1284 1981 1314 2036 ‚a

187 2058 353 2142 Nicanore,
375 2062 520 2127 universe
542 2080 562 2127 a
583 2062 745 2143 Diomede,
771 2063 910 2128 breviter
932 2064 1128 2146 strictimque
1150 2065 1183 2129 in
1208 2064 1313 2148 Sergii

190 2170 354 2232 comment.
376 2165 408 2230 in
431 2166 498 2232 Art
520 2164 639 2232 Donati
660 2165 722 2232 487
745 2184 791 2249 sq.
814 2171 959 2247 nactam
983 2166 1039 2232 sed
1060 2184 1131 2232 cum
1153 2168 1241 2233 omni
1263 2167 1313 2234 di·

188 2268 279 2334 cendi
301 2274 334 2335 et
356 2268 514 2352 aginam
524 2269 647 2336 ratione
668 2271 715 2336 ita
736 2271 964 2353 alteimplicita
985 2274 1044 2351 est,
1065 2274 1103 2336 ut
1123 2269 1166 2336 ad
1188 2277 1313 2337 certam

186 2359 353 2437 formulam
374 2373 515 2438 revocari
536 2391 599 2438 non
620 2373 729 2456 possit
769 2373 895 2440 Etenim
917 2374 1035 2456 gradus
1056 2372 1313 2455 necessitudinis,

188 2491 269 2555 quaa
290 2475 374 2541 inter
395 2482 503 2558 partes
526 2481 559 2542 et
580 2478 671 2559 quasi
692 2476 835 2542 membra
856 2477 1008 2559 cuiusque
1031 2476 1187 2542 enuntiati
1209 2477 1311 2544 inter·

187 2577 278 2657 cedit,
311 2579 418 2660 plures
440 2588 514 2645 sunt
536 2589 568 2646 et
591 2581 716 2645 diversa
737 2598 794 2661 pro
817 2598 911 2645 sensu
934 2579 1099 2645 scribentis
1132 2580 1312 2660 intervalla,

187 2679 300 2760 quibus
323 2682 552 2764 distinguendis
573 2702 675 2766 neque
697 2690 763 2749 tres
786 2689 959 2765 quatuorve
981 2687 1091 2762 nome,
1114 2683 1233 2764 qtdbus
1254 2683 1312 2750 ho·

188 2782 239 2848 die
261 2785 387 2865 utimur,
410 2787 755 2868 uequeeompluseulae
777 2787 860 2867 illae,
883 2787 997 2868 quibus
1013 2786 1215 2868 antiquorum
1232 2805 1311 2853 uon·

187 2887 278 2968 nulli,
312 2889 428 2971 ubique
462 2888 629 2956 sufficiunt.
674 2891 712 2956 ld
744 2891 920 2972 perdiserte
953 2889 1102 2971 explicuit
1122 2888 1311 2956 Friedlaen·

189 2989 283 3057 denus
306 2993 347 3058 ad
368 2992 476 3059 Nican.
500 2994 626 3058 51-55
650 3013 695 3076 sq.
720 2995 761 3079 [e.
775 2993 944 3079 spiloqam
968 2990 1006 3055 de
1027 2992 1216 3076 interponet.
1241 3015 1311 3056 enm

89 3105 96 3119 ‘
188 3094 300 3158 aelati
318 3107 347 3158 et
368 3096 553 3182 synaloephe
575 3097 764 3175 coniuncta]

274 3199 301 3282 i.
325 3199 353 3265 9.
402 3200 457 3264 ills
479 3201 601 3283 paginis
615 3202 824 3266 ‘continentur
845 3200 989 3282 exempla
1007 3199 1117 3264 literae
1129 3199 1311 3281 expletivae

187 3302 335 3367 clausulis
348 3303 516 3384 subiectae,
539 3306 674 3386 primum
686 3305 847 3382 librorum,
870 3309 938 3369 tum
950 3303 1097 3383 capitum,
1119 3305 1188 3367 tum
1212 3303 1310 3369 etiam

187 3424 296 3470 earum
318 3407 464 3488 partium,
487 3408 601 3489 quibus
624 3409 766 3490 singulae
787 3408 908 3490 periodi
930 3412 1095 3472 contextae
1128 3410 1212 3485 srmt,
1246 3424 1310 3489 quo

187 3510 346 3590 pertinent
368 3516 533 3591 commata,
557 3512 626 3576 cola
647 3516 803 3593 notaeque
826 3510 1080 3591 interrogationis
1103 3513 1136 3573 et
1156 3508 1309 3599 interclu-

187 3613 291 3677 sionis.
338 3612 441 3678 Causa
464 3615 589 3696 quidem
617 3615 710 3679 huius
744 3613 944 3679 subiectionis
977 3630 1041 3677 una
1074 3618 1131 3689 est,
1166 3610 1225 3676 sed
1245 3629 1311 3677 non

186 3735 244 3796 par
266 3716 421 3808 dignatio3
444 3717 614 3797 plurimum
637 3718 834 3783 auctoritatis
856 3717 1068 3798 interpunctio
1089 3713 1195 3794 habet,
1227 3732 1311 3796 quac

187 3819 301 3884 dicitur
323 3821 468 3899 maxima,
491 3820 719 3901 minusmedia,
742 3821 904 3885 minimum
916 3820 1052 3884 minima.
1097 3817 1184 3883 Nulli
1199 3823 1312 3884 autem

186 3940 226 4003 ny
248 3927 314 3985 tam
338 3918 465 3987 affixum
489 3929 522 3988 et
542 3931 728 4007 perpetuum
753 3927 803 3988 est
824 3941 919 4004 quam
942 3921 1180 3987 sihiatusinter
1195 3940 1312 3988 versus

186 4024 391 4089 cohaerentes
414 4026 528 4091 existit.
574 4027 679 4104 Quare
700 4026 759 4092 hoc
771 4044 879 4107 genus,
901 4027 934 4090 in
956 4044 1018 4107 quo
1029 4024 1102 4090 libri
1113 4024 1215 4090 nostri
1227 4025 1312 4091 mul·

184 4125 322 4192 tileriam
335 4128 522 4210 discrepant,
535 4129 736 4195 arbitrarium
747 4129 863 4194 vocavi.
900 4128 1165 4194 Temerarium
1187 4129 1270 4209 dico,
1285 4130 1313 4196 si

184 4249 226 4312 ny
247 4231 408 4297 vocabulis
430 4233 518 4299 nulla
539 4232 790 4316 interpunctione
814 4233 955 4298 diremtis
974 4238 1052 4298 ante
1071 4250 1242 4298 musonem
1252 4233 1313 4299 ad·

186 4333 280 4414 ditur,
303 4354 384 4417 quae
408 4337 565 4419 scriptura
587 4336 786 4403 eomiuorem
802 4334 897 4402 fidem
910 4335 1016 4416 habet,
1039 4334 1218 4418 quodidem
1242 4336 1314 4404 sine
