2736 4778
206 347 280 425 328
495 342 815 414 DISSERTATIO
843 345 890 412 11.
934 344 974 412 P.
995 343 1024 412 1.

204 534 283 599 Hoc
296 526 439 598 Παιάιυν
459 530 661 617 incognitum
682 542 746 608 est;
768 528 891 598 Παιιῦν
913 541 945 597 et
964 525 1109 622 Παιριόν
1127 551 1193 597 non
1210 532 1323 599 solum

206 632 402 722 syllabarum
423 656 557 699 numero
579 633 732 698 differunt
753 632 813 697 sed
836 632 933 698 etiam
956 632 1171 700 declinatione
1192 646 1231 699 ut
1244 630 1322 702 Ἴων

201 729 294 823 Ἰήιον
316 734 384 799 sive
401 727 494 801 Ἰἀιυν
510 736 559 819 ¹),
581 757 642 801 nec
666 757 796 824 semper
820 735 908 799 idam
929 734 1114 820 significant
1121 759 1130 812 ;
1153 758 1256 821 quare
1277 740 1322 804 ad

204 835 551 903 mctaschematismum
571 836 807 914 transferimus,
833 835 889 921 qui
911 836 945 901 in
966 835 1151 902 nominibus
1174 840 1321 926 propriis

204 939 271 1005 lata
291 937 484 1005 dominatur.
532 938 600 1004 Pro
626 937 777 1026 exemplo
802 948 853 1003 est
877 939 1150 1025 patronymicum,
1180 939 1223 1007 de
1251 962 1318 1026 quo

204 1040 283 1107 EM.
306 1040 379 1117 210,
403 1039 453 1105 10.
478 1033 646 1128 Ὀϊλιάδης
667 1034 726 1107 οὐκ
748 1037 839 1107 ἔστιν
862 1034 949 1125 (ἀπὸ
971 1039 1049 1124 τοῦ)
1069 1035 1216 1119 Ὀϊλεύς,
1243 1041 1320 1111 ἐπεὶ

202 1134 366 1225 ’οἵλειί1ρς
387 1132 472 1221 εἶχεν
494 1135 587 1207 εἶναι.
624 1143 741 1227 ltaque
757 1139 1010 1208 Choeroboscus
1028 1165 1081 1228 ap.
1092 1142 1186 1207 Eust.
1200 1143 1253 1222 13,
1265 1145 1318 1211 38.

206 1241 248 1307 ab
267 1234 393 1320 Ὀΐλιος
418 1241 597 1307 derivatum
621 1243 716 1319 dicit3
742 1243 798 1308 alii
824 1265 900 1309 vero
925 1243 1090 1329 quiahoc
1116 1243 1226 1330 ipsum
1250 1268 1318 1312 non

204 1342 374 1430 reperitur,
395 1342 437 1411 ab
456 1337 583 1423 Ὀϊλεύς
599 1339 789 1433 Ὀϊληιάδρς
810 1355 847 1409 ut
864 1345 1073 1433 Πηληιάδρς,
1098 1344 1172 1411 hinc
1192 1339 1319 1415 Ὀϊλιά-

207 1445 268 1533 δης
282 1443 412 1511 ¹fuctum
436 1456 552 1534 putant
576 1448 799 1530 συγκοπέντας
823 1451 882 1515 τοῦ
901 1433 1040 1535 {Euat
1061 1446 1134 1525 927,
1156 1446 1209 1513 64.
1233 1471 1318 1534 quo·

204 1547 304 1614 modo
327 1547 424 1613 etiam
443 1547 631 1613 Meinelius
651 1547 760 1614 Anall.
778 1548 851 1613 224.
873 1549 1133 1634 patronymicum
1156 1546 1319 1636 Οὶκιάόρς

206 1647 248 1714 ab
268 1649 385 1737 ignoto
405 1650 537 1716 nomine
563 1646 682 1727 Οἰκεῦς
704 1649 831 1736 repetit.
874 1650 990 1716 Multis
1018 1652 1136 1716 seculis
1161 1662 1240 1739 post
1267 1652 1317 1718 in-

205 1751 345 1815 notescit
370 1773 490 1818 nomen
517 1774 537 1815 a
558 1750 728 1838 Stephano
757 1751 938 1837 proditum:
968 1744 1036 1819 ἀπὸ
1064 1757 1124 1819 τοῦ
1150 1757 1181 1816 Γ
1177 1754 1217 1821 ἔα
1248 1752 1318 1821 ἐστὶ

206 1856 237 1916 Γ
235 1849 349 1938 εάτης·
373 1855 434 1917 τοῦ
464 1850 500 1918 δὲ
531 1849 644 1935 κυρίου
667 1857 696 1915 Γ
694 1852 783 1930 έσιος
812 1849 899 1919 ἔοικε
924 1859 954 1918 Γ
953 1851 1065 1939 εὴσιος
1087 1851 1320 1939 προϋπάρχειν

206 1945 252 2030 ὡς
280 1951 319 2019 τὸ
342 1948 549 2041 Ἰθακήσιος,
583 1953 639 2020 καὶ
669 1953 755 2020 κατὰ
780 1953 948 2042 συγκοπὴν
973 1956 1101 2034 Γέσιος,
1130 1956 1191 2021 sed
1212 1955 1278 2023 hoc
1300 1983 1320 2023 a

206 2053 370 2139 gentilicio
392 2055 448 2120 illo
471 2066 576 2121 ortum
596 2079 668 2123 esse
689 2055 819 2121 minime
841 2065 964 2121 certum
984 2065 1042 2120 est.
1085 2057 1120 2123 A
1139 2059 1263 2125 neutris
1284 2061 1318 2126 in

205 2143 248 2234 o}
266 2156 458 2223 exeuntibus
481 2158 641 2243 adjectiva
660 2159 696 2222 in
709 2144 793 2246 ᾗις
804 2158 879 2222 (1ααὶ
894 2180 963 2222 non
978 2157 1143 2225 insolitum
1160 2170 1219 2237 est,
1241 2187 1317 2230 τευ-

205 2255 311 2342 χὴεις,
341 2255 481 2344 τελήεις,
510 2255 645 2348 ὑψήεις,
675 2256 815 2348 κυόήεις.
865 2258 934 2326 Sed
960 2281 1026 2323 non
1051 2259 1171 2346 legitur
1192 2257 1315 2350 ὄρήεις,

185 2377 273 2442 ·quo
302 2357 403 2424 utitur
429 2358 632 2426 Philoxenus
662 2361 743 2427 ΕΜ.
774 2359 854 2438 807,
888 2360 937 2425 11.
977 2359 1015 2425 τὸ
1049 2358 1226 2447 ὀρέστερος
1258 2360 1318 2431 οὐκ

205 2453 275 2527 ἀπὸ
304 2464 364 2528 τοῦ
393 2453 494 2544 ὅρους
520 2453 594 2528 ἀλλ’
618 2456 689 2527 ἀπὸ
713 2463 773 2527 τοῦ
795 2455 912 2547 ιῗρὴεις
934 2453 1129 2548 ὀρηέστερος
1151 2462 1209 2529 καὶ
1231 2465 1317 2533 κατὰ

207 2560 392 2648 συγκοπήν·
421 2555 490 2628 ἀπὸ
515 2559 577 2646 γὰρ
599 2565 663 2627 τῶν
685 2558 733 2640 εἷς
753 2550 795 2640 ος
814 2556 991 2645 οὐδετέρων
1011 2557 1174 2630 οὐδέποτε
1193 2561 1319 2647 γίνεται

207 2659 422 2746 συγκριτικόν.
472 2665 520 2728 At
549 2663 635 2728 enim
670 2663 697 2728 si
725 2663 789 2729 alia
813 2662 973 2729 vocabula
998 2662 1038 2728 ab
1068 2658 1148 2749 ὄρος
1175 2665 1319 2730 deiivata

205 2760 302 2827 nobis
325 2773 399 2828 anto
421 2765 533 2830 oculos
556 2765 782 2832 constituimus
803 2760 951 2850 ὀρσίτης,
974 2758 1127 2850 ὀρείτιορ,
1149 2761 1316 2853 Ὀρέστης,

207 2857 375 2947 ὅρεστιάς,
393 2868 588 2933 contrarium
605 2868 651 2934 illi
667 2869 879 2933 decernamus
896 2875 1027 2951 oportet
1041 2861 1215 2951 ὀρέστερος
1229 2867 1318 2933 idem

207 2965 390 3051 significare
413 2971 503 3055 quod
525 2964 648 3054 ἷίρειος,
672 2970 839 3055 solamque
861 2968 1004 3055 speciem
1026 2968 1236 3054 comparativi
1259 2969 1317 3033 ha-

206 3070 283 3138 bere
304 3083 340 3136 ut
358 3069 542 3156 ὁπλότερον
564 3072 657 3160 τύπῳ
684 3069 745 3156 μέν
772 3070 842 3138 ἐστι
870 3068 1079 3156 συγκριτικὸν
1102 3074 1142 3158 τῇ
1163 3071 1318 3162 dimovi]

206 3169 282 3240 ἀνθ’
315 3168 425 3241 ἁπλοῦ
454 3171 754 3260 παραλαμβάνεται
784 3170 895 3240 Schol.
921 3172 960 3236 Il.
980 3172 1045 3237 lll.
1069 3172 1141 3236 108.
1163 3181 1196 3236 et
1215 3173 1320 3237 multa

206 3274 410 3360 hujusmodi,
442 3296 527 3359 quac
559 3273 605 3338 illi
637 3296 736 3360 saepe
767 3273 907 3339 breviter
942 3274 1162 3360 comparativa
1189 3287 1318 3350 vocant,

204 3376 369 3445 Ascadius
392 3398 425 3463 p.
448 3375 499 3439 71.
523 3377 741 3460 συγκριτικῶς
762 3372 1035 3461 παραληγόμενα.
1078 3375 1254 3440 Praeterea
1276 3375 1319 3440 ab

206 3473 319 3562 ι’)ρὴεις
350 3472 530 3564 ὀρήοτερος
556 3471 740 3539 ducendum
764 3485 833 3538 erat
861 3482 898 3536 ut
920 3472 1157 3560 τολμήοταιος.
1207 3476 1319 3542 Aliam

207 3599 373 3663 syncopae
394 3577 566 3663 fingendae
586 3599 716 3641 causam
734 3573 953 3662 praebuerunt
971 3575 1129 3641 vocabula
1146 3577 1321 3663 dupliciter

207 3677 392 3755 terminata,
423 3700 559 3762 quorum
581 3677 760 3743 breviorem
788 3675 923 3740 fonnem
948 3676 1088 3763 longiori
1111 3677 1319 3746 substitutam

207 3789 339 3865 putant:
360 3779 514 3866 βασιληῖς
535 3780 591 3846 καὶ
613 3777 723 3868 ἐνδείᾳ
751 3779 809 3843 τοῦ
830 3763 855 3863 ἦ
874 3778 1008 3860 βασιλίς
1033 3801 1062 3843 v.
1084 3778 1186 3845 Prou.
1210 3804 1244 3868 p.
1264 3781 1318 3847 48.

277 4034 305 4102 1)
329 4034 361 4088 Ια
385 4031 515 4101 catalogo
539 4047 674 4102 equorum
696 4029 820 4102 Oppian.
840 4030 908 4102 Cyn.
926 4031 948 4086 I.
971 4033 1027 4085 172.
1043 4027 1144 4101 Ἴννα,
1168 4032 1318 4105 Ἀρμένιοι,

207 4125 324 4187 Λίβυες,
346 4115 471 4190 Θρήικες,
485 4116 627 4188 Ἐρεμβοί,
647 4133 747 4169 nomen
765 4115 883 4187 primum
902 4125 950 4170 aut
966 4135 1018 4188 pro
1028 4112 1121 4178 Ἴωνες
1137 4118 1260 4189 positum
1276 4127 1319 4173 est

207 4214 257 4258 sut
268 4203 436 4275 pro'leiorsc.
464 4205 520 4259 Sed
537 4211 566 4259 ot
582 4203 685 4273 systole
700 4201 817 4257 offendit
830 4210 858 4256 ot
870 4201 1026 4268 exscresis3
1046 4202 1090 4256 cui
1106 4203 1173 4259 vitio
1187 4206 1319 4258 medetur

209 4289 344 4346 correctio
364 4290 452 4348 facilis
469 4286 570 4352 Ἄονας.
607 4287 727 4344 Boeotia
743 4286 817 4344 anim
835 4286 1000 4344 nobilitatur
1017 4286 1106 4358 equis.
