2736 4778
183 370 248 440 258
565 367 844 439 Dmsmeulmo
867 370 938 440 vm

185 539 261 612 θιν,
293 550 351 601 nec
383 535 485 602 maim
508 535 677 603 discrimen
715 536 806 604 inter
837 531 978 626 θύρηφι,
1012 553 1074 619 quo
1096 533 1258 601 Homerus
1281 536 1317 598 et

184 637 342 706 Hesiodus
363 644 570 724 utunturpro
583 628 905 721 ἕκεὸςείνεέξὶιιθεν,
929 646 962 707 et
975 639 1134 722 posterius
1144 642 1315 720 receptum

185 739 360 828 denoted).
385 782 421 791 —
447 742 557 828 Aeque
579 741 672 809 facile
693 742 852 809 interdum
875 742 982 823 dativi,
1004 743 1060 825 qui
1082 743 1115 808 in
1130 742 1315 829 {plexeunt

185 851 218 911 et
239 846 294 929 qui
315 846 348 911 in
371 849 440 937 ρ-ιι,
463 847 547 912 inter
569 862 604 911 se
627 846 813 912 commutari
834 850 969 929 possunt
989 844 1077 910 velut
1098 844 1134 910 11.
1157 840 1313 909 xv1139

160 950 295 1037 ,δοῦρε
317 945 359 1015 τά
381 946 412 1016 οἱ
436 945 633 1039 παλάμηφιν
656 944 772 1037 ἆρὴρει
802 954 835 1015 et
857 947 915 1014 od.
938 946 1054 1014 veel
1087 947 1229 1015 πέλεκυν
1255 939 1315 1032 ὄρ·

183 1076 284 1137 pesce
307 1051 341 1118 ἐν
364 1048 567 1142 παλάμῃσιν,
600 1052 679 1120 item
710 1055 804 1177 λαοῖς
836 1045 984 1139 ἆγορῆφι
1010 1047 1208 1138 μετάτροπα
1232 1046 1315 1135 ἔργα

186 1156 316 1223 τελεῦσι
348 1153 424 1221 Hes,
451 1153 566 1238 Theog
590 1153 703 1221 eet
668 1158 703 1221 et
735 1149 790 1221 σἰεἰ
821 1176 881 1238 μοι
915 1146 1188 1239 ἕντιπλήσσεις’
1168 1155 1314 1241 αγορῇσι

184 1256 221 1323 ΙΙ.
243 1241 308 1322 XII
329 1256 390 1322 211
426 1258 536 1341 (schol
569 1257 656 1337 τινὲς
690 1253 762 1324 ἀντὶ
795 1259 855 1324 τοῦ
889 1256 1081 1344 ἀγορεύσεσι
1096 1257 1135 1340 *.)
1197 1253 1314 1338 Neque

90 1355 95 1367 '
167 1367 288 1426 *mmen
311 1358 386 1450 hinc
406 1360 574 1443 quisquam
597 1361 809 1426 coniecturum
832 1359 987 1442 capiat
958 1398 991 1447 ρι
1014 1380 1052 1431 ex
1074 1363 1103 1432 εἶ
1125 1376 1315 1426 conversum

184 1482 265 1545 esse,
289 1480 383 1546 quam
406 1462 447 1528 ad
469 1463 681 1545 opinationem
703 1462 900 1545 propendere
923 1463 1084 1544 videntur,
1112 1464 1166 1545 qui
1188 1466 1314 1548 ναῦφιν

185 1561 385 1651 ἀμυνόμενοι
418 1564 455 1631 ΙΙ.
477 1565 559 1631 XIII
582 1565 644 1632 700
675 1584 733 1648 pre
767 1549 864 1632 ναυσί
897 1567 1070 1649 accipiunt,
1102 1566 1159 1632 sed
1191 1565 1314 1631 rectius

184 1668 256 1735 EM.
280 1667 353 1734 598.
376 1669 413 1733 21
450 1667 535 1734 hunc
567 1667 672 1750 ipsum
704 1668 808 1734 locum
840 1667 976 1735 afferens
1011 1666 1126 1756 ὥσπερ
1155 1664 1314 1735 ἀπὸτοῦ

182 1768 392 1850 εαναόνιοδος
425 1770 549 1857 γίνεται
587 1767 812 1854 ιαναὺνιοδος,
848 1769 1024 1861 adsonat
1053 1767 1122 1839 dud
1152 1778 1210 1837 τοῦ
1236 1768 1313 1849 ναός

183 1875 286 1964 ναόφι
310 1874 364 1941 καὶ
393 1871 506 1961 κράσει
530 1880 633 1962 ναῦφι
647 1874 688 1957 ³),
722 1875 822 1941 etsie
844 1874 1029 1957 Apollonius
1061 1877 1094 1940 in
1116 1875 1190 1961 Lex.
1216 1874 1312 1959 παρὰ

183 1982 301 2067 ναῦφιν
325 1973 518 2062 ἐλεύσομεθ’
533 1979 669 2060 explieat
691 1981 755 2042 τῶν
776 1983 867 2058 νεῶν,
891 1978 1064 2061 eodemque
1081 1954 1312 2063 ιηοᾱονσιῦφιν

185 2076 477 2205 ἆφορριιρθεῖενΙΙ
500 2079 618 2146 [1794
651 2080 746 2145 schol.
768 2079 815 2146 br.
840 2076 910 2147 dud
932 2085 1026 2161 νεῶν,
1060 2086 1093 2146 et
1114 2078 1225 2146 XVIII
1248 2077 1310 2145 305

184 2183 278 2271 παρὰ
301 2189 423 2269 ναῦφιν
447 2178 561 2272 ἀνίστη
580 2179 756 2266 Ἀχιλλεύς

268 2284 436 2351 Undet
382 2290 436 2350 vet
437 2304 508 2351 eres
530 2285 727 2368 grammatici
750 2285 951 2367 syllabam
926 2322 961 2372 ιρι
981 2290 1089 2352 natam
1106 2285 1310 2364 crediderint

183 2406 295 2471 pamm
318 2389 516 2470 cognoscitur
549 2406 587 2452 ex
614 2389 723 2469 paucis
746 2387 822 2468 illis,
856 2406 938 2473 quae
970 2387 1042 2478 EM:
1076 2407 1115 2452 ex
1135 2387 1311 2454 Herodiani
1358 2475 1360 2478 Α

182 2493 416 2558 commentariis
439 2491 603 2570 delibavit3
631 2490 709 2557 haec
733 2492 816 2557 enim
837 2510 900 2556 non
921 2491 1007 2556 ultra
1028 2490 1107 2555 illud
1129 2509 1232 2572 genus
1255 2510 1308 2557 er·

183 2594 312 2673 cedunt,
341 2614 404 2676 quo
427 2595 523 2658 dativi
546 2593 706 2658 nominum
740 2595 853 2659 tertiae
877 2594 1093 2658 declinationis
1118 2595 1150 2658 in
1173 2597 1203 2671 εἶ
1226 2596 1310 2660 desi·

182 2699 323 2762 nentium
358 2698 565 2763 continentur.
633 2696 713 2760 Sunt
746 2715 819 2761 vero
853 2698 944 2763 haec:
978 2697 1016 2760 ιὸ
1050 2690 1220 2784 ὄχεσφιν
1254 2697 1310 2765 καὶ

182 2795 354 2886 ὄρεσφιν
378 2795 395 2865 ὁ
419 2799 479 2882 μὲν
491 2797 641 2882 Δίδυμος
665 2799 753 2885 λέγει
776 2802 940 2885 γεγονέναι
965 2794 1034 2865 dat
1059 2803 1115 2884 τῆς
1138 2792 1230 2881 ὄχεσι
1253 2801 1309 2867 καὶ

184 2897 278 2989 ὄρεσι
312 2906 445 2989 δοτικῆς
478 2898 546 2967 κατ’
572 2901 750 2968 ἒπένόεοιν
783 2907 842 2969 σοῦ
864 2906 899 2989 ᾧ·
936 2896 1015 2969 ὅδὲ
1040 2897 1185 2990 Τρύφων
1215 2902 1309 2970 ἐναν-

182 3010 322 3082 τιοῦται,
331 3005 448 3091 ἐπειδὴ
461 3009 588 3092 γενικῆς
600 3003 766 3092 σηριασίαν
780 3004 947 3086 ἐπέχουσι·
960 3005 997 3069 τὸ
1011 3005 1073 3093 γὰρ
1086 3000 1155 3069 κατ’
1170 2997 1310 3092 ὄρεσφιν

182 3106 252 3175 ἀντὶ
277 3113 335 3175 τοῦ
359 3108 393 3175 ἐκ
427 3113 486 3174 τοῦ
517 3101 617 3194 ὄρους
639 3108 693 3173 καὶ
717 3107 754 3172 τὸ
790 3103 876 3191 (ὑφ’)
911 3100 1048 3194 ὄχεσφιν
1071 3103 1144 3174 ἀντὶ
1177 3112 1238 3173 τοῦ
1273 3104 1309 3197 Iar

183 3214 242 3276 τοῦ
277 3208 431 3298 ὄρριοιος.
458 3248 492 3257 -
512 3207 641 3295 Ὥσπερ
669 3202 727 3276 οὖν
761 3207 830 3276 ἀπὸ
863 3213 923 3276 τοῦ
959 3207 1151 3296 &admoneor
1184 3209 1308 3294 γίνεται

128 3340 136 3353 =
181 3314 361 3399 θέσφατον,
385 3314 442 3378 τὸν
466 3309 565 3378 αὐτὸν
588 3309 716 3401 τρόπον
739 3311 808 3380 dod
827 3318 885 3400 τῆς
902 3306 999 3399 ὄρεος
1011 3314 1066 3381 καὶ
1080 3309 1174 3394 ὄχεος
1187 3316 1309 3396 γίνεται

181 3409 357 3546 ορὲσσφι
354 3415 409 3481 καὶ
443 3416 526 3481 κατὰ
562 3416 732 3503 σιιγκοπὴν
755 3420 861 3488 ιοῦρ
884 3417 938 3482 καὶ
962 3419 1161 3505 πλεονασμρι
1184 3421 1241 3500 τῆς
1265 3418 1309 3504 φῖ

250 3603 280 3659 2)
298 3604 349 3653 Pro
369 3598 465 3672 θίρηό
487 3602 519 3656 ἔα
546 3605 600 3658 Orl.
618 3606 681 3659 XIV
699 3603 751 3659 359
777 3607 838 3661 olim
861 3607 999 3674 legebatur
1017 3603 1118 3677 θύρηφ
1140 3605 1171 3659 lu
1198 3607 1335 3659 elisione-

184 3689 302 3742 insolitu.
337 3690 368 3739 In
395 3693 514 3757 margine
533 3690 626 3742 scholii
644 3695 769 3759 scriptum
788 3699 829 3745 esi
846 3687 983 3765 θύρηφιν,
1010 3694 1080 3760 quod
1098 3695 1142 3760 qui
1160 3696 1310 3760 supposuit,

181 3769 304 3845 θύρρθεν
316 3771 366 3826 ἔ”
351 3776 441 3842 αμφὶς
454 3775 565 3829 ἐκείνων
574 3778 672 3844 legisse
681 3780 819 3830 videturut
832 3776 936 3838 ισῖοςό
950 3777 980 3831 ἐν
990 3780 1102 3847 πολέμῳ
1112 3780 1163 3834 od.
1172 3780 1235 3832 xiv
1246 3779 1310 3834 Μ.

250 3858 464 3924 ussermannus
490 3863 518 3911 in
546 3861 603 3929 Iph.
622 3863 653 3916 Δ.
674 3862 722 3917 185
750 3863 863 3936 παρῇδιι
891 3865 1010 3917 scribens
1036 3867 1255 3922 consuetudinem
1274 3883 1305 3919 se

180 3955 317 4015 sequutum
344 3963 402 3999 esse
429 3947 573 4013 profitetur,
599 3948 662 4001 licet
687 3952 754 4001 ratio
774 3946 885 4022 παρῄδα
903 3951 1026 4019 postulet.
1078 3952 1176 4004 Verum
1201 3952 1310 4018 syllaba

179 4035 260 4103 longa
286 4035 444 4086 antecedens
472 4035 546 4085 brevi
574 4042 681 4088 acutum
706 4038 818 4102 respuit;
849 4036 962 4107 σαρῇδα
987 4038 1068 4089 scribi
1091 4055 1202 4091 necesse
1220 4046 1312 4092 estut

181 4121 316 4193 Νηρῇδος
354 4117 470 4178 ἕσιιῦισς
487 4126 513 4172 et
530 4122 650 4175 similiter
668 4116 755 4190 ναόφι
773 4121 861 4192 ναῦφι
882 4121 927 4189 [1⁷.
944 4140 1026 4191 supro
1038 4142 1068 4190 p.
1087 4123 1117 4177 71
1138 4121 1186 4191 ιφ]

247 4207 330 4271 Ἢν
347 4223 429 4258 conca
443 4224 506 4274 paq.
524 4207 625 4260 adnot..·
651 4227 704 4278 „ms
730 4224 760 4259 eo
779 4209 871 4261 eviluit
894 4208 988 4276 (cupro
1005 4209 1104 4275 script:
1128 4209 1314 4278 piscantia),

178 4301 207 4344 ut
225 4296 405 4359 seiungeretur
424 4310 441 4345 a
459 4311 507 4346 sua
526 4312 593 4349 voce
611 4289 656 4360 ἅμ’
678 4292 723 4361 ἠοῖ
739 4297 943 4364 φαινομένηφι,
962 4313 1014 4365 ιφι
1031 4300 1153 4365 ρίηφι-
1139 4297 1311 4387 λιρυαφι·

165 4375 261 4452 ysrp'f
263 4378 402 4451 ‘.[Pat}col
425 4378 533 4450 1358]
