2736 4778
143 314 217 386 tlt
263 348 268 355 ·
507 308 825 378 DISSERTATIO
858 308 887 375 Ι.
974 302 979 307 ’

142 495 185 561 de
200 494 261 562 hac
278 493 497 560 attenuatione
512 494 709 580 syllabarum
724 495 870 562 finalium
886 494 978 561 alias.
1012 495 1080 561 Pro
1095 495 1256 568 inusitato

141 595 251 675 ἔννυός
267 619 367 662 nurus
384 595 469 661 Poll.
482 595 547 661 111.
560 597 612 663 32.
644 595 814 664 Bekkerus
837 596 968 684 scripsit
988 595 1080 679 ναός,
1099 601 1192 686 quod
1212 601 1256 667 ab

138 697 195 764 illo
218 699 426 785 praeteritum
448 718 521 763 esse
545 697 679 764 minime
707 699 861 765 credibile
885 710 945 765 est
983 695 1196 790 Ἔξανρᾶπης
1223 713 1257 769 et

138 796 413 886 ἐκσατραπεύειν,
442 821 526 884 quae
551 800 586 865 in
606 799 724 865 Inecrr.
747 810 780 865 et
803 799 895 866 libris
916 800 1085 888 leguntur,
1113 824 1257 869 excusa·

136 899 258 967 tionem
286 899 526 988 peregrinitatis
553 898 685 966 hahent.
727 901 939 988 Adjectivum
959 901 1110 988 ἒξέτερας
1131 904 1194 969 etsi
1220 905 1256 969 in

137 1002 267 1068 duobus
292 1002 356 1068 illis
377 1002 536 1068 Nicandri
560 1001 642 1068 locis
670 1000 752 1068 nihil
776 1002 866 1070 aliud
892 1015 988 1069 sonat
1008 1024 1107 1089 quam
1129 1003 1256 1091 ἕτερος,

135 1115 246 1170 tamen
268 1103 406 1190 intelligi
432 1112 542 1190 potest
567 1102 691 1168 nomini
713 1103 907 1190 disjunctive
931 1102 1045 1189 ἔτερος
1066 1127 1128 1192 per
1148 1128 1254 1193 qnan-

137 1206 214 1301 dam
231 1204 447 1291 sympathiam
463 1204 606 1269 additam
624 1226 696 1271 esse
711 1204 991 1293 praepositionem
1005 1227 1071 1291 qua
1086 1209 1254 1295 separatio

137 1305 338 1392 significatur
352 1306 416 1390 θ’).
459 1305 707 1391 Adjectivorum
736 1301 951 1391 ἇρπεόόεσσα
977 1317 1009 1371 et
1033 1303 1255 1391 ἒρπιδόεσσα,

137 1429 224 1494 quae
244 1405 433 1492 Hesychius
459 1406 575 1472 eodem
601 1406 701 1472 modo
732 1406 876 1493 explicat
903 1402 1064 1484 ἶσόντιδος
1089 1404 1256 1487 ἐπίπεδος

136 1505 263 1595 ὁμαλή,
290 1518 417 1595 partem
437 1506 571 1572 alteram
593 1529 666 1574 esse
690 1504 828 1588 πεόόεις
852 1508 954 1573 ferme
975 1528 1089 1573 omnes
1112 1529 1253 1574 consen·

135 1609 221 1674 tiunt
241 1609 301 1674 sed
324 1608 526 1694 disceptatur
546 1608 587 1673 de
609 1609 727 1691 alterat
749 1602 962 1693 ἆρπεδόεσσα
984 1604 1005 1698 ἡ
1029 1601 1112 1694 ἄγαν
1133 1605 1252 1698 πιθανή

138 1710 223 1779 κατὰ
245 1709 414 1798 συγκαπὴν
440 1707 537 1793 παρὰ
560 1706 599 1774 τὸ
628 1703 900 1794 ἄρν’-πέπονθε
922 1708 961 1775 δὲ
981 1705 1110 1792 ὁμοίως
1133 1707 1172 1776 ad
1200 1706 1255 1794 ἔρ-

135 1820 239 1899 ducac
256 1806 417 1888 αἰολινῶς
436 1805 457 1896 ἡ
475 1806 603 1896 μεγάλη
623 1806 800 1894 cvptgss).
837 1807 955 1887 Οὕτως
970 1805 1180 1894 Ἡρωδιανὸς
1198 1808 1255 1876 ναὶ

136 1911 297 1991 Δίδυμος.
344 1909 392 1976 Τὸ
422 1906 459 1974 δὲ
487 1903 721 1994 ἇρπεδές-ὁ
743 1909 934 1994 Νίκανδρος
962 1903 1037 1977 circi
1064 1905 1255 1988 ἔπιτᾶσιως

135 2009 240 2101 μόνης
262 2012 357 2078 δοκεῖ
376 2008 437 2098 τὴν
457 2008 546 2088 λέξιν
567 2009 624 2096 (cri
645 2004 720 2097 ἄρν’)
743 2006 1021 2095 παραλαμβάνειν
1040 2009 1121 2076 ΕΜ.
1135 2009 1208 2087 148,
1222 2009 1252 2074 8.

134 2113 291 2182 Deterius
316 2110 433 2177 suadet
458 2109 570 2177 Schol.
594 2109 668 2176 Nic.
695 2111 795 2177 Ther.
816 2109 891 2174 420.
923 2106 1009 2198 κάρη
1038 2105 1185 2197 ἂρπιδές
1211 2108 1252 2177 sd

137 2214 309 2282 ἔπίπλατυ
331 2212 388 2276 καὶ
410 2207 548 2294 ὁμαλόν,
571 2210 668 2295 παρὰ
688 2209 747 2299 τὴν
767 2208 848 2296 ἔραν
868 2207 970 2277 οἱονεὶ
991 2208 1165 2294 leocadie,
1185 2233 1251 2296 quo

136 2314 238 2378 altera
256 2311 416 2398 scriptura
434 2308 637 2395 ἐρπεόέςίθ)
655 2311 857 2397 explanatur.
892 2310 971 2378 'Sed
995 2310 1181 2396 expeditius
1203 2320 1253 2377 est

137 2409 300 2502 dprrada'g‚
336 2412 403 2477 sive
436 2409 560 2495 syllaba
590 2411 752 2476 redundat
781 2422 818 2478 ut
848 2412 970 2496 myrice
1002 2411 1102 2477 hodie
1135 2412 1253 2479 dicitur

138 2509 305 2603 ἇρμαρίκη
330 2535 360 2577 v.
383 2510 551 2596 Sibthorp.
573 2511 746 2578 Prodrom.
767 2514 857 2580 Flor.
880 2513 939 2580 Gr.
967 2513 1008 2578 Τ.
1031 2513 1059 2579 Ι.
1081 2513 1155 2580 208.
1184 2515 1252 2581 sive

138 2613 364 2690 consonarh0‚
381 2633 447 2697 quo
459 2611 597 2677 tendunt
606 2613 765 2700 Hesychii
777 2613 908 2700 glossae
924 2610 1113 2695 Ἀπεδίζειν
1131 2609 1249 2697 ditali-

138 2716 218 2797 ζειν,
239 2711 440 2798 {spatulam
460 2710 640 2796 ὁμαλίσαι,
665 2724 698 2778 et
718 2715 911 2800 adjectivum
931 2707 1058 2780 dardos
1078 2714 1101 2780 i.
1125 2737 1157 2800 q.
1179 2711 1251 2783 ἶσό-

137 2816 241 2882 raedas
260 2813 312 2878 vel
330 2808 476 2879 πιόανόν
492 2815 636 2896 planum.
669 2806 834 2897 ’Όλοσχας
850 2813 1071 2883 Schneidcrus
1091 2838 1112 2880 a
1127 2816 1251 2882 Nican-

138 2916 197 2982 dro
215 2937 277 3004 pro
296 2909 396 2998 ὅσχος
416 2913 559 3001 positum
578 2924 672 3002 putat
694 2915 806 2980 addita
823 2914 947 3002 syllaba
963 2926 999 2980 ut
1016 2908 1133 2996 ὄνθος,
1155 2909 1252 2984 ὅλον-

136 3023 203 3096 θος
224 3009 377 3094 ὅλανθος.
422 3012 507 3082 Cum
525 3010 608 3103 ὅσχη
628 3015 742 3102 procul
761 3014 861 3081 dubio
878 3014 1054 3081 cohaerent
1074 3012 1250 3104 αὔρααχάς,

136 3114 291 3205 deceptio,
316 3112 449 3205 ἇρέσχη.
494 3115 657 3205 ’Υσπληγξ
677 3115 733 3183 καὶ
753 3111 900 3204 ὖστριχίς
921 3116 1045 3204 κυρίως
1066 3112 1192 3201 μάστιξ
1211 3111 1251 3204 ἢν

136 3219 172 3288 ἐκ
192 3217 346 3306 χοιρείων
372 3224 493 3302 τριχῶν
514 3215 743 3304 πεπλεγμένη,
772 3219 1042 3306 καταχρηστικῶς
1065 3215 1104 3282 dt
1128 3216 1187 3284 uui
1211 3215 1250 3282 ad

134 3319 333 3405 βούκιντριιν
355 3317 466 3386 Schol.
488 3318 572 3403 Lyc.
594 3318 647 3383 21.
668 3319 762 3385 Eust.
785 3318 828 3384 ad
849 3317 951 3384 Dion.
973 3315 1066 3381 1190.
1101 3314 1250 3383 Scuticas

134 3418 328 3508 ὖστριχίδας
353 3429 485 3486 vocatas
513 3441 586 3485 esse
613 3419 690 3505 quia
716 3441 735 3486 e
759 3420 837 3487 setis
860 3428 1083 3494 necterentur,
1112 3416 1250 3483 concedi

136 3533 246 3608 potest
266 3520 530 3610 postulantibus3
553 3520 612 3587 sed
632 3519 714 3588 haec
734 3522 858 3589 notatio
879 3522 1011 3588 minime
1033 3518 1186 3587 convenit
1206 3518 1251 3584 ad

205 3743 252 3810 00)
265 3745 453 3814 Μενεξέιεροι,
466 3741 545 3812 quod
557 3745 684 3795 veterum
695 3737 878 3811 Hippocratis
895 3747 1087 3796 enarraturum
1101 3736 1149 3793 alii
1162 3737 1250 3810 ἔιιροι

136 3825 368 3900 interpretantur,
391 3826 440 3881 alii
458 3828 527 3882 ἔνιαι
549 3825 608 3880 sire
627 3829 712 3893 τινές,
736 3823 877 3879 interdum
894 3833 1025 3882 nentrum
1042 3823 1183 3896 significat
1200 3824 1251 3879 sed

135 3913 345 4069 ‘thwetum
360 3994 404 4050 his
422 3994 570 4066 interjecta
587 4002 653 4050 sunt
668 3995 757 4049 verba
772 3995 898 4048 πέπονθε
915 3993 946 4048 dl
964 3996 1012 4049 tro
1028 3991 1067 4066 μὴ
1084 3998 1250 4065 appuimus

136 4079 242 4154 ἡέγαν
258 4079 361 4156 ὁμαλή,
380 4098 477 4137 eorum
493 4082 550 4135 duo
562 4080 652 4153 prima
664 4077 810 4151 ejicienda,
827 4096 880 4150 pro
897 4080 945 4133 lac
960 4077 1000 4151 μή
1013 4079 1194 4141 scribendum
1205 4083 1252 4133 est

135 4166 183 4221 ἵνα
199 4165 233 4233 δή
248 4169 294 4223 vel
310 4172 357 4223 tra
374 4167 474 4223 solum.

204 4251 250 4319 00)
260 4247 405 4327 Ἒρθυρις,
423 4254 501 4324 quod
517 4249 584 4306 hnic
601 4246 760 4322 apponitur,
778 4248 876 4306 differo
894 4250 932 4304 sd
947 4248 1064 4305 Dissert.
1078 4251 1115 4304 de
1128 4249 1215 4321 Sync.
