2736 4778
185 314 234 384 30
340 407 342 410 v
547 306 865 374 urssaurnrro
899 307 927 370 1.

187 493 263 557 inde
287 501 323 555 ut
342 483 497 577 ἷίρχαμος,
521 491 611 576 quod
627 492 736 579 Epim.
761 492 788 556 1.
813 492 862 556 13.
884 489 990 554 minus
1012 488 1130 554 idonee
1152 488 1199 552 illi
1218 511 1297 554 con-

186 595 257 660 fert.
302 594 425 660 Verum
447 591 499 658 hic
524 593 631 679 agitur
651 595 691 657 de
715 594 915 680 pleonasmo‚
938 593 1029 676 cujus
1054 591 1203 678 exempla
1223 592 1297 679 plu-

186 697 267 762 rima
282 694 488 783 proferuntur
504 718 544 760 ex
561 694 711 760 omnibus
723 696 789 759 lere
810 693 955 780 partibus
977 692 1146 758 orationis:
1169 693 1300 779 Βριμός

187 793 320 885 ἰσχυρός
340 797 422 861 Hes.
453 793 572 879 Βριμώ
603 795 658 862 καὶ
676 790 825 880 Ὀβριμώ
853 789 872 884 ἦ
896 795 1095 881 Περσεφόνη
1119 794 1232 859 Tzetz.
1256 796 1299 859 ad

184 900 267 966 Heu.
307 899 399 985 Opp.
433 896 504 962 144.
560 895 736 983 Βριάρεως
769 896 823 962 καὶ
852 891 1059 980 Ὀβριάρεως
1092 891 1137 973 ὡς
1165 888 1299 975 Ὀϊλεύς

186 995 268 1069 καθ’
304 995 513 1086 Ἡρωδιακόκ
541 999 635 1064 Eust.
669 997 748 1075 650,
783 996 836 1061 46.
876 997 1033 1081 additque
1067 997 1163 1061 etiam
1194 996 1298 1063 κὲλλιο

186 1099 324 1180 ὄκέλλω,
348 1095 456 1182 κλάζω
478 1091 619 1179 ὄκλάζω.
652 1100 782 1164 Horum
796 1098 936 1185 primum
953 1122 1020 1164 non
1037 1098 1155 1185 legitur
1171 1108 1301 1186 praeter

186 1202 379 1269 infinitivum
395 1200 521 1268 κέλλεικ
531 1201 613 1264 Hes.
635 1210 823 1287 ettempora
833 1200 986 1265 ulteriora
999 1201 1103 1268 κέλσω
1123 1210 1156 1264 et
1170 1199 1298 1278 ἕκελσα,

187 1305 246 1369 sed
275 1302 438 1389 antiquius
465 1312 572 1367 tamen
609 1324 680 1367 esse
710 1302 873 1387 colligitur
908 1326 948 1367 ex
976 1300 1161 1368 nominibus
1194 1303 1299 1388 κέλης,

187 1407 364 1485 κέλευθος,
402 1404 553 1483 δίκελλα,
586 1402 704 1488 quibus
737 1404 877 1470 Vossius
911 1404 1136 1470 accommodat
1162 1402 1300 1468 latinum

186 1509 281 1584 celer,
313 1510 414 1574 cillere
437 1516 497 1569 etc.
540 1504 691 1570 Alterum
710 1503 819 1587 κλάζω
840 1505 894 1570 ille
915 1506 1008 1570 finxit
1029 1516 1164 1593 propter
1184 1505 1298 1569 adver-

185 1606 277 1674 bium
304 1603 409 1688 ὀκλάξ
432 1605 631 1691 verbumque
660 1602 805 1689 ὀκλάζω,
835 1607 925 1692 quod
952 1607 1221 1673 Hemsterhusius
1258 1606 1299 1671 ad

186 1709 269 1775 Hes.
296 1733 321 1774 s.
346 1705 514 1776 Οἱκίδδεικ
543 1719 575 1773 et
600 1707 815 1774 Ruhnkenius
836 1710 944 1795 Epist
966 1709 1021 1775 Cr.
1045 1709 1118 1775 244.
1147 1732 1166 1774 a
1187 1707 1298 1773 neseio

110 1845 120 1853 e
188 1835 253 1896 quo
277 1805 345 1879 dau
368 1819 543 1887 arcessunt,
572 1810 678 1876 Orion
700 1832 776 1874 vero
799 1820 831 1874 et
849 1810 902 1875 alii
922 1811 1123 1897 probabilius
1147 1805 1217 1878 ἀπὸ
1240 1815 1301 1876 τοῦ

188 1915 270 2001 ulcis
297 1911 352 1979 καὶ
382 1911 545 1992 κάμπτειν
575 1911 616 1977 τὰ
645 1909 768 1996 γόνατα
795 1910 828 1978 ἐκ
849 1918 898 2000 τῷ
919 1914 1137 1996 καθέζεσθαι.
1177 1907 1303 1990 Ὀκλοὶξ

187 2027 296 2079 autem
321 2037 389 2079 non
415 2013 538 2091 futuro,
573 2024 610 2078 ut
639 2014 743 2098 ajunt,
775 2012 889 2079 'dorico
924 2006 1056 2093 ὀκλάξω
1090 2012 1301 2078 assimilatum

188 2127 238 2181 est
264 2116 323 2180 sed
351 2114 528 2194 adverbiis,
561 2138 644 2201 quae
665 2115 874 2182 Theodosius
896 2114 1039 2182 Gramm.
1065 2115 1116 2179 78.
1139 2109 1301 2200 ὀργανικά

186 2227 282 2283 vocat
303 2216 395 2302 γκὺξ,
418 2216 499 2297 πύξ,
522 2216 598 2297 λάξ,
622 2213 768 2297 ὀδάξ-
789 2216 967 2303 Δὺρεσθαι
993 2213 1064 2284 ἆκτὶ
1093 2221 1152 2283 τοῦ
1181 2211 1301 2298 ὀδύρε-

189 2325 292 2386 σθαι·
319 2316 424 2394 οὕτως
444 2313 650 2405 Ἡρωδιακός
677 2319 795 2383 Zonar.
817 2317 889 2382 585.
919 2314 1112 2403 aphaeresin
1137 2321 1196 2382 τοῦ
1219 2304 1300 2385 osi-

188 2419 347 2508 gnilioans
363 2441 460 2505 quam
483 2419 671 2484 nominatim
698 2420 848 2505 designat
871 2419 950 2483 EM.
974 2418 1045 2495 192,
1064 2419 1117 2484 43.
1134 2429 1166 2483 et
1182 2419 1300 2484 confir-

187 2533 278 2588 mant
301 2523 325 2587 ii
347 2521 402 2607 qui
426 2515 611 2607 ὀδύρεσθαι
639 2533 671 2587 et
691 2515 791 2607 ὀδύνη
820 2521 981 2584 adunam
1004 2521 1138 2607 stirpem
1160 2517 1226 2588 ἔδω
1247 2543 1299 2585 re-

118 2637 129 2648 ⁸
189 2624 306 2691 lerunt.
351 2622 490 2690 Gravius
507 2646 582 2688 vero
600 2635 649 2689 est
665 2621 754 2709 quod
770 2620 935 2707 trisyllaba
958 2622 1019 2688 soli
1035 2633 1168 2688 utuntur
1182 2632 1300 2709 poetae

189 2725 321 2812 tragici,
353 2724 453 2790 altero
485 2726 668 2812 promiscue
699 2747 820 2790 omnes.
864 2724 1015 2789 Firmiter
1036 2725 1125 2790 velut
1146 2748 1165 2790 a
1186 2735 1302 2789 natura

189 2826 321 2892 insitum
344 2815 507 2894 omicron
530 2825 641 2892 haeret
664 2828 699 2892 in
722 2825 850 2892 duobus
874 2827 1021 2911 ejusdem
1041 2826 1108 2892 lere
1129 2827 1300 2914 potestatis

188 2928 295 2994 verbis
325 2923 473 3012 ὄλολύζω
504 2940 536 2994 et
564 2925 785 3016 ὀλοφύρομαι.
831 2928 900 2996 Sed
921 2929 1070 3012 adjectivi
1091 2928 1143 2993 his
1169 2929 1301 3015 cognati

188 3024 386 3120 ὄλοφυδκός,
417 3031 506 3116 quod
535 3030 645 3098 Schol.
674 3031 713 3096 Il.
743 3031 881 3098 XXIII.
916 3031 987 3094 102.
1017 3030 1199 3097 inconsulte
1227 3052 1302 3095 oum

74 3185 80 3198 .
189 3128 326 3200 ὄλόπτω
357 3133 482 3199 confert
493 3133 523 3219 ⁴)
548 3133 612 3198 alia
635 3133 675 3199 ab
700 3131 869 3219 Hesychia
893 3131 1025 3196 affertur
1046 3133 1206 3219 scriptura
1225 3135 1302 3198 Ao-

190 3234 314 3320 φυδκός
348 3229 368 3319 ἢ
404 3230 602 3322 ὀλοφυδκός,
636 3235 735 3302 dubia
769 3245 891 3314 tamen,
925 3233 1002 3319 quia
1033 3231 1096 3300 hoo
1120 3231 1219 3297 modo
1247 3230 1302 3296 ille

190 3334 319 3420 glossas
342 3332 405 3397 sibi
427 3346 595 3421 suspectas
616 3335 823 3404 introducere
846 3337 943 3401 solet:
972 3327 1205 3422 Λιμρπελέςῆ
1230 3328 1301 3398 ὀλι-

189 3434 341 3521 μηπελές,
363 3435 508 3516 Λίζοκες
529 3434 549 3524 ἢ
572 3432 734 3520 ὀλίζοκες,
765 3438 927 3526 Λέκρακα
949 3432 970 3527 ἢ
994 3431 1180 3522 ὥλέκρακα,
1209 3432 1300 3517 quod

192 3556 291 3620 saepe
310 3529 475 3619 ὅλέκρακα
504 3538 662 3605 scribitur.
706 3539 799 3606 Haec
824 3563 920 3605 nemo
955 3535 1141 3625 aphaeresis
1170 3533 1302 3600 nomine

191 3636 341 3702 tuebitur.
385 3637 507 3703 Verum
537 3640 578 3706 de
605 3642 676 3707 aliis
706 3643 817 3727 quaeri
845 3651 955 3727 potest
980 3640 1023 3703 ad
1051 3649 1155 3702 utram
1176 3647 1303 3723 partem

190 3735 405 3804 adscribenda
433 3741 498 3805 sint
524 3752 560 3807 ut
587 3745 678 3830 quod
704 3745 792 3809 idem
821 3742 955 3830 praebet
984 3737 1139 3812 Ξυόεσσα
1168 3731 1204 3806 εὖ
1234 3737 1301 3817 ἐξε-

192 3843 294 3926 σμέκη
318 3851 351 3905 et
372 3843 518 3908 testatius
541 3839 680 3924 ὀξυόεις,
702 3848 794 3930 cujus
811 3845 872 3908 tria
888 3853 1117 3931 proponuntur
1140 3851 1246 3926 etyma
1267 3838 1301 3904 in

189 3943 273 4009 Lex.
297 3943 337 4008 de
357 3942 444 4028 Spir.
466 3946 540 4010 233.
570 3941 638 4012 ἀπὸ
668 3950 729 4012 τοῦ
755 3941 836 4033 ὀξύς
857 3942 878 4032 ἢ
902 3941 970 4013 ἀπὸ
993 3949 1053 4033 τῆς
1074 3938 1190 4028 ὄξύρς·
1217 3941 1303 4017 τινὲς

191 4261 220 4326 Η
243 4180 387 4319 D⁴lQ1120
412 4176 529 4252 apponil
555 4175 667 4251 ὄλοψας
684 4175 712 4235 δ’
733 4174 813 4252 λϊρφκ
834 4181 940 4255 (βίῃφι)
961 4181 1049 4236 verba
1061 4186 1125 4235 suat
1139 4171 1302 4231 Callimachi

222 4304 228 4318 .
270 4260 324 4319 ian,
342 4266 384 4319 76.
