2736 4778
127 361 192 431 298
362 360 365 365 ’
471 406 474 412 ·
504 362 782 432 DISSERTATIO
804 364 892 432 vm

540 672 548 677 ·
586 645 713 728 caput
733 646 770 714 V.

109 799 111 803 ·
183 768 239 843 De
264 792 428 873 apocope
454 770 743 843 terminationem
768 768 971 844 casualium
997 766 1198 868 eylloMeo.

216 935 286 1021 §A
329 936 434 1001 Antea
455 934 574 1002 dictum
595 942 648 1002 est
668 936 709 1003 de
734 937 934 1019 ortboptotis.
989 935 1258 1018 Obliquorum
1304 984 1308 994 .

128 1055 285 1104 casuum
317 1037 464 1120 primus
496 1057 573 1104 num
594 1038 748 1122 syllabam
769 1039 904 1107 cliticon
931 1040 1106 1107 destituere
1138 1038 1256 1121 possit,

128 1141 162 1206 in
183 1139 442 1207 deliberationem
465 1142 560 1206 venit
604 1141 804 1208 Herodianus
826 1141 910 1208 Mon.
935 1141 984 1207 10.
1008 1141 1047 1231 17
1070 1136 1180 1216 occe,
1203 1140 1254 1206 iu·

127 1243 211 1326 quii,
240 1239 494 1327 περισπώμενον
516 1238 750 1311 &coniuratus
772 1245 853 1310 κατὰ
876 1243 1003 1331 γενικὴν
1024 1245 1166 1309 πτῶσιν·
1198 1240 1255 1325 (τὸ

128 1344 166 1413 δὲ
187 1344 361 1427 Ποσειδῶ)
383 1343 526 1436 ἐξεκόπη
560 1342 639 1434 παρ’
660 1341 824 1435 Ἀριστίᾳ,
859 1344 945 1411 ἔνθα
979 1343 1081 1432 φησὶν
1098 1339 1256 1424 ’Λνεοῒσς

128 1442 298 1530 ,,Λῖγαεόο
318 1450 476 1515 Ποσειδῶ
499 1453 590 1528 παῖς,
614 1448 726 1536 πατὴρ
748 1444 777 1516 d'
799 1444 904 1532 e'spuie‘⁶
925 1446 1066 1531 (Trisbel
1087 1444 1254 1532 Satymgr.

127 1568 158 1632 p.
180 1548 246 1634 67).
289 1550 350 1616 flio
372 1551 408 1616 εἰ·
421 1552 647 1617 nominativum
668 1550 765 1617 verbo
788 1548 873 1638 φησί
905 1549 1126 1631 postpositum,
1152 1568 1254 1633 quem

127 1651 279 1718 Lehrsius
291 1652 417 1733 delevit,
428 1652 610 1735 retinemus,
624 1652 783 1719 sententia
793 1651 853 1718 hoe
864 1652 914 1717 vel
926 1651 1022 1717 simili
1032 1651 1125 1718 modo
1136 1668 1253 1719 recon-

128 1755 249 1821 cinnari
269 1759 388 1836 potest:
411 1752 497 1821 ἔνθα
519 1754 619 1843 φησὶν
638 1750 803 1833 ’Λννοῖοςι
831 1746 938 1834 ,Ἔνθ’
962 1751 1070 1820 ἔναιεν
1090 1749 1256 1840 Αἰγαίων

127 1849 355 1942 ποτὲΙΙῖίναξ,
389 1858 547 1923 Ποσειδῶ
570 1862 664 1935 παῖς,
689 1855 800 1943 πατὴρ
828 1852 858 1922 d’
881 1852 1009 1938 ἐμός·
1025 1858 1064 1937 “,
1096 1874 1160 1939 quo
1193 1856 1254 1924 ud·

128 1959 225 2025 misso
246 1959 397 2037 Antaeus,
431 1959 486 2040 qui
507 1958 602 2040 uulgo
621 1957 763 2040 Neptuni
784 1956 870 2023 filius
891 1958 1020 2038 dieitur,
1052 1956 1105 2023 hic
1127 1975 1164 2023 sc
1184 1956 1253 2025 Ae·

127 2078 247 2147 gecone
258 2066 369 2126 natum
379 2059 534 2142 perhibet,
555 2059 696 2141 Neptuni
716 2056 796 2138 tli03
818 2060 967 2142 Aegaeon
980 2058 1184 2126 antamidem
1200 2067 1255 2127 est

40 2171 43 2175 ’
127 2162 277 2229 Briareus
298 2161 439 2245 Neptuni
460 2159 553 2243 filius,
585 2167 623 2227 ut
643 2161 720 2227 dicit
741 2160 836 2227 schol
858 2160 895 2227 11.
916 2161 934 2226 I
954 2160 1018 2226 404
1040 2165 1074 2226 et
1095 2158 1160 2226 405
1192 2178 1253 2228 no·

126 2283 199 2330 men
220 2265 344 2331 diverse
366 2263 543 2331 inflectens:
566 2258 692 2346 Αἰγεὺς
712 2260 842 2341 ἐνάλιος
863 2261 992 2345 δαίμων
1010 2300 1046 2311 -
1071 2265 1253 2332 Ποσειδῶ-

126 2390 184 2444 νος
204 2363 286 2445 υἱός.
312 2402 348 2415 -
385 2365 465 2432 cnm
497 2364 634 2448 genitivo
665 2364 720 2431 illo
746 2364 908 2431 Nauckius
939 2365 973 2431 in
993 2363 1077 2431 Mus.
1097 2364 1202 2433 Rben.
1226 2364 1252 2431 Τ

126 2467 172 2534 VI
193 2467 256 2536 189
290 2467 411 2536 confert
442 2468 588 2533 similiter
616 2473 783 2535 exeuntem
815 2471 872 2533 τοῦ
905 2469 1042 2553 Τυφώς
1074 2464 1133 2532 sed
1165 2466 1253 2534 hunc

127 2569 362 2638 Choeroboseus
387 2569 461 2636 (lan.
485 2568 545 2638 291
571 2572 675 2652 aptius
707 2589 728 2636 a
759 2575 846 2636 recto
872 2572 995 2654 Τυφώς
1016 2564 1171 2658 (Τυφώς)
1195 2589 1251 2638 ra·

126 2675 214 2754 petit,
237 2673 320 2754 quod
343 2673 541 2739 declinationi
555 2673 680 2738 Atticae
692 2672 843 2738 adscribit
862 2676 899 2736 ut
921 2665 939 2736 ὅ
964 2669 1060 2751 ταώς,
1084 2678 1145 2738 τοῦ
1166 2675 1250 2749 ναῶ,

126 2771 144 2840 ὁ
170 2772 294 2860 ὀρφώς,
319 2778 377 2840 τοῦ
400 2769 507 2861 dopo,
532 2774 572 2838 ab
593 2775 653 2839 hac
675 2779 781 2840 autem
802 2775 881 2840 illud
897 2772 1036 2856 Neptuni
1057 2791 1171 2839 nomen
1195 2791 1250 2841 ex·

124 2876 269 2942 cluditur.
294 2914 330 2924 -
355 2875 482 2942 InNic.
505 2875 682 2942 Thersit
706 2877 899 2943 πολοσνθέο
927 2872 1083 2963 γλὴχιον
1114 2875 1252 2942 vitiosus

125 2979 258 3062 epitheti
280 2985 436 3060 accentus,
459 2998 553 3062 quem
575 2979 681 3045 notavi
702 2979 735 3044 in
757 2978 852 3045 Proll
874 2977 915 3042 43
939 2978 1011 3043 adn.
1033 2976 1090 3056 50,
1112 2977 1250 3045 scholio-

125 3083 278 3165 graphum
300 3082 437 3162 induxit,
471 3087 506 3147 ut
528 3079 655 3168 γλήχων
675 3101 733 3164 pro
755 3078 920 3166 γλήχωιος
953 3081 1071 3146 dimum
1103 3084 1250 3160 patarea

124 3190 209 3250 reete
231 3184 449 3266 vero=aeespit
470 3184 651 3250 Eutecnius.
676 3221 712 3233 ·-
748 3183 975 3266 Aristophanes
997 3178 1015 3248 ὁ
1040 3178 1180 3269 λεξίθηρ
1200 3182 1250 3247 in·

125 3292 175 3352 ter
196 3287 275 3352 alias
296 3289 383 3353 lcxcs
417 3293 450 3352 et
471 3288 619 3352 raritates
652 3286 762 3351 retulit
793 3286 965 3368 genitivum
997 3286 1056 3350 τοῦ
1090 3278 1195 3366 γάλα
1231 3302 1251 3349 a

125 3389 257 3456 Platone
280 3390 397 3455 comico
418 3394 622 3470 usurpatum,
657 3389 715 3455 scd
735 3405 893 3470 apocopae
915 3386 1105 3452 mentionem
1126 3385 1250 3453 nullam

125 3492 232 3571 iniieit,
255 3512 282 3557 v.
304 3492 423 3558 Nauck.
446 3491 605 3573 Aristopb
633 3510 663 3572 p.
686 3488 758 3556 210.
813 3488 860 3555 Ac
893 3490 965 3554 mea
996 3487 1155 3552 sententia
1187 3494 1250 3567 est,

126 3612 197 3660 eum
220 3612 281 3659 non
305 3593 457 3677 syllabam
480 3593 706 3672 intervertisse,
740 3592 797 3658 sed
821 3591 926 3657 studio
948 3588 1115 3681 archaismi
1137 3588 1170 3654 in
1192 3608 1251 3657 ore

124 3697 210 3778 vulgi
243 3702 276 3761 et
308 3697 340 3761 in
374 3697 540 3780 gynaeceis
573 3696 716 3761 durantis
750 3712 826 3760 voce
857 3693 914 3758 illa
945 3710 1003 3774 pro
1035 3691 1251 3759 indeclinabili

127 3817 220 3864 usum
243 3817 294 3863 ess
304 3817 330 3864 e.

208 3902 252 3966 Et
274 3902 348 3966 huic
369 3901 506 3982 genitivo
528 3900 703 3966 addiderim
726 3898 918 3976 dativum,
940 3914 1034 3977 quern
1050 3896 1128 3961 mibi
1151 3915 1251 3978 agno·

124 4022 211 4069 secre
234 4004 341 4068 videor
363 4002 549 4067 inErotiani
570 4002 676 4083 glossa
699 3996 807 4064 Γάλα
831 3998 885 4064 καὶ
909 3997 1009 4064 λίπα
1031 3998 1156 4084 rippas
1175 3993 1252 4067 ἀπὶ

124 4109 180 4171 τοῦ
204 4107 354 4186 λιπαρῶς
377 4103 555 4191 ἐμβρέχειν.
600 4103 659 4167 His
683 4102 765 4166 enim
788 4101 871 4182 quod
893 4100 1075 4166 adiunctum
1098 4104 1149 4165 est
1176 4119 1250 4168 ver·

123 4206 201 4271 bum
223 4208 275 4271 vix
297 4206 426 4271 dubium
447 4205 604 4285 relinquit,
628 4205 702 4284 quin
726 4201 831 4269 λίπα
855 4203 897 4268 sit
919 4221 1012 4268 casus
1034 4202 1159 4282 tantine,
1194 4205 1252 4287 qui

127 4307 374 4389 ascriptoribus
396 4306 509 4371 Ionicis
531 4307 622 4388 plene
645 4305 760 4371 dicitur
782 4305 891 4385 λίπιιϊ,
926 4305 1042 4371 omissa
1063 4309 1172 4371 autem
1194 4325 1251 4372 vo·
