2736 4778
128 305 204 385 568
488 300 809 377 Dlsssarmo
836 302 880 377 V.
915 314 919 321 '
978 309 991 316 “

128 488 264 564 dictioni
290 491 462 582 propiores
491 491 578 579 μίγα
604 489 769 572 πλούσιος
799 501 833 559 et
858 490 945 579 μέγα
971 482 1086 578 ὄλβιος
1112 492 1244 561 Herod

126 601 212 686 μίγα
238 593 405 681 εὐδαίμων
430 593 588 683 Xenoph.
611 617 641 660 v.
665 592 801 663 Jacobs.
827 594 871 659 ad
891 594 1020 660 Aelian.
1047 616 1082 682 p.
1100 593 1156 661 62.
1182 617 1244 662 nec

127 697 234 766 solum
250 696 417 783 adjectivis
438 696 499 762 sed
520 696 616 762 etiam
638 694 848 761 substantivis
868 717 952 782 quae
968 706 1128 763 vocantur
1150 697 1244 763 attri-

105 822 112 833 ·’
126 800 246 868 butivis
265 798 342 885 μέγ’
358 791 449 885 dra}
467 799 549 864 Hes.
573 796 703 884 Theog.
723 796 798 862 486.
819 794 894 884 μέγ’
919 794 1101 887 ἐϋμμελίης
1122 798 1242 883 Quint.

127 901 188 972 lv.
211 900 283 969 127.
314 911 347 967 et
374 899 538 966 interdum
564 921 639 966 cum
667 896 821 964 adverbio
849 908 886 965 ut
912 888 1034 966 ίίνευδε
1061 896 1152 985 μέγα
1183 918 1244 988 pro

127 998 216 1072 πάνυ
237 999 417 1090 πόρῤωθεν
443 1002 482 1067 11.
503 1000 625 1068 XXII.
647 1000 699 1067 88.
740 1000 837 1066 Illam
865 1018 942 1066 vero
969 997 1159 1090 interiorem
1189 1024 1245 1068 so·

128 1103 288 1182 cietatem,
303 1125 387 1188 quae
403 1102 550 1189 synthesi
564 1102 712 1182 efficium,
728 1123 803 1168 cum
817 1112 933 1167 neutro
952 1099 1068 1167 horum
1083 1123 1245 1188 generum

128 1204 217 1273 coire
238 1202 338 1282 solet3
359 1226 435 1269 nam
456 1226 516 1292 pro
534 1203 759 1293 Μεγδφρουες
777 1199 1025 1292 μεγαλόφρονες
1048 1198 1068 1291 ἢ
1088 1202 1246 1290 μεγάλως

128 1299 274 1394 ἄφρονες
293 1304 441 1393 Hesych.
456 1304 645 1393 Stephanus
664 1326 740 1372 rere
762 1305 895 1392 corrigit
914 1300 987 1392 μέγ’
1013 1299 1164 1393 ἷίφοουες
1186 1307 1244 1374 de·

127 1405 194 1474 loto
211 1406 373 1495 proximo,
393 1408 485 1494 quod
503 1405 777 1494 Lexicogrsphus
797 1406 871 1494 ipse
891 1406 1054 1473 damnavit
1074 1407 1245 1497 adscripto

127 1503 149 1595 ἢ
169 1506 327 1594 μεγάλως
347 1502 497 1598 ἄφρονες.
525 1504 758 1595 Μεγατίμιος
783 1519 832 1573 ter
852 1508 972 1596 legitur
996 1508 1030 1573 in
1052 1508 1243 1597 Theoplayl.

127 1608 208 1678 Sim.
230 1609 318 1675 Hist.
340 1606 368 1675 Ι.
391 1609 443 1688 10,
464 1609 516 1675 21.
537 1611 582 1676 Α.
606 1608 672 1675 ΙΠ.
694 1609 744 1687 12,
768 1609 818 1676 78.
840 1610 885 1675 D.
909 1610 1024 1689 1v.‘7,
1049 1611 1121 1676 100.
1141 1612 1184 1678 Β.
1209 1623 1244 1677 nt

126 1711 162 1778 in
183 1711 258 1778 cod.
280 1709 412 1778 Aeliani
432 1711 478 1776 H.
500 1712 567 1776 An.
589 1710 617 1776 1.
639 1710 692 1776 59.
715 1711 775 1776 sed
803 1711 977 1797 disparatis
1005 1710 1142 1778 vocibus
1169 1710 1242 1800 χείρ

126 1813 213 1897 μέγα
233 1812 329 1897 τιμία
350 1812 411 1879 IV.
432 1812 463 1889 3,
484 1811 534 1879 93.
559 1811 741 1897 eodemque
758 1813 858 1879 modo
880 1813 970 1900 apud
991 1813 1120 1880 Aelian.
1134 1815 1179 1881 V.
1196 1815 1241 1879 H.

62 1962 64 1970 ,
127 1913 207 1982 VII.
234 1913 264 1980 8.
303 1911 396 1982 Suid.
432 1935 457 1978 s.
484 1911 640 2000 Μίλητος
663 1937 705 2000 ·p.
733 1913 805 1981 765.
841 1909 907 1982 ed¹
925 1913 1046 1981 Bernh.
1079 1925 1113 1981 et
1147 1915 1241 1983 alios.

131 2012 335 2102 Μεγακήρυξ
355 2014 608 2082 condonandum
628 2027 679 2083 est
702 2016 880 2083 Theodoro
902 2016 1102 2095 Prodromo,
1130 2016 1190 2102 qui
1215 2017 1243 2083 si

126 2111 355 2204 μεγαλοκήρυξ
384 2117 590 2206 scripsisset,
621 2117 814 2184 insolentias
849 2117 983 2185 haberet
1013 2117 1121 2183 minus
1133 2142 1142 2196 ;
1179 2117 1242 2188 hoc

128 2217 215 2283 enim
235 2216 419 2304 complures
440 2218 536 2304 hujus
558 2218 694 2286 inscitae
715 2220 1028 2308 aetatis.scriptores
1049 2229 1188 2286 utuntur
1207 2230 1243 2286 nt

128 2317 261 2384 Nicetas
283 2321 372 2386 Ann
392 2319 477 2387 XX.
499 2321 538 2400 6,
558 2320 632 2388 373.
660 2331 692 2388 et
719 2322 774 2387 alii
804 2344 834 2388 v.
863 2323 906 2388 ad
933 2323 1056 2407 Phryn.
1079 2320 1153 2386 600.
1183 2322 1267 2404 sed·

126 2429 276 2486 neutrum
298 2442 337 2488 eo
358 2422 444 2488 valet
464 2432 501 2488 ut
521 2421 723 2491 Schneidsro
747 2424 790 2488 ad
805 2422 890 2490 Plat.
907 2423 979 2491 Cir.
1002 2422 1043 2488 T.
1055 2422 1120 2488 111.
1142 2446 1176 2510 p.
1188 2424 1240 2490 40.

128 2522 307 2590 concedam
322 2523 495 2591 Platonem
515 2524 760 2610 μεγαβασιλεύς
779 2525 900 2591 dixisse
917 2525 1007 2610 quod
1029 2525 1064 2589 in
1081 2546 1148 2590 nno
1167 2525 1241 2592 cod

128 2625 360 2719 scriptumest.
403 2624 459 2691 Ab
478 2624 528 2690 his
546 2627 690 2712 separari
710 2638 840 2714 oportet
855 2624 1119 2713 μεγαβρεμέτης,
1138 2651 1242 2711 μεγα-

126 2727 301 2811 acratop-
324 2748 399 2791 nam
420 2726 581 2813 simplicia
600 2727 779 2815 βμεμὲτμς,
801 2727 963 2815 cecrops
984 2749 1050 2791 μομ
1072 2728 1180 2813 magis
1208 2729 1242 2794 in

126 2847 190 2892 usu
211 2838 286 2892 sunt
308 2849 404 2913 quam
427 2828 594 2917 δερκέτης,
616 2828 767 2914 μευέωγς,
792 2828 925 2915 ἕργέτης
947 2840 979 2894 et
996 2829 1046 2893 his
1065 2829 1241 2896 similia.-

126 2927 336 3014 Adjectivum
366 2924 454 2996 πολύ
487 2940 606 3018 poetae
638 2929 795 2996 adhibent
826 2930 1072 3018 amplificandae
1104 2931 1241 3015 adjecti-

126 3054 240 3112 vorum
258 3031 488 3120 significationi
505 3032 718 3111 πολύκοιυος,
740 3031 1005 3111 πολυδαίδαλος,
1026 3043 1151 3109 cetera3
1174 3055 1241 3119 quo

129 3133 170 3199 de
198 3156 318 3221 genere
346 3134 447 3200 multa
475 3134 649 3222 scriptores
677 3133 868 3220 posterioris
897 3134 1011 3199 aetatis
1041 3133 1242 3200 insolutum

127 3237 319 3302 transtulere
348 3258 546 3302 sermonem:
580 3233 815 3320 πολυάγαθος,
844 3232 1056 3325 πολύσοφος,
1085 3233 1242 3320 πολυμό·

126 3362 236 3417 rasos,
259 3333 491 3424 πολύφαυλος,
514 3331 717 3422 πολὺξηρος,
740 3336 998 3415 πολυποίκιλος,
1023 3336 1112 3422 quod
1126 3321 1241 3402 etiam·

125 3462 213 3506 nunc
244 3439 279 3504 in
308 3461 371 3505 usu
405 3449 471 3516 est,
505 3436 550 3504 et'
569 3437 761 3523 trisyntheta
789 3436 1064 3523 πολυάγρυπνος,
1095 3437 1243 3506 πολυεύ-

128 3543 330 3625 σπλαγχυος,
361 3536 608 3626 πολυεύπορος,
639 3540 728 3625 quod
757 3537 820 3605 hoo
846 3539 946 3604 modo
977 3563 1030 3627 ap.
1054 3539 1242 3606 Cedrenum

125 3642 261 3728 legitur,
291 3640 352 3707 sub
382 3641 510 3707 dnobus
536 3664 613 3707 vero
636 3639 822 3707 accentibus
851 3663 904 3727 ap.
931 3641 1087 3706 Malelam
1115 3639 1241 3728 impro-

125 3744 224 3810 bante
253 3743 386 3828 quidem
408 3743 585 3811 Schaeiero
619 3743 660 3808 ad
687 3743 790 3810 Dion.
818 3766 851 3830 p.
874 3743 947 3808 200.
977 3741 1010 3807 b.
1035 3742 1095 3807 sed
1118 3742 1243 3808 difficili

128 3855 160 3913 et
187 3844 229 3911 ad
259 3845 501 3911 assentiendum
526 3855 558 3910 et
584 3845 626 3909 ad
653 3844 963 3954 contradicendum
985 3844 1137 3932 optione3
1166 3868 1243 3910 nam

131 3969 298 3982 *-

128 4020 176 4072 sod
197 4011 270 4072 πάνυ
289 4013 326 4079 ὦς
343 4018 389 4069 καλ
408 4016 440 4070 δν
457 4017 488 4091 τῇ
508 4018 642 4084 συνηθείᾳ
660 4017 749 4085 με’γας
767 4017 869 4088 μῶρος.
905 4009 1121 4086 Μεγαλουῆπιος
1138 4015 1243 4069 eodem

130 4102 194 4158 loco
207 4103 368 4158 habendum
382 4109 426 4157 est
442 4120 498 4175 quo
515 4097 716 4173 μεγαλὸδηλος,
728 4097 978 4172 μεγαλοπλούοιος,
997 4118 1014 4154 a
1031 4099 1132 4172 quibus
1151 4109 1182 4154 ut
1200 4101 1243 4156 in·

127 4187 244 4244 tellecta
264 4189 303 4244 ita
323 4188 489 4261 antiquitate
503 4187 644 4259 ,differunt
661 4185 860 4260 μεγαλάδικος,
881 4181 1108 4260 μεγαλοπόνηροε
1125 4187 1180 4241 hoe
1199 4194 1245 4242 eut

129 4273 161 4330 λυ
177 4271 310 4348 μεγάλοις
327 4270 454 4351 πονηρός.
