2736 4778
337 339 403 404 on
423 337 703 406 praecursu
746 338 787 406 c.
811 341 840 406 1.
873 345 899 428 ι.
920 342 952 407 r.
1129 349 1200 418 ιιι

87 544 163 587 nam
182 532 220 586 ut
239 519 331 586 urbis
345 517 445 588 Ἁλαί
464 521 576 588 incola
597 520 722 609 duplici
741 521 842 587 modo
868 522 1050 609 appellatur
1067 523 1205 605 Ἆλαῖος

89 634 120 690 et
135 618 306 701 Ἁλαιεύς,
335 621 415 686 item
443 643 463 686 a
484 625 591 708 Σῐφαι
612 624 759 706 Σιφαῖος
778 621 836 688 καί
855 621 1021 708 Σιφαιειίς
1039 619 1086 702 ὡς
1109 631 1205 713 Κρη-

87 729 182 802 ταῖος
206 721 397 808 Κρηταιιὺς
420 722 540 787 Parsll.
561 721 615 786 27.
643 721 761 786 eodem
782 721 883 788 modo
904 723 1106 809 gentilicium
1126 728 1204 790 Hu-

86 820 238 909 τραιιιίς,
261 821 352 907 quod
373 821 495 890 Suidas
519 821 629 899 affert,
662 821 706 885 ad
729 843 937 908 paragogum
966 822 1129 909 Ποτραία
1154 825 1205 891 vel

88 929 266 1007 Πατροῖος
287 923 397 988 referri
419 933 529 1009 potest
549 922 610 989 etsi
632 932 784 988 neutrum
805 924 975 1010 reperitur.
1024 926 1102 990 Hoc
1128 947 1204 991 vero

90 1024 187 1088 etiam
219 1024 369 1090 convenit
405 1025 449 1089 ad
476 1024 707 1113 appellativum
736 1017 925 1109 ἀκταιοιρός
953 1023 1049 1108 παρὰ
1076 1025 1114 1091 τὸ
1145 1026 1207 1112 τὴν

89 1122 191 1209 ἀκτὴν
224 1120 333 1208 οὐρεῖν
364 1122 384 1190 ὅ
417 1123 491 1191 ἐστι
521 1119 700 1213 φυλάττειν
729 1123 809 1187 ΕΜ.
842 1146 918 1188 nam
945 1125 1039 1211 regio
1068 1126 1204 1193 litoralis

88 1223 186 1287 ctiam
208 1218 330 1289 ἂκταία
348 1234 482 1290 vocatur
502 1224 666 1290 intellecto
688 1222 899 1290 substantivo.
933 1226 1003 1293 Sed
1024 1249 1084 1314 pro
1110 1228 1203 1294 δικο-

87 1320 186 1388 δοοία
209 1322 298 1407 apud
316 1324 491 1410 Polybium
507 1335 594 1391 recte
616 1324 785 1410 reponitur
807 1324 1030 1403 δικαιοδοσία,
1050 1348 1112 1392 nec
1131 1348 1202 1393 cre·

85 1421 186 1487 ‹libile
215 1433 266 1488 est
290 1444 351 1509 pro
379 1427 553 1512 δικολογία
579 1448 725 1509 unquam
752 1424 876 1489 dictum
896 1446 970 1490 esse
989 1427 1202 1512 δικαιολογία

85 1524 145 1588 etsi
167 1524 288 1590 Graeci
311 1547 548 1611 nonnunquam
571 1527 687 1591 eadem
707 1524 868 1592 vocabula
895 1547 969 1590 cum
991 1525 1201 1592 substantivis

85 1635 118 1689 et
137 1625 306 1710 adjectivis
330 1625 625 1713 componunt‘sins
645 1626 713 1691 ullo
740 1626 989 1713 significationis
1016 1627 1202 1694 discrimine

85 1722 264 1812 δολόφριον
283 1723 489 1814 δολιόφρων,
512 1728 678 1811 νυκτίβιος
694 1726 905 1813 νικτιρόβιος
924 1738 962 1795 ιιι
982 1752 1201 1817 νινκτεροφεγ-

85 1823 159 1912 yria,
189 1823 370 1910 λιγύπνοος
398 1836 430 1892 et
457 1826 623 1913 poeticum
648 1836 686 1891 ut
708 1827 830 1893 Pollux
858 1829 945 1894 dicit
969 1828 1201 1915 λιγυρόιτνοος,

83 1921 272 2014 χλοηφόρος
290 1924 552 2014 χλοεροτρόφος,
576 1922 775 2014 ἀνδρόφριον
800 1925 1048 2015 ἇνδρειόθυμος
1078 1939 1112 1995 et
1138 1930 1202 1994 alia

84 2026 129 2090 ad
158 2025 239 2092 Phr.
267 2027 341 2093 642.
371 2026 468 2091 allata
494 2028 633 2113 quorum
659 2050 760 2092 unum
782 2024 1045 2113 ἀγελαιοτροφία
1068 2039 1104 2093 ιιι
1125 2029 1201 2095 huic

84 2126 196 2192 affinia
216 2149 236 2191 a
254 2127 394 2192 Platone
415 2127 621 2211 frequentata
641 2151 709 2194 non
730 2149 804 2193 cum
830 2123 932 2215 ἀγέλη
947 2129 1064 2213 juncta
1086 2128 1201 2195 viden·

83 2239 136 2291 tur
158 2229 219 2293 sed
239 2249 314 2294 cum
334 2228 476 2304 nomine,
499 2250 565 2312 quo
586 2228 773 2293 animalium
794 2228 1075 2314 congregabilium
1095 2251 1200 2315 genus

83 2328 268 2396 universum
289 2328 507 2415 significatur,
536 2328 578 2395 τὰ
598 2325 749 2413 ἀγελαῖα.
791 2329 936 2417 Propius
959 2329 1002 2394 ad
1023 2331 1200 2418 parectasis

84 2430 228 2517 speciem
254 2431 382 2497 accedit
411 2432 615 2518 διραιοιτέδη
643 2430 678 2495 ἰιι
698 2429 802 2495 Anth.
830 2431 976 2518 positum
1003 2451 1064 2515 pro
1087 2432 1200 2514 δειρο-

83 2532 188 2618 ιτέδη,
211 2531 290 2616 quia
310 2535 448 2615 δεραῖος
467 2526 535 2597 non
556 2542 645 2595 extat
665 2531 725 2596 sed
745 2531 845 2597 modo
873 2534 1024 2616 διιραῖος
1046 2530 1200 2596 collinum

84 2632 287 2719 significans,
320 2633 383 2698 nisi
415 2633 498 2698 forte
527 2632 610 2697 illud
642 2655 682 2698 ex
709 2632 838 2699 duobus
863 2630 1073 2698 substantivis
1103 2632 1200 2697 rectis

84 2735 219 2819 δέρριον
240 2744 273 2799 et
293 2735 379 2822 πέδη
399 2734 616 2820 compositum
638 2745 690 2799 est
710 2745 748 2799 ut
765 2733 1001 2819 δοομόβροχος.
1045 2732 1115 2801 Sed
1136 2732 1200 2799 hoc

83 2857 149 2900 non
178 2835 331 2901 convenit
356 2835 516 2920 adjectivo
541 2837 745 2916 δεραιοῦχος.
795 2834 991 2916 Ματαιοίζω
1014 2855 1034 2897 a
1057 2829 1200 2917 μάταιος

84 2935 263 3002 derivatum
291 2947 354 3014 est,
386 2934 524 3017 ματάζω
546 2957 623 3001 vero
646 2935 675 2999 si
698 2935 768 2999 sinc
790 2935 859 3000 iota
877 2933 1043 3011 scribitur,
1070 2957 1091 2998 a
1109 2932 1198 3019 μάτη

82 3046 120 3100 ut
141 3037 297 3124 θηλάζω,
320 3037 479 3120 τεχνάζω,
503 3037 568 3113 sin,
587 3047 624 3101 ut
644 3035 856 3099 Herodianus
877 3035 997 3111 voluit,
1022 3055 1097 3098 cum
1121 3035 1198 3110 iota,

84 3159 125 3202 ex
149 3137 300 3222 ματαίζω
322 3148 525 3204 contractum
554 3158 627 3202 esse
657 3146 798 3221 oportet.
825 3127 1001 3219 ’Ἐκραινον
1028 3134 1086 3199 καί
1114 3133 1200 3198 κατὰ

85 3240 293 3320 πλεονασμὸν
332 3244 392 3325 τῆς
417 3228 468 3306 ᾗ
491 3236 680 3322 ἐκραίαινον
710 3236 821 3322 Epim.
849 3237 877 3302 1.
907 3235 980 3301 239.
1014 3232 1137 3321 pariter
1163 3243 1201 3297 ut

82 3339 238 3405 aoristum
266 3335 408 3428 κρήηνον
435 3338 470 3402 in
497 3337 655 3425 exemplis
685 3336 836 3404 dicctasis
863 3337 969 3403 retuli.
1022 3336 1078 3402 Dc
1100 3334 1200 3400 altera

84 3440 292 3528 diphthongo
324 3439 406 3506 nihil
433 3450 646 3528 praeceptum
678 3451 743 3517 θοις
775 3439 839 3526 κήξ
874 3448 908 3504 et
937 3436 1045 3525 καίιηξ
1065 3437 1137 3521 jam
1164 3436 1201 3501 in

82 3542 188 3628 prims
199 3553 292 3630 parts
305 3543 456 3627 judicare
469 3541 632 3618 recusavi3
656 3535 852 3623 Καυοίζοντα
868 3532 1105 3620 ἆποσκοίζοντα
1116 3539 1198 3604 Her.

83 3645 174 3729 quod
194 3645 283 3711 varie
305 3644 492 3730 corrigitur,
515 3643 658 3709 animum
681 3650 813 3706 revocat
840 3639 884 3704 ad
903 3635 1052 3723 Σκιμβός
1080 3637 1199 3721 χωλός,

80 3743 265 3830 §solepniter
295 3747 451 3829 χιολειίει,
480 3741 725 3831 Σκαμβηρίζειν
752 3735 977 3818 δλισθαίνειν,
1011 3762 1095 3826 quae
1125 3763 1199 3806 oum

80 3845 269 3932 Κιμβιίζειν
289 3846 347 3913 καί
369 3841 563 3929 ὀκιμβιίζιιικ
585 3844 623 3910 τὸ
646 3842 910 3929 οτροιγγειίεσθαι
925 3864 1074 3908 connexa
1084 3842 1200 3905 viden-

81 3960 135 4012 tur
152 3971 182 4012 v.
202 3948 305 4014 Proll.
330 3949 402 4013 142.
425 3947 615 4015 Schneider.
639 3946 682 4011 sd
703 3945 777 4011 Nic.
800 3944 865 4010 Th.
887 3968 921 4032 p.
945 3945 1016 4011 142.
1039 3964 1115 4006 nam
1124 3942 1197 4005 He·

81 4048 213 4132 sychius
236 4048 430 4134 στραγγεύει
450 4047 585 4135 exponit
602 4043 660 4115 οίικ
677 4040 779 4126 εὐθὺς
798 4041 997 4129 πορεύεται,
1021 4040 1197 4129 διατρίβει,

80 4161 112 4214 et
140 4150 238 4213 latine
264 4153 441 4216 ctortdicore
470 4150 587 4216 dicitur
615 4170 676 4235 pro
705 4147 882 4221 haesitare,
910 4166 1017 4227 neque
1040 4143 1123 4208 adeo
1144 4143 1195 4207 in-

79 4249 240 4316 credibile
259 4250 374 4316 ducam
397 4249 598 4318 Graecorum
620 4250 748 4333 aliquos
768 4269 827 4332 pro
845 4249 995 4326 σκαμβος
1006 4244 1074 4309 sive
1091 4248 1196 4313 σιτοῦ-
