2736 4778
131 356 202 424 nn
221 322 494 427 rnnnrnsst
511 356 574 423 nr
598 356 875 425 sciturum.
899 358 1010 428 c.1v.
1033 360 1101 447 ιι.
1125 366 1202 440 ιιι

84 540 143 628 qui
162 540 287 608 illustre
308 541 355 607 sd
374 540 460 607 banc
481 562 612 607 oausam
630 534 826 608 vestibulum
846 542 934 621 iecit,
954 544 1049 609 nimii
1062 545 1202 615 obscure

84 642 264 731 mpondet
299 664 340 709 sc
367 662 485 730 reapse
517 664 555 708 se
587 638 744 724 δύςκολρι
774 642 920 731 praebet.
969 647 1204 734 Adstipulatur

84 744 181 833 enim
201 764 315 811 eorum
345 743 527 811 sententiae
556 743 613 830 qni
639 743 903 831 praepositiones
933 767 1009 811 cum
1037 747 1200 817 adverbiis

84 844 240 933 componi
268 844 444 925 dixissent,
473 843 533 910 sed
564 866 637 910 eam
663 854 813 911 accurate
843 844 1096 913 demonstratam
1127 872 1201 918 esse

84 956 200 1035 regnu
223 946 261 1015 id
287 956 398 1015 autern
423 946 646 1012 necessarium
669 944 771 1011 nnsse
797 946 840 1011 ad
866 944 1200 1036 circumscriptionem

84 1050 151 1115 rsit
171 1047 417 1133 δεσποζομένων
436 1047 503 1114 hoc
518 1046 668 1135 exemplo
684 1046 821 1133 probet:
842 1045 877 1114 τί
896 1044 960 1135 γὰρ
977 1046 1107 1132 μᾶλλόν
1128 1050 1201 1121 ἐστι

84 1146 120 1217 tvl
148 1144 222 1217 duo
253 1142 326 1240 ὀψέ
349 1144 394 1216 τά
417 1170 456 1215 τι
479 1146 585 1231 ὅμοια
616 1143 677 1214 oto
701 1148 785 1234 μέρη
813 1138 911 1236 ἤπερ,
930 1147 974 1214 t'r.
1020 1149 1199 1232 Quomodo

84 1246 145 1315 riri
177 1248 268 1317 docti
300 1248 385 1316 hoec
416 1248 515 1315 verbu
546 1249 741 1335 corrigenda
770 1248 956 1335 putaverint
981 1270 1082 1338 supra
1113 1252 1200 1332 dixi·

84 1348 237 1437 equidem
263 1351 375 1417 omnia
401 1360 488 1416 sarto
514 1361 548 1416 ct
571 1360 659 1415 tecta
685 1371 842 1415 conservo
875 1352 1173 1475 sententiamque
1163 1380 1199 1422 ιιι

84 1446 170 1535 huno
188 1460 318 1541 purtem
338 1451 477 1539 occipio,
501 1474 574 1517 esse
597 1451 758 1536 quaedam
780 1449 935 1537 ambigua
957 1450 1089 1518 velut'
1067 1455 1197 1545 αιιαψέ,

84 1552 191 1639 quod
198 1552 234 1619 sl
247 1550 330 1619 nihil
350 1552 491 1640 emplius
513 1574 611 1638 quam
631 1551 770 1668 simplex
791 1544 861 1637 ὀψέ
882 1551 1044 1637 significet
1064 1553 1199 1642 hyphen

84 1653 292 1721 soru'hendum
313 1676 397 1733 esse,
422 1664 536 1719 contra
555 1673 633 1717 vero
656 1652 684 1717 si
704 1652 908 1739 praepositio
928 1654 980 1719 vel
999 1654 1199 1727 verbumvel

84 1776 202 1823 nomen
222 1776 265 1821 cx
286 1776 323 1823 se
341 1754 515 1841 religatum
537 1754 658 1819 habent
679 1754 723 1818 ad
748 1753 836 1819 bunc
867 1750 1043 1820 modum'
1024 1754 1113 1842 αγών
1134 1756 1197 1844 γὰρ

84 1848 147 1925 [ἔπ’
171 1848 241 1943 α’ψδ
259 1853 404 1977 raldodp
431 1857 484 1922 vel
510 1852 650 1922 Βοώτεω
672 1847 735 1922 ἀπ’
759 1848 829 1935 ὀψὲ
849 1850 986 1933 δὺοιιις
1011 1868 1049 1921 ut
1075 1858 1198 1924 Aratus

84 1952 168 2023 dixit
184 1956 260 2025 585.
281 1954 342 2025 ἐπ’
372 1950 440 2044 ὀψὲ
468 1952 580 2023 δύανιι
600 1951 731 2044 Βοώτῃ.
776 1954 910 2020 Testem
939 1956 1072 2041 quidem
1100 1959 1197 2044 hujus

84 2057 195 2125 hnesis
221 2056 348 2124 nullum
376 2058 475 2123 citnre
506 2078 642 2143 possum
670 2056 731 2121 sed
765 2056 845 2141 quin
875 2068 1047 2144 poctarum
1079 2059 1197 2145 aliquis

84 2142 208 2245 rliqnid
230 2158 418 2243 hujusmodi
438 2158 565 2235 dixerit,
586 2178 654 2223 non
677 2155 813 2222 dubium
833 2155 938 2223 habeo
961 2168 995 2224 et
1014 2157 1077 2226 huc
1087 2162 1197 2249 Apol

84 2259 208 2327 lonium
233 2260 377 2327 animum
406 2259 556 2325 retulisse
577 2257 716 2324 arbitror
738 2279 837 2342 quum
862 2257 986 2324 diceret
1006 2261 1199 2347 particulam

84 2360 177 2427 bum
198 2380 261 2448 pro
289 2370 444 2427 contextu
472 2358 646 2424 verborum
668 2360 795 2425 diverse
823 2357 931 2423 scribi.
975 2361 1079 2427 Aliud
1100 2362 1197 2450 hujus

84 2460 323 2549 dittognphise
345 2460 530 2548 exemplum
556 2461 630 2547 ipse
651 2460 838 2546 subjicit-c.
860 2458 884 2525 l.
916 2460 991 2527 304.
1012 2464 1073 2550 τῆς
1095 2458 1198 2554 αὐτῆς

84 2558 191 2645 lberut
223 2556 437 2652 ἀμφιβολίας
469 2556 603 2643 ἂποψέ,
636 2557 770 2640 ἄπολις.
827 2560 964 2649 Quippe
996 2561 1033 2627 id
1064 2584 1196 2651 quoque

84 2664 174 2731 iuter
192 2662 292 2731 scribi
312 2672 445 2750 oportet
472 2662 501 2727 si
524 2663 727 2751 praepositio
749 2685 791 2728 ex
818 2684 1061 2751 supervacaneo
1084 2666 1199 2733 addito

84 2774 130 2833 est
149 2765 237 2831 sicut
259 2764 382 2830 multoe
408 2786 490 2848 quse
513 2763 724 2830 (lrsmmatici
746 2764 929 2851 pleonasmi
954 2766 1088 2832 nomine
1109 2769 1196 2835 cele-

84 2866 189 2945 brant,
219 2865 367 2933 aliter
341 2889 370 2931 s1
399 2866 443 2930 sd
470 2885 591 2930 nomen
619 2866 809 2952 appositum
836 2867 978 2953 pertinet
1007 2865 1144 2933 velut’
1124 2868 1196 2937 απὸ

84 2963 168 3047 λλς“
153 2965 243 3035 amir
262 2962 407 3036 παίδων.

161 3067 221 3134 Ad
239 3066 437 3133 vicinitatem
457 3065 639 3155 ploouasmi
670 3064 874 3130 descendunt
900 3064 1091 3152 praeverbin
1112 3080 1199 3153 quse

84 3166 352 3257 significationem
370 3166 495 3234 hebent
511 3164 678 3243 adverbio,
701 3166 833 3250 quicum
845 3166 996 3231 devincta
1008 3177 1093 3245 sunt,
1116 3190 1195 3233 con-

84 3270 218 3337 similem
238 3264 420 3356 πάρεγγυς,
443 3262 633 3349 ἐπισχεδόν,
657 3263 799 3351 σύναμα.
846 3267 1000 3335 Omissae
1022 3268 1108 3332 enim
1128 3290 1197 3335 non

84 3370 317 3450 desiderantur,
336 3368 470 3434 additae
491 3368 616 3453 aliquid
637 3369 680 3434 ad
702 3368 872 3457 emphasin
894 3369 1081 3445 conferunt3
1107 3371 1198 3455 quod

84 3472 264 3561 siguificare
290 3470 420 3537 videtur
446 3468 588 3536 Photius
617 3468 823 3557 Παραατίκα
852 3466 963 3556 ἔγγιόι
990 3494 1024 3535 τι
1052 3474 1112 3536 τοῦ
1135 3466 1197 3537 αλ·-

84 3570 156 3641 rim
178 3568 335 3660 σημαίνει
355 3571 414 3638 καὶ
433 3565 672 3657 ὑπογυιόιεριι
693 3581 726 3636 et
746 3571 838 3655 quod
863 3570 905 3635 ad
925 3570 1059 3637 nomina
1083 3571 1198 3638 attinet

84 3674 192 3744 Sohol.
216 3674 284 3742 Od.
313 3672 376 3740 IV.
402 3670 477 3763 386.
498 3666 661 3755 ὑποδμώς
691 3666 959 3756 ὑποτεταγμένας
986 3670 1196 3757 θεράπων-

84 3770 228 3866 liupnow
248 3772 311 3863 γὰρ
333 3769 403 3855 ἔχει
425 3766 445 3861 ἦ
467 3765 554 3851 dari,
584 3771 667 3837 alius
687 3794 764 3838 vero
786 3771 818 3836 h.
847 3772 869 3839 1.
899 3773 947 3839 sic
974 3784 1012 3839 ut
1032 3774 1198 3840 Arcadius

84 3874 131 3957 88,
154 3876 208 3943 23.
232 3886 265 3943 et
282 3874 364 3942 EMa
378 3872 450 3939 135.
465 3872 522 3939 36.
544 3896 616 3939 eam
639 3871 819 3960 παρέλκειν
840 3871 1021 3954 arbitratur,
1043 3874 1198 3959 idemque

84 3976 233 4065 convenit
262 3976 306 4044 ad
333 3976 399 4043 slis
429 3974 563 4042 nomine
598 3975 762 4062 verbaque
792 3975 912 4060 quibus
933 3974 1198 4063 praepositiones

84 4080 110 4147 ri
131 4079 278 4168 quodum
298 4078 393 4165 qnasi
415 4076 621 4164 sympathiue
643 4099 680 4143 se
701 4077 930 4165 applicuerunt
950 4074 1196 4142 v.Pna11.386.

84 4180 138 4250 Sic
158 4179 260 4267 igitur
280 4176 439 4260 ἔκπαλαι,
463 4180 555 4265 quod
564 4179 772 4265 Phrynichus
786 4200 848 4266 pro
870 4177 907 4244 tu
928 4177 1080 4245 παλαιοῦ
1099 4197 1197 4241 usur·

84 4282 153 4371 pari
174 4282 283 4361 refert,
308 4291 464 4366 quantum
492 4280 620 4347 differat
642 4303 662 4346 ι
683 4275 811 4360 πάλαι,
840 4301 892 4345 res
916 4287 1061 4345 estante
1083 4276 1198 4347 oculos
