2736 4778
143 338 208 406 nu
229 300 449 409 sincera
470 337 617 404 umus
637 335 860 406 vocans
887 336 998 408 c1v.
1016 340 1080 424 §a
1107 345 1184 418 299

71 515 250 605 μσαβοοον
271 522 341 586 sive
360 515 544 604 μεσόβοιον
561 518 625 586 hoe
646 530 697 585 est
713 520 819 585 lorum
837 542 903 604 quo
915 523 1035 608 jugum
1051 533 1084 588 et
1096 533 1183 589 temo

52 621 318 708 conjungamur,
336 622 476 686 duorum
493 646 533 686 oo
548 621 702 708 primitivi
718 628 801 707 βοον
819 620 1007 687 alterutrum
1023 624 1184 710 erepsisse

70 733 209 809 aportat.
256 725 409 845 Agmeu
420 719 577 787 claudunt
603 721 689 787 duae
718 721 914 808 particulae.
942 720 981 789 τὸ
1009 715 1086 809 ἠΰτε
1114 719 1181 790 ὑπὸ

67 822 239 912 συγκοπὴν
260 822 367 890 πεσὸν
386 818 512 909 ἥνωται
532 821 592 888 καὶ
614 823 653 889 τὸ
674 821 710 888 τί
728 846 814 890 ποτε
835 820 872 888 ἐν
892 825 941 910 τῷ
964 817 1060 888 τίπτε
1074 822 1183 907 Apol-

66 921 133 989 lon.
148 924 237 988 Adv.
248 923 323 988 559.
365 922 421 989 De
436 922 492 987 illo
509 921 588 1014 alibi
606 922 748 999 dicetur3
769 919 867 988 sima
883 919 953 986 ab
942 931 1068 1041 impetu
1082 922 1184 985 inter-

65 1024 210 1108 rogandi
235 1024 415 1111 proiectum
444 1035 510 1103 est,
540 1024 701 1108 cujusvis
723 1022 893 1089 adsimile
918 1026 985 1089 ποῦ
1008 1045 1092 1088 ποτε
1115 1044 1185 1087 non

66 1125 279 1244 permanavit
312 1117 404 1202 Ἕςτε
429 1123 525 1208 παρὰ
551 1124 612 1214 τὴν
640 1149 675 1202 ες
699 1123 758 1192 καὶ
778 1148 816 1190 ao
805 1121 875 1190 τέ
896 1123 1127 1208 παραπληρωμ
1129 1147 1184 1188 ια

64 1220 177 1301 τικὸν,
205 1223 259 1291 διὸ
287 1248 344 1291 και
336 1217 574 1307 ψιλοῦται’
555 1227 705 1302 αττικῶς.
749 1228 895 1308 Δωριεῖς
923 1220 961 1289 (λὲ
984 1221 1184 1289 δασύνουσιν

65 1314 137 1389 α’πό
156 1347 215 1389 του
199 1321 296 1402 ἕως
316 1347 352 1389 τε
370 1322 456 1390 κατὰ
474 1321 644 1411 συγκοπῆν
662 1316 1115 1411 ε1ναιὴγουμενοιΕΜ.382,
1130 1323 1181 1388 10.

66 1422 123 1506 qui
140 1424 231 1508 quod
248 1424 289 1488 de
308 1424 509 1510 aspiratione
528 1424 616 1501 dicit,
637 1423 776 1488 fortasse
790 1445 903 1488 verum
919 1434 969 1488 cst
986 1446 1016 1488 v.
1025 1423 1177 1490 .Ahrcns.

62 1523 147 1590 Dor.
168 1525 221 1589 37.
244 1525 303 1591 sed
323 1525 366 1590 de
385 1547 485 1591 causa
496 1525 595 1589 liaud
618 1523 717 1591 dubie
745 1523 882 1614 fallitur3
912 1547 989 1588 uam
1014 1521 1086 1604 ἔςιε
1113 1546 1182 1590 non

65 1642 107 1690 ex
133 1622 196 1703 ἕως
213 1649 265 1702 τε,
287 1628 379 1711 cujus
400 1636 501 1691 testes
523 1625 602 1691 certi
624 1625 759 1703 desunt,
791 1624 855 1690 scd'
879 1647 922 1690 ex
941 1624 977 1702 ἐς
998 1621 1017 1693 6'
1040 1649 1076 1692 aa
1101 1646 1181 1690 coa·

63 1724 165 1791 luisse
186 1725 286 1792 hodic
305 1749 373 1791 non
395 1725 529 1792 dubium
550 1725 688 1792 habetur
708 1749 738 1792 v.
757 1726 900 1793 Ellendt
924 1727 967 1791 ad
987 1727 1118 1808 Arriau.
1132 1728 1180 1794 11.
1285 1744 1291 1756 ·

65 1825 117 1904 11,
137 1826 170 1891 4.
212 1827 401 1893 Pronomen
427 1825 565 1914 simplex
587 1826 651 1892 hoc
672 1827 772 1893 modo
795 1827 910 1893 elisum
933 1850 1006 1893 esse
1030 1851 1098 1894 uno
1121 1830 1176 1896 illo

65 1927 217 2013 exemplo
244 1927 347 1994 Anth.
376 1928 456 1995 Vn.
486 1928 558 1992 724.
589 1923 661 2005 ἕςκε
686 1924 776 2016 θάνῃ
804 1948 865 2015 pro
895 1924 945 2004 εἷς
966 1925 986 1993 ὅ
1007 1953 1044 1994 κε
1063 1952 1179 2014 parum

64 2029 289 2094 confirmatum
318 2039 368 2093 est
395 2027 566 2112 facilisque
593 2026 750 2093 correctio
779 2050 800 2092 a
819 2027 994 2093 Dindorfio
1021 2029 1056 2094 in
1078 2028 1179 2094 Thes.

63 2131 236 2218 proposita
256 2126 337 2206 ἔςτε.
369 2130 540 2194 Hactenus
563 2127 605 2192 do
627 2125 752 2212 syllaba
772 2126 887 2212 prima.

149 2235 175 2316 ξ.
198 2233 228 2297 2.
269 2225 324 2294 Ἕκ
349 2233 410 2297 τοῦ
439 2223 538 2306 ὀλοός
565 2221 728 2312 γίνεταιὴ
752 2225 888 2314 napum}
915 2222 995 2297 ὄλοέ
1015 2227 1074 2296 καὶ
1094 2229 1181 2296 κατὰ

63 2331 235 2418 custoaiya
253 2325 311 2398 ὀλέ
325 2330 367 2413 ⁶).
400 2324 475 2395 'Eois
496 2328 533 2396 δὲ
554 2320 634 2404 ὃλός
654 2321 674 2413 ἦ
697 2321 828 2405 abacia,
850 2321 970 2411 γένοιτ’
994 2322 1075 2414 1νὴ
1102 2333 1180 2415 κλη-

62 2431 137 2517 aaut)
160 2423 219 2498 ὄλὲ
244 2429 304 2496 καὶ
329 2427 389 2496 olm
412 2425 484 2495 iiras
509 2421 668 2513 συγκοηή.
712 2426 801 2513 Περὶ
823 2430 949 2492 παθῶν
971 2422 1182 2511 Ἡρωδιανός

62 2531 143 2596 ΕΜ.
164 2530 244 2607 622,
266 2529 319 2595 46.
362 2529 452 2594 Hinc
478 2527 707 2614 cognoscimus
732 2525 971 2593 Grammaticos
999 2526 1185 2612 bisyllabas-

61 2632 153 2697 vocis
172 2631 279 2696 solum
294 2631 477 2696 vocativum
497 2629 658 2716 reperisse
676 2650 784 2713 neque
804 2627 1008 2714 exploratum
1026 2626 1181 2695 habuisse

61 2742 170 2797 unum
196 2731 360 2817 antiquius
387 2732 445 2809 sit,
475 2725 554 2807 ὀλός
575 2752 617 2796 an
639 2725 753 2808 ὀλοός,
780 2727 816 2792 id
841 2728 931 2812 quod
956 2752 1018 2795 nos
1046 2752 1179 2816 quoque

63 2832 242 2917 dijudicare
275 2832 450 2897 nescimus.
513 2831 647 2897 Etenim
678 2829 851 2895 verborum
883 2852 970 2915 quae
1003 2852 1077 2896 cum
1109 2824 1180 2898 ὅλω

62 2928 221 3019 (isli-vm)
248 2932 429 3019 comparari
451 2943 605 3017 possunt,
634 2953 736 2995 unum
756 2928 854 3015 θόρω
882 2952 924 2995 ex
946 2954 981 2995 sc
1003 2932 1181 3018 progenuit

62 3034 260 3119 adjectivum
287 3036 432 3118 θοῦρος,
452 3032 522 3111 ιοιιί
551 3030 703 3096 convenit
731 3022 838 3105 οὖλος.
891 3029 981 3093 Huic
1013 3042 1121 3094 autem
1151 3032 1180 3094 si

61 3136 203 3201 nativam
230 3133 377 3199 vocalem
405 3131 619 3208 restituimus,
654 3122 734 3206 ὅλος
763 3129 874 3214 potius
906 3129 1050 3195 nascitur
1081 3153 1180 3215 quam

61 3231 157 3315 ὄλός,
189 3221 284 3320 cujus
311 3242 481 3298 accentum
505 3251 671 3318 syncopae
698 3228 797 3294 tribui
823 3230 1021 3297 contrarium
1048 3241 1098 3295 est
1126 3253 1179 3296 re-

61 3337 171 3422 gulae,
195 3357 302 3420 neque
324 3333 466 3421 pertinet
486 3333 529 3397 ad
550 3331 726 3408 diastolem
753 3355 829 3397 nam
850 3333 1080 3421 appellativum
1100 3324 1181 3410 ὀλός

61 3437 83 3501 1.
106 3460 135 3502 e.
160 3434 266 3514 θολός
290 3435 412 3522 pariter
437 3445 606 3520 oxytonon
627 3443 687 3499 cst
736 3433 778 3500 In
793 3423 880 3512 ὀῖοξ
896 3457 998 3500 unum
1023 3434 1090 3499 exit
1117 3433 1179 3498 ad·

55 3536 213 3621 jectivum
234 3535 434 3623 primitivum
452 3531 552 3615 κόλος
571 3534 669 3620 etymi
692 3556 819 3621 expers.
862 3535 904 3600 ln
924 3524 983 3614 οὗ
999 3535 1181 3623 compluria

61 3637 136 3703 scd²
155 3637 280 3702 nullum
315 3659 480 3724 syncopae
517 3646 739 3723 opportunum
774 3646 903 3721 praeter
934 3636 1181 3725 multiplicative

61 3739 234 3825 quaedam.
277 3739 345 3805 Pro
368 3731 465 3806 oinl'
488 3736 570 3823 ἐρέω
594 3737 629 3801 in
649 3736 843 3822 Empedocl.
866 3760 896 3803 v.
918 3740 971 3805 34.
993 3740 1046 3806 ed.
1069 3740 1178 3808 Sturz.

58 3863 90 3905 v.
113 3841 156 3905 88
184 3842 296 3905 Karst.
327 3862 394 3905 non
426 3838 614 3924 refragabor
643 3837 671 3902 si
700 3837 773 3922 quis
804 3834 895 3906 ‹lioc'
924 3838 1006 3923 ἐρέω
1036 3839 1181 3923 corrigat

60 3941 112 4009 vel
141 3942 238 4008 etiam
267 3942 373 4008 διπλᾶ
403 3938 486 4028 ipati
511 3937 612 4005 verbo
643 3937 678 4004 in
706 3937 902 4024 bisyllabum
930 3949 1053 4005 coacto.
1109 3935 1183 4004 sec

130 4178 160 4248 ll)
173 4178 265 4251 Epim.
279 4176 302 4231 1.
316 4178 376 4229 442.
389 4173 419 4231 τὸ
434 4172 483 4231 ὄλί
492 4172 618 4245 κιητικὸν
629 4170 781 4243 (sanzano)
796 4172 827 4228 ὲκ
840 4174 888 4227 τοῦ
903 4166 981 4232 ὄλοῦς
994 4169 1182 4240 συγκέκοπται

58 4267 108 4320 καλ
126 4264 157 4320 ἔκ
174 4266 222 4319 τοῦ
234 4261 304 4347 jair!
319 4259 375 4332 ἠλέ.
