2736 4778
166 372 231 439 nn
253 365 473 438 suncoen
489 359 635 430 ιιιιισε
655 353 884 427 vocsms
897 353 1009 428 ow.
1027 361 1096 448 ιι.
1114 352 1190 442 ιιι

72 552 146 626 ἀπὸ
167 559 227 645 τῆς
247 548 385 630 κόνεως·
407 542 576 639 γράφεται
596 545 635 614 δέ
654 543 713 612 καὶ
732 542 901 629 κοιέποις,
924 570 1024 636 quum
1038 550 1189 618 ioieion·

72 681 155 746 gum
175 655 309 732 habeat,
331 659 533 718 contractum
553 668 626 714 osse
648 656 781 734 oportet
796 658 834 712 ιιι
852 648 1054 730 Διπολίειο,
1076 656 1190 721 Δισω-

74 756 209 847 ιήοιοι,
231 755 388 839 idemque
417 749 621 818 statuendum
649 749 780 815 videtur
807 750 850 816 dc
871 747 1051 836 Διβοὶλοισι
1073 747 1192 839 κάρυα,

74 859 169 944 quod
190 853 362 941 Hesychio
390 853 572 919 restitutum
598 860 650 917 est
676 872 737 939 pro
769 846 971 938 δισβάλσια.
1014 850 1193 936 Quomodo

78 959 122 1023 ab
146 957 220 1023 aliis
254 952 447 1020 animalibus
477 952 633 1042 appellati
664 963 741 1019 sunt
763 947 961 1041 Ἱπποκλῆς,
1003 946 1194 1043 Ἅρισκλῆς,

84 1060 264 1146 Θηρικλῆς,
292 1057 339 1122 sio
366 1047 781 1142 ο5”ολ’ς’011ιλη”ς1ισιοο;
813 1049 958 1135 Οἴοκλος
981 1064 1014 1122 et
1041 1048 1197 1142 Οἰβώτας

79 1158 237 1225 ιοιιι1ιίιισ
251 1159 355 1247 repeti
372 1168 512 1247 possunt
533 1178 631 1242 quam
659 1155 699 1222 ab
722 1150 898 1244 adjectivo,
919 1154 1009 1222 unde
1031 1151 1197 1245 σῖοβιοιης

79 1262 148 1328 sive
169 1256 334 1346 οἷοβόιης.
382 1253 597 1347 Ἀθροδέκης
624 1258 668 1323 sd
691 1250 810 1344 έὶδρος
829 1257 1035 1324 referendum
1055 1257 1195 1324 videtur.

163 1365 190 1448 ς.
210 1360 241 1426 5.
284 1360 374 1427 Hinc
400 1382 506 1426 sermo
536 1360 579 1425 ud
606 1385 625 1428 ο
652 1359 776 1425 micron
802 1350 1075 1447 transgredietur,
1104 1357 1196 1445 quod

78 1462 215 1532 modo
203 1486 239 1529 ns
267 1462 373 1550 sigma
393 1463 542 1541 vertitur,
574 1461 675 1528 modo
703 1461 786 1528 hanc
809 1483 987 1528 consonam
1008 1458 1197 1526 adminiculi

78 1588 178 1634 causa
198 1564 242 1630 sd
264 1586 301 1631 se
321 1564 448 1652 recipit.
492 1566 569 1631 Hoc
590 1574 764 1649 utrumque
784 1586 888 1650 genus
908 1561 1100 1630 Eustethius
1121 1560 1196 1647 422,

76 1671 129 1735 30.
152 1688 270 1755 purum
293 1662 634 1735 ι11ιοοιιι1ι.ὁσοι”ισ
656 1664 870 1748 πλεονασμὸς
892 1663 926 1733 έν
945 1664 1090 1744 πολλοῖς
1109 1670 1197 1753 βρο-

77 1769 273 1851 χιιιομὲιαις
292 1763 445 1835 εἴθισται
462 1762 639 1847 λέξεσιιβ
624 1773 731 1836 οποῖο
744 1792 784 1835 το
771 1763 976 1849 θέσκελος,
999 1765 1197 1846 θεσπέσιος,

80 1868 265 1959 θέςφσποι,
290 1865 488 1948 θεόςδοτος,
515 1865 729 1954 μογοςιόκος.
772 1871 828 1937 De
849 1870 955 1957 primo
977 1869 1033 1936 illo
1063 1866 1198 1959 saepius

81 1971 119 2036 fit
136 1971 276 2037 mentio:
304 1970 497 2049 θεοείκελος
534 1968 591 2036 καὶ
612 1969 648 2037 έι
677 1975 832 2059 συγκοπῇ
854 1968 1017 2048 θεόκελος
1043 1969 1104 2063 καὶ
1134 1969 1198 2037 θέ-

84 2073 201 2150 σκελος
221 2066 270 2150 ὥς
288 2068 666 2160 θεόφαιοιθέσιςατοι
686 2070 797 2157 Epim.
808 2070 837 2136 Ι.
851 2070 924 2148 198,
946 2071 998 2136 31.
1020 2070 1102 2137 ΕΜ.
1125 2070 1200 2150 448,

80 2176 136 2240 31.
157 2169 518 2240 hucconsociando·
540 2170 624 2255 μετὰ
654 2169 717 2256 γὰρ
739 2170 796 2260 τὴν
823 2170 992 2260 σσγκοπῆι
1015 2165 1034 2239 ὁ
1056 2173 1199 2240 πλεονα-

84 2269 171 2358 σμός
192 2271 302 2341 schol.
328 2273 400 2339 BL.
426 2272 470 2336 od
491 2271 531 2337 Il.
554 2271 619 2336 III.
642 2271 713 2336 132.
741 2272 802 2338 sed
828 2271 1024 2361 diphthongi
1055 2271 1200 2339 concisio

87 2388 153 2440 tam
175 2371 374 2441 incredibilis
400 2382 452 2438 est
477 2384 514 2438 ut
537 2394 643 2461 paene
671 2372 875 2460 suspicemur
899 2383 1032 2461 poetam
1060 2372 1201 2441 sverbo

84 2472 168 2544 ἴσκιο
196 2473 379 2542 declinasse
404 2470 537 2556 ἴσκελος
564 2486 697 2540 etcum
724 2496 764 2541 eo
794 2475 1014 2562 compositum
1041 2497 1114 2542 esse
1137 2481 1201 2543 θε-

86 2576 219 2655 ῒσκολος
240 2587 319 2663 post
340 2587 448 2641 sutem
468 2572 631 2653 θέσκελος
658 2575 779 2643 omisso
808 2598 874 2644 uno
902 2577 972 2644 iota
991 2577 1082 2643 verbi
1111 2577 1202 2666 prin·

86 2677 193 2764 cipuli.
237 2677 310 2743 Nec
332 2688 441 2743 tamen
463 2676 655 2744 deiectionis
666 2677 763 2764 hujus
783 2679 968 2766 exemplum
980 2680 1203 2747 demonstrare

87 2802 233 2866 possum.
283 2779 405 2864 Longe
436 2776 530 2845 aliter
559 2800 629 2845 rem
665 2781 799 2867 expedit
828 2781 1016 2869 Hesychius
1052 2779 1203 2851 Θέσκελο

86 2879 331 2959 θεοκέλευσισ,
367 2879 427 2946 sed
457 2896 622 2968 repugnat
652 2881 857 2967 significatio.
919 2882 1021 2964 Quod
1057 2883 1205 2968 sequitur

87 2977 277 3058 θεσπέσιος
297 3002 317 3044 ιι
337 2979 484 3047 breviore
506 2981 634 3060 θέσπις
656 2982 836 3068 processit,
863 2981 955 3065 cujus
979 2983 1127 3081 triplex
1120 2984 1203 3049 ratio

88 3080 182 3146 reddi
203 3092 327 3167 potest3
350 3076 505 3151 ἀπὸτοῦ
525 3077 700 3170 θεόφατος
720 3076 995 3168 κοτόἰποβολὴι
1015 3106 1075 3149 τοι
1100 3108 1118 3147 ο
1150 3082 1207 3150 καὶ

88 3184 292 3270 πλεονασμῷ
326 3187 386 3250 τοῦ
424 3206 444 3250 σ
471 3180 596 3268 γίιειαι
622 3182 797 3272 θέσφατον
830 3182 888 3249 καὶ
922 3180 1049 3261 θέσπις
1078 3180 1207 3263 θέσπις

90 3282 168 3351 Sch.
190 3281 286 3368 Lips.
308 3282 348 3348 Il.
370 3283 417 3348 11.
439 3281 554 3348 233.
537 3308 574 3350 εκ
593 3308 653 3351 τοι
637 3275 758 3361 ’θεός
779 3281 837 3349 καὶ
857 3275 907 3374 οψ
928 3277 949 3373 ἡ
970 3281 1063 3373 φωνὴ
1082 3279 1207 3369 γίνεται

89 3380 236 3463 θεόσπις
260 3385 337 3469 (sio)
369 3383 427 3452 καὶ
449 3390 601 3476 συγκοπῇ
623 3381 751 3463 θέσπις
775 3384 854 3451 ΕΜ.
876 3385 954 3464 441,
983 3386 1035 3451 43.
1067 3384 1124 3472 qui
1143 3384 1208 3452 hoo

91 3485 199 3552 dicere
219 3486 348 3552 videtur
371 3509 412 3552 ex
433 3485 633 3564 θεό-οπις
655 3485 775 3551 iactum
797 3509 870 3552 esse
892 3487 1019 3566 θέσπις
1040 3497 1073 3551 et
1088 3509 1129 3553 ex
1143 3487 1218 3555 hoc·

92 3610 153 3675 per
182 3589 378 3655 metathesin
408 3589 530 3655 voculis
560 3588 595 3654 in
625 3609 804 3653 consonam
834 3586 971 3666 θέσπις.
1016 3588 1085 3655 Sed
1117 3589 1208 3678 quod

92 3691 280 3776 Hesychius
312 3690 406 3756 affert
430 3693 592 3768 Θεοεποῖς
621 3687 659 3755 έκ
685 3692 777 3756 θεῶν
807 3680 1016 3774 έπόμειοι
993 3685 1210 3780 ηλεγόμειοι

94 3794 314 3877 conjecturam
339 3791 477 3893 praehet
500 3788 629 3869 θέσπις
657 3811 698 3855 ex
724 3784 875 3876 θεοεπὴς
900 3790 1047 3859 extitisse
1074 3795 1208 3873 omisso,

94 3902 261 3982 utssepe,
292 3921 310 3960 ο
331 3894 432 3962 micro
454 3904 487 3961 et
507 3918 523 3959 ε
500 3878 630 3980 psilo
654 3889 819 3979 sequentis
840 3892 983 3960 vocisin
949 3894 1114 3981 insigms
1135 3917 1208 3959 mn·

38 4070 47 4082 ,
93 4004 178 4074 tato,
202 3994 272 4061 sicu
274 3988 464 4084 ιἍοισπής
485 3984 637 4074 ιολολος,
669 4005 705 4059 ιιι
724 3994 940 4062 Kuestero
911 4019 1034 4073 visum,
1063 4017 1210 4063 corrosor

93 4096 131 4162 τὸ
155 4090 293 4166 ἷὶλεκιοι
314 4095 409 4183 παρὰ
430 4096 466 4162 τι)
496 4091 569 4163 iicon
591 4091 630 4162 τὸ
662 4095 747 4183 λέγω
789 4096 869 4162 ΕΜ.
894 4096 971 4174 165,
997 4096 1029 4161 5.
1056 4095 1111 4160 alii
1131 4118 1209 4163 vero

93 4220 169 4262 cum
190 4205 290 4265 σιιεῖι
303 4196 496 4282 (σπέσθαι)
524 4196 743 4283 compositum
771 4207 888 4283 putant
915 4208 953 4262 ιιι
975 4188 1114 4278 έὶσχοιος
1136 4219 1211 4264 cum

92 4304 194 4383 σχεῖν,
217 4298 415 4385 minimeque
438 4307 561 4363 certum
581 4308 630 4362 cst
658 4292 870 4385 θεοπρόπιον
898 4297 992 4386 παρὰ
1014 4296 1052 4366 τὸ
1075 4295 1148 4367 ἔπιο
1169 4299 1210 4368 τὸ
