2736 4778
129 360 214 433 36⁴:
410 354 730 422 pisel-:ursulo
758 356 806 422 11.
849 355 890 422 Ρ.
912 355 959 422 ll.

129 551 197 619 est3
228 538 382 606 remmsit
407 538 495 605 enim
513 537 706 625 'guuurnlis
750 538 788 606 Si
811 536 1040 626 βόιλότροπος
1071 542 1249 624 legeretur,

20 678 24 697 ι
128 642 234 709 simile
253 651 341 708 osset
362 639 563 707 substantivo
586 640 678 726 quod
698 639 809 709 Schol.
830 639 932 707 Arist.
953 638 1065 706 Nubb.
1087 640 1162 706 256
1185 664 1248 708 ex·

128 743 230 832 plicet
245 739 414 825 σκίμπους
431 738 527 828 παρὰ
543 739 583 809 τὸ
603 740 765 826 musteis
790 738 875 823 ἔχειν
895 738 973 820 τοὺς
993 739 1117 823 πόδας,
1140 765 1249 841 quan-

129 866 226 931 quam
237 842 389 911 vocabuli
399 843 466 908 triti
479 852 513 908 et
524 840 694 909 domestici
713 842 922 929 corruptione
937 865 1053 929 pamm
1072 855 1251 912 excusetur

128 946 303 1013 insolentia
332 943 482 1033 poeticae
511 943 680 1021 dictionis,
710 945 803 1030 cujus
831 943 936 1011 facilis
965 950 1038 1009 er'st
1056 944 1247 1014 declinatio.

194 1050 239 1134 λ.
261 1047 292 1113 5.
335 1044 582 1115 venabulorum
610 1045 726 1111 tutise
750 1044 978 1112 declinationis
1003 1067 1079 1132 pars
1103 1046 1249 1113 muima

129 1151 163 1215 in
181 1147 328 1236 synthesi
346 1147 483 1213 formam
500 1145 635 1233 genitivi
654 1157 761 1212 servet
778 1158 811 1212 et
827 1168 909 1233 pure
924 1145 1086 1212 terminati
1096 1157 1133 1211 ut
1144 1148 1248 1232 όροα·

127 1247 231 1335 τόμος
253 1261 288 1315 et
303 1270 371 1314 non
387 1270 481 1336 pure.
512 1248 572 1315 De'
584 1247 713 1314 illorum
730 1246 955 1313 imminutione
970 1247 1004 1312 in
1022 1248 1131 1333 priore
1147 1240 1248 1334 hujus

130 1351 361 1438 disputationis
382 1359 476 1437 perte
493 1356 602 1416 actum
620 1355 672 1415 est
691 1371 721 1415 c.
743 1349 805 1417 tv.
827 1352 853 1435 i.
872 1349 905 1414 4.
936 1348 1083 1414 Alterius
1105 1348 1248 1415 familiae

130 1454 195 1520 duo
212 1472 392 1519 consonam
413 1461 577 1516 exuemus
599 1448 742 1535 syllabae
761 1449 900 1532 primam
918 1450 1069 1516 amittunt
1085 1472 1154 1516 une
1170 1471 1247 1516 cnm

128 1552 232 1620 vocali
248 1552 334 1640 quae
350 1575 421 1618 eam
437 1550 662 1636 subseqm'tur:
687 1547 872 1634 ολγοπόλσς
888 1550 947 1617 καὶ
966 1550 1053 1617 κατὰ
1076 1551 1249 1640 eunomio

127 1652 274 1732 αἰπόλος
293 1653 374 1720 ΕΜ.
388 1652 442 1730 37,
456 1653 510 1717 47.
530 1648 641 1741 ἐνδείᾳ
663 1651 831 1738 συλλαβῆς
850 1645 869 1717 ό
891 1647 1080 1736 αὶγοπόλος
1101 1648 1252 1731 αἰπόλος,

128 1754 254 1843 γόισται
274 1753 432 1841 Apellen.
452 1753 546 1837 Synt.
565 1751 594 1818 l.
613 1752 644 1816 2.
663 1774 696 1837 p.
715 1750 747 1815 b.
772 1750 808 1815 id
828 1751 945 1817 ceteris
966 1751 1145 1817 mirabilius
1167 1751 1247 1840 quia

129 1877 275 1923 consona
290 1853 494 1942 'surrepticia
522 1852 566 1917 nd
595 1851 729 1937 stirpem
756 1852 898 1917 nominis
919 1852 1078 1939 pertinet;
1108 1853 1167 1920 sed
1189 1853 1246 1919 alii

128 1980 202 2024 cum
233 1951 337 2034 αλπος
365 1954 584 2043 compositum
610 1974 682 2018 esse
711 1962 858 2017 statuunt
886 1953 964 2022 Scb.
995 1954 1135 2021 Τόσσοι.
1160 1955 1189 2020 Ι.
1212 1956 1244 2020 1.

127 2061 257 2126 Nomen
285 2054 494 2142 κοκκύμηλον
524 2053 554 2121 si
585 2054 753 2119 Nicander
779 2065 868 2120 recte
888 2055 1120 2142 interpretatur
1138 2057 1245 2144 pipios

129 2154 147 2226 ii
170 2159 329 2242 νόκκογος
351 2157 524 2235 καλέουσι,
548 2155 665 2222 eadem
689 2154 861 2240 gutturalis
879 2156 1048 2242 emigravit
1070 2155 1247 2222 comitate

126 2258 306 2344 vocaliss).
325 2257 500 2323 ‘Alterum
527 2257 654 2344 profert
672 2256 751 2322 ΕΜ.
773 2256 848 2334 243,
869 2256 922 2322 38.
949 2254 1150 2344 γοναιμανὴς
1173 2251 1242 2325 ἀπὸ

127 2364 184 2428 τοῦ
213 2353 456 2447 γοναικομανής
481 2361 647 2444 cunensi,
682 2357 741 2422 sed
768 2380 847 2423 mox
872 2357 917 2422 ad
944 2357 1074 2423 seniora
1104 2380 1140 2423 se
1164 2379 1245 2424 con·

129 2462 224 2527 vertit
249 2455 296 2538 ιός
316 2455 396 2546 τιμὴ
422 2455 609 2541 Τιμόθεος,
638 2452 726 2524 οότω
755 2455 832 2546 γονή
861 2456 1045 2546 γοοσμανὴς
1073 2457 1132 2524 καὶ
1158 2458 1247 2527 κατὰ

126 2561 311 2647 μετάθεσιν
326 2552 584 2644 γοναιμαιήςὼς
599 2553 833 2637 μεσαιπόλιος.
864 2557 959 2624 Ideni
976 2559 1243 2628 declsratSchol.
1285 2607 1289 2617 .

127 2663 229 2730 Dion.
258 2660 404 2727 Gromm.
433 2657 513 2736 859,
543 2658 595 2723 29.
623 2669 738 2744 tropae
759 2659 892 2724 nomine
913 2681 1010 2738 usus,
1035 2682 1097 2726 nec
1112 2662 1188 2745 jure
1209 2661 1245 2726 in

129 2763 264 2828 dubium
291 2767 387 2826 vocat
416 2759 526 2845 Epim.
554 2759 581 2824 1.
610 2758 681 2822 102.
703 2759 742 2826 τὸ
764 2761 962 2846 γυναιμανές
985 2760 1098 2848 φαμὲν
1125 2761 1163 2828 ἐκ
1184 2768 1243 2830 τοῦ

128 2859 325 2950 γυναιμανές
347 2856 589 2946 συγκεκόφθαι,
612 2855 657 2925 ἵν’
688 2855 794 2926 ἔνεστι
816 2858 853 2925 τό
877 2857 1020 2946 γύναιον,
1043 2857 1064 2949 ἢ
1087 2859 1133 2940 ὡς
1153 2861 1243 2952 πόλι]

128 2962 358 3048 Πυλαιμένης,
388 2959 446 3049 ἕλη
477 2956 676 3050 &tacomp-
711 2961 835 3048 quippe
861 2982 982 3026 nomen
1011 2962 1157 3048 ignobile
1185 2961 1242 3050 γό-

125 3086 219 3130 ναιον
240 3063 281 3129 ab
303 3061 440 3129 Homeri
462 3060 671 3147 omniumque
692 3062 860 3150 epicorum
886 3066 1123 3131 consuetudine
1144 3067 1244 3152 longe

127 3166 308 3249 sejunctum
330 3174 389 3230 est
431 3165 558 3228 Eadem
578 3164 662 3229 ratio
686 3164 858 3232 intercedit
878 3167 962 3232 inter
978 3170 1242 3255 κροκοόολογεῖι,

25 3270 28 3277 ’
123 3264 416 3352 χαριτοβλέφαρος
440 3274 482 3360 ᾗ
501 3264 740 3350 κροκυλεγμός,
770 3266 973 3354 χαριδότης.
1004 3269 1242 3352 θεμόπλεκιος.

127 3365 279 3449 Syllabas
291 3364 429 3430 casualis
447 3390 483 3429 σο
498 3363 766 3451 interceptionem
779 3368 1004 3433 animadvertit
1013 3371 1092 3435 ΕΜ.
1104 3372 1177 3447 331,
1189 3371 1242 3436 20.

121 3460 347 3543 Ἑλλόνοοικος
389 3464 445 3531 καὶ
484 3470 636 3554 σογκοπῇ
660 3461 856 3546 Ἑλλάνικος.
911 3470 1067 3558 Syncope
1100 3472 1244 3537 elevetur

126 3563 154 3628 si
170 3585 244 3629 cum
259 3560 377 3644 Ἕλλός
399 3565 616 3653 compositum
639 3577 698 3647 est,
721 3590 786 3652 quo
798 3569 929 3636 nomine
946 3573 1073 3659 priscos
1091 3572 1242 3638 Helladis

127 3665 280 3749 antiqua-e
296 3677 328 3728 ct
343 3668 496 3752 propriae
514 3669 654 3733 cultores
672 3669 855 3755 appellatos
875 3695 947 3737 csse
961 3673 1051 3738 houd
1065 3674 1244 3760 spernendi

125 3778 273 3832 auctores
295 3768 525 3852 prodiderunt3
548 3771 649 3858 alpha
674 3770 810 3856 longum
828 3772 956 3838 videtur
970 3776 1057 3839 utin
1074 3773 1242 3861 Θοαγεοής

125 3879 158 3933 et
186 3867 354 3933 similibus.
389 3870 567 3936 Nominum
596 3872 798 3952 neutralium,
823 3897 906 3960 quse
928 3877 1107 3963 genitivum
1129 3876 1164 3940 in
1183 3863 1244 3954 a}

125 3968 271 4049 mittunt,
308 3968 426 4057 triplex
461 3983 510 4038 est
543 3974 665 4061 figuram
694 3996 760 4057 una
787 3975 946 4064 prolixior
975 3976 1240 4066 αλμαιόφυριος,

195 4207 241 4273 tt)
256 4207 374 4278 Ypsiion
392 4207 509 4280 corripit
521 4207 633 4279 quidem
645 4209 744 4264 Alexis
756 4210 867 4281 Frogm.
881 4212 947 4267 Vel.
961 4212 1013 4267 Ill.
1028 4214 1086 4266 rot.
1101 4215 1152 4267 sed
1167 4212 1243 4266 idem

127 4290 209 4344 ctiam
222 4291 249 4345 in
263 4291 381 4364 simplici
397 4294 536 4349 interdum
549 4294 608 4348 fieri
623 4304 722 4351 auctor
734 4305 777 4352 est
788 4298 966 4353 Herodianus
981 4299 1016 4352 de
1028 4297 1164 4353 Diebron.
1178 4300 1240 4352 285.
