2736 4778
132 344 194 412 170
507 340 786 410 DISSERTA'IIO
807 340 878 409 vu

130 509 271 577 nonnulli
293 508 331 574 Il.
353 506 433 573 XIII
458 505 518 574 197
540 507 590 573 usi
612 511 699 586 sunt,
723 505 777 572 cfr.
799 505 1027 573 Ibiedlaender
1050 506 1096 573 ad
1122 507 1273 577 Ariston

129 634 160 696 p.
185 613 233 677 15.
278 612 453 677 Aristarchi
475 611 560 676 idem
581 611 635 677 ille
656 611 847 677 mentionem
868 608 945 676 fecit
975 629 1034 694 per
1056 615 1273 683 occasionem

130 735 241 783 versus
263 716 368 781 decies
389 715 532 797 repetiti,
555 733 617 796 quo
638 713 795 779 Homerus
817 714 1049 780 enarrationem
1071 718 1272 786 certaminis

130 819 298 901 singularis
310 820 500 900 auspicatur,
524 813 593 883 ἀλλ’
609 813 664 882 ὅτε
688 816 727 903 δὴ
751 815 867 897 σχεδὸν
878 810 961 903 ἦσαν
984 811 1038 885 ἐπ’
1052 816 1268 908 ἀλλήλοισιν

129 918 243 1000 ἰόντες.
289 920 358 986 Hoc
380 921 502 986 diverse
525 919 618 986 scribi
640 919 691 984 bis
711 917 824 998 refert,
856 919 897 989 ad
918 919 955 985 Il.
982 919 1012 985 V
1046 919 1117 988 630
1155 922 1195 992 δν
1229 929 1272 1016 τῇ

131 1021 226 1116 ἑτέρη
248 1021 362 1091 ideas
385 1027 502 1100 νεῖται,
525 1029 559 1088 et
579 1022 626 1088 VI
650 1021 707 1087 151
733 1019 918 1110 Ζηνόδοτος
939 1022 992 1090 καὶ
1008 1017 1271 1118 Ἀριστοφάνης

131 1131 260 1207 δυϊκῶς·
294 1126 329 1194 έν
351 1125 388 1194 δέ
410 1129 489 1203 τοῖς
503 1123 697 1212 ἔμπροσθεν
730 1120 900 1213 εἰρήκαμεν
918 1119 1143 1215 Ἀριστάρχου
1178 1123 1268 1199 εἶναι

129 1230 188 1319 τῆν
212 1231 325 1317 δσϊκὴν
348 1223 495 1316 γραφήν,
517 1228 601 1310 quod
622 1229 730 1295 nescio
752 1247 793 1293 an
816 1226 1000 1310 Spitznerus
1020 1236 1115 1298 recta
1139 1233 1193 1300 ita
1214 1235 1264 1303 in·

129 1338 337 1416 terpretetur,
372 1331 589 1397 Aristarchum
611 1331 699 1414 prius
722 1330 848 1397 dualem
869 1331 1021 1414 probasse
1053 1339 1092 1411 ut
1122 1342 1267 1405 naturae

128 1437 292 1518 aptiorem,
314 1440 426 1518 postea
435 1434 590 1517 pluralem
601 1439 751 1517 tanquam
762 1434 996 1517 elegantiorem.
1040 1436 1092 1504 Ad
1116 1438 1157 1506 ΙΙ.
1181 1441 1267 1509 XIII

129 1537 202 1618 613,
224 1538 280 1604 ubi
301 1544 396 1622 poeta
418 1539 497 1604 duos
518 1538 690 1604 introducit
709 1543 902 1625 pugnatores
924 1539 989 1604 tela
1010 1558 1070 1606 sua
1090 1542 1128 1608 in
1152 1561 1192 1611 se
1215 1546 1265 1612 in·

128 1642 230 1708 vicem
252 1642 438 1724 diligente-t,
473 1638 541 1724 δι’μα
564 1636 593 1708 δ’
618 1637 769 1727 ἀλλήλων
791 1639 947 1729 ἐφίκοντο
969 1641 1099 1727 Didymi
1123 1644 1264 1716 affertur

129 1745 357 1810 testimonium:
376 1739 821 1831 ἜφέκσντοἈριάταρχος·
845 1736 992 1813 dilores*
1013 1741 1263 1835 ἒφίκεσθσν·

126 1842 371 1936 Ἀριστοφάνης
394 1848 430 1915 σὲ
463 1846 711 1935 ἐφικέσθην,
745 1849 829 1914 unde
851 1866 913 1913 non
941 1847 1019 1914 satis
1042 1852 1263 1936 cognoscitur,

128 1956 235 2015 utrum
257 1950 311 2015 ille
332 1950 487 2033 pluralem
508 1950 703 2033 probaverit,
737 1951 881 2032 quamvis
895 1939 975 2017 ¹¹non
1002 1952 1177 2023 admodum
1201 1977 1260 2025 na·

128 2054 314 2134 cessarium,
337 2072 379 2120 an
401 2054 504 2120 doado
526 2054 778 2120 terminationem
801 2072 885 2133 eam,
913 2072 977 2136 qua
996 2073 1137 2137 persona
1157 2062 1260 2129 tertia

128 2158 325 2240 adaequatur
336 2157 502 2236 secundae,
524 2157 616 2224 nixus
627 2155 763 2223 fortasse
775 2150 985 2224 duobuslocis
1007 2158 1052 2224 τὼ
1067 2160 1132 2244 μὲν
1144 2154 1200 2249 ἄρ’
1216 2201 1254 2214 -

127 2257 374 2348 θωρήσσεσθον
387 2259 424 2326 ll.
435 2260 515 2326 XIII
533 2259 605 2341 301,
628 2259 712 2343 quod
726 2260 826 2326 vocali
836 2261 999 2343 excipitur,
1022 2266 1056 2328 eb
1077 2258 1134 2332 δύ’
1159 2260 1257 2355 ἀνέρε

128 2361 376 2452 θωρήσσεσθον
396 2363 472 2429 XVI
494 2363 572 2446 218,
605 2363 660 2428 ubi
682 2363 806 2431 codices
827 2364 926 2450 multi,
951 2369 985 2430 et
1005 2364 1155 2433 Eustatlu
1179 2374 1255 2438 θον·

127 2464 289 2554 ρήσσσντσ
311 2466 479 2549 praebent,
514 2466 636 2550 syllaba
661 2466 750 2534 breui
782 2469 814 2533 in
837 2468 923 2533 exitu
944 2469 1102 2535 collocata
1150 2471 1256 2540 Multo

127 2572 280 2637 celebrior
291 2576 342 2636 est
352 2577 425 2653 post
436 2567 482 2635 τώ
494 2575 527 2636 ct
539 2567 598 2638 δδσ
611 2571 713 2636 dualis
725 2569 827 2653 figura
838 2573 1026 2637 communis:
1042 2572 1087 2639 ui
1098 2576 1255 2662 κρατερὼ

130 2673 405 2761 θεράποντεΔιὸς
410 2671 571 2758 μεγάλοιο
581 2675 741 2762 γενέσθην
750 2674 940 2754 0le254,
952 2671 1129 2743 ε”τενονδδο
1138 2682 1252 2759 παῖδε,

76 2784 82 2804 ¹
125 2780 331 2860 μινυνθαδέω
355 2776 392 2844 δέ
414 2776 573 2862 γενέσθην
595 2776 641 2841 XI
664 2775 740 2856 307,
771 2774 946 2858 διδυμάονε
969 2781 1068 2846 παῖδε
1091 2783 1254 2871 γενέσθην

126 2882 163 2947 ll.
185 2883 230 2948 IV
252 2879 330 2961 548,
353 2879 400 2945 τὼ
421 2880 482 2962 μέν
505 2871 557 2964 r'r'p'
582 2873 744 2970 ἡβήσαντε
771 2917 805 2928 -
829 2877 1024 2967 Ἀργεέοιοιν
1046 2878 1201 2973 ἑπέσθην
1223 2886 1252 2950 V

125 2985 203 3064 550,
236 2985 438 3072 omniumque
458 2983 697 3051 celeberrimum
732 2983 776 3050 ιώ
800 2979 827 3050 δ’
853 2980 912 3049 οὖν
935 2978 1050 3051 δι’νονττ
1073 2987 1252 3074 πετέσθην,

124 3093 166 3154 cd
195 3089 223 3156 δ’
247 3085 317 3172 ἅμα
342 3093 477 3177 πνοιῇσι
502 3089 685 3172 πετέσθην,
721 3086 766 3152 cri
791 3083 819 3152 δ’
832 3082 965 3166 ἀΐξαντε
989 3088 1168 3174 πετέσθην,
1205 3089 1248 3157 ιδ

126 3189 304 3259 σπεύδοντε
328 3192 505 3279 πετέσθην.
537 3191 642 3257 Nihilo
655 3191 756 3257 secius
768 3190 865 3257 verba
878 3191 1021 3256 eiusdem
1032 3192 1153 3258 moduli
1164 3193 1253 3261 haud

125 3315 197 3361 raro
219 3297 251 3361 iu
273 3295 388 3378 plurali
409 3300 581 3378 ponuntur:
616 3289 807 3382 ἀμφίπολοι
832 3289 883 3360 δύ’
909 3293 1030 3361 ἕποντο
1054 3293 1112 3360 Od
1136 3296 1251 3378 1331,

125 3400 171 3464 τὼ
196 3399 232 3467 δέ
253 3399 358 3487 βήτην
382 3436 417 3446 -
443 3395 526 3481 τάχα
551 3392 579 3464 δ’
598 3393 752 3484 Ἕκτορος
774 3389 848 3484 δι’γχι
872 3398 1000 3484 γένοντο
1023 3396 1151 3465 IIVIII
1176 3398 1250 3483 118,

124 3506 248 3585 μᾶλλον
261 3502 498 3589 ἐπεδραμέτην,
521 3497 605 3583 τάχα
629 3502 665 3566 δέ
685 3523 799 3588 σφισιν
820 3493 891 3586 δι’γχι
906 3501 1037 3587 γένοντο
1050 3501 1251 3584 Xxlllddl,

124 3607 270 3688 idemque
292 3604 329 3670 fit
340 3605 467 3670 aoristis
478 3601 624 3686 passivae
635 3601 769 3669 formae:
791 3599 993 3672 τιὸ-λέονθ’
1020 3595 1064 3682 ὣς
1087 3603 1251 3695 dupinio}

124 3735 181 3797 την
198 3709 274 3775 XVI
297 3707 362 3774 756·
382 3714 416 3772 et
437 3706 483 3772 τα)
497 3745 533 3756 -
548 3705 685 3774 έναντέιο
698 3703 934 3794 δρμηθέτηνλέ
949 3708 996 3788 12,
1020 3708 1076 3773 sed
1087 3706 1122 3772 ll.
1135 3707 1253 3775 XXIII

123 3813 201 3892 812,
233 3812 287 3878 ubi
311 3829 413 3893 neque
436 3808 481 3876 τώ
502 3811 665 3894 praecedit
685 3828 787 3891 neque
810 3810 872 3874 alia
893 3830 951 3876 vox
981 3811 1121 3877 eiusdem
1157 3819 1251 3895 pote·

124 3918 224 3996 statio,
249 3912 478 4002 θωρήχθησαν
500 3915 616 3996 legitur
638 3921 672 3979 et
692 3914 786 3995 paulo
808 3920 881 3994 post
892 3909 1108 4001 ὡρμήθησαν.
1142 3913 1181 3980 In
1197 3916 1251 3984 his

124 4021 246 4086 ecdicos
268 4017 368 4084 nostri
391 4018 599 4098 consentiunt,
623 4018 680 4082 sed
701 4016 737 4081 II.
749 4016 795 4081 XI
817 4015 879 4080 283
905 4016 949 4081 ub
972 4013 1001 4082 δ’
1027 4013 1086 4082 οὐκ
1109 4011 1251 4087 ἀέκοντε

125 4123 294 4207 πετέσθην
308 4123 498 4206 -βοσιλῆσ
522 4116 659 4209 ’φέροντο
681 4139 738 4202 pro
760 4120 819 4185 hoc
840 4120 982 4203 plerique
1006 4126 1039 4184 et
1061 4119 1174 4200 optimi
1187 4123 1250 4210 φέ·

123 4248 236 4311 ροντες
257 4222 424 4306 praebent,
458 4224 646 4306 quod-nunc
667 4228 830 4306 receptum
862 4229 920 4289 est.
965 4223 1045 4288 Item
1066 4221 1147 4287 XIII
1183 4224 1251 4291 200

124 4317 201 4412 αἶγα
227 4327 335 4393 λέοντε
360 4365 395 4375 -
423 4328 617 4416 φέρητον-
632 4327 716 4412 μετὰ
740 4331 952 4416 γαμφηλῇσιν
975 4324 1084 4409 ἔχοντε
1107 4330 1140 4392 et
1151 4325 1251 4396 XVII
