2736 4778
125 406 188 472 342
349 403 406 469 DE
428 401 789 469 ORTHOGRAPHIAE
812 399 1011 467 anshelm

127 569 273 636 continuo
294 567 327 632 id
348 566 432 649 quod
454 565 595 630 crebrius
616 534 1059 647 legeretnr'substituendum
1096 569 1262 646 putarunt

127 671 225 737 semel
236 671 286 735 vel
297 671 400 735 rarius
412 669 507 733 lecto:
530 666 738 754 αμικρὸςρῐο
750 663 878 752 μικρός,
900 665 944 745 ἒς,
968 665 1051 750 ἔσω,
1079 663 1185 732 κάειν
1205 671 1265 730 eta

125 773 327 839 Hormannus
348 790 424 837 vero
446 770 487 835 ad
508 770 592 835 Med.
613 789 643 835 v.
665 772 686 834 2
718 774 829 834 conha
848 769 1036 834 Elmsleium
1073 769 1263 851 disputans,

126 876 180 958 qui
202 893 259 956 pro
281 872 348 954 σύν,
371 873 548 955 ubieunque
568 877 705 937 metrum
727 872 918 949 admitteret.
941 866 998 950 ξύν
1018 873 1144 953 reponi
1156 873 1262 936 iusse-

125 983 185 1057 rat,
207 977 289 1043 hanc
310 993 466 1043 morosam
487 973 695 1040 subtilitatem
706 973 798 1055 longe
809 973 946 1054 respuit:
968 973 1100 1036 omnim
1113 973 1262 1060 copiam

128 1077 271 1142 δοδανοαα
292 1078 387 1161 molto
400 1072 740 1161 foedius'iuiusmodo'
757 1074 962 1137 constantiam
985 1073 1018 1138 ἰο
1030 1073 1261 1161 Rucydt'dcn

126 1203 219 1265 qoam
239 1181 273 1245 ia
295 1180 433 1266 tropicos
456 1177 573 1242 cadere.
602 1214 637 1227 -
663 1173 741 1252 Oraia
761 1174 854 1240 lade
876 1200 897 1239 c
919 1177 1026 1261 ποιεῖν
1048 1175 1196 1264 'myst
1228 1188 1261 1239 ut

127 1279 310 1345 δαίνιοοιοδί
327 1281 361 1344 ia
382 1280 473 1343 rebus
495 1279 560 1342 sibi
578 1276 738 1341 conatast?
781 1277 845 1344 Sed
867 1277 1087 1361 Thucydidem
1124 1297 1259 1362 quoque

126 1387 312 1464 ceterosque
334 1382 504 1463 scriptores
526 1380 647 1446 Atticos
668 1381 809 1446 nonnulli
832 1381 873 1446 ad
895 1381 1089 1463 aequalitem
1112 1382 1190 1446 stili
1209 1399 1258 1446 re·

126 1502 239 1550 vocam
261 1484 364 1549 conati
387 1487 461 1548 sunt
482 1487 589 1563 spreto
601 1483 758 1564 Apollonii
778 1481 893 1548 iudicio
913 1481 1005 1547 Pron.
1028 1481 1074 1547 63
1097 1478 1256 1561 eliniga-

126 1585 285 1668 podienses
308 1584 348 1649 τὰ
371 1587 436 1649 τῶν
458 1585 631 1650 διαλέκτων
651 1584 707 1650 καὶ
739 1580 886 1666 μάλιστα
919 1583 960 1648 τὰ
988 1588 1056 1649 τῶν
1076 1581 1254 1651 Ἀττικῶν.

76 1771 87 1779 ,
125 1687 244 1752 Verum
265 1686 318 1752 hic
339 1686 475 1768 impetus
496 1686 625 1767 paulam
648 1685 798 1764 defervet,
825 1704 929 1769 neque
950 1685 1087 1752 offendit
1107 1688 1254 1769 amplius

126 1806 312 1872 quenquam,
346 1789 374 1853 si
395 1788 545 1853 nonnulla
566 1788 719 1854 vocabula
740 1789 825 1869 apud
846 1780 974 1854 eosdem
996 1790 1181 1871 scriptores
1204 1789 1252 1855 oi·

126 1909 218 1957 verse
229 1889 366 1971 figurata
375 1890 543 1955 invenerit:
566 1886 933 1970 stereometriam,
955 1890 1248 1957 astallbaumad

127 1993 285 2058 Phaedon.
296 1989 438 2058 99Bed.
449 1991 507 2071 ΠΙ,
521 1987 754 2074 πλεύσομαι
771 1998 805 2057 el
818 1994 1250 2076 nasaraospaal’oppnl

125 2095 205 2161 Xon.
228 2093 328 2160 inab.
350 2093 379 2158 V
403 2094 430 2158 l.
455 2094 504 2172 10,
528 2091 684 2159 Schaeier.
713 2093 755 2159 ad
776 2093 866 2159 Dem
888 2112 914 2160 c
937 2094 1052 2177 Polycl.
1079 2095 1178 2162 1218.
1204 2097 1251 2173 la,

126 2195 267 2286 εἴησαν
279 2200 312 2262 et
322 2188 405 2263 elev
415 2195 511 2278 Popp.
523 2194 698 2262 abinabl
713 2201 738 2260 l.
750 2194 780 2275 5,
792 2196 1002 2262 Kuehner.ad
1014 2180 1111 2263 Mem.
1124 2197 1188 2264 14.
1201 2197 1249 2279 19,

31 2304 45 2378 2
127 2297 302 2384 σκοποίη
325 2304 359 2364 et
380 2302 530 2364 ονοποῖ
551 2296 731 2364 Schneider.
747 2298 788 2364 ad
800 2297 865 2363 civ.
877 2299 922 2363 IV
934 2297 997 2363 428
1010 2297 1049 2377 D,
1073 2299 1249 2367 Rueckert

125 2404 167 2468 ad
190 2401 295 2485 Symp.
320 2399 380 2466 196
403 2399 428 2465 O
449 2401 574 2482 chaque
596 2399 815 2465 heteroclisiae
836 2407 870 2465 et
890 2400 1112 2483 heterozygiae
1138 2421 1247 2491 exem·

109 2506 192 2587 ,plat
210 2498 942 2580 colonetensev.Parall.556‚aaomlm
964 2502 1246 2585 θῐδνιννῦνοι,

126 2627 153 2671 v.
176 2605 335 2686 Ruediger
364 2605 404 2669 ad
426 2604 559 2685 Philipp.
582 2605 617 2668 T.
639 2607 655 2668 1
678 2603 728 2682 97,
752 2622 833 2686 quae
856 2605 958 2670 modo
971 2605 1157 2686 speciminis
1182 2609 1248 2674 loeo

124 2708 287 2791 proposui,
320 2712 357 2771 ut
377 2706 576 2786 proluderem
603 2706 857 2786 suspectionibus.
901 2707 1027 2772 Etenim
1048 2708 1181 2774 illorum
1205 2710 1246 2774 si·

31 2826 34 2831 ’
127 2808 532 2889 miliareperiunturetiam
554 2809 585 2872 in
597 2807 709 2873 Latino
721 2826 865 2873 sermone
887 2815 921 2875 et
941 2810 973 2873 in
995 2816 1104 2874 nostro
1128 2830 1247 2876 verua·

127 2913 210 2977 culo:
244 2933 278 2974 cr
300 2908 426 2993 raes-er
447 2909 532 2993 rufio
543 2957 552 2991 ‚
589 2908 831 2995 frop-froqtc,
865 2909 1116 2990 ward-warde,
1143 2911 1247 2977 'orte-

128 3013 238 3078 Oorter
259 3019 318 3078 etc.
363 3011 426 3077 Sed
448 3031 510 3094 quo
533 3013 650 3077 arctius
672 3012 750 3077 talia
771 3013 970 3094 colhgantur‚
993 3013 1051 3078 hoc
1073 3015 1248 3081 notabilior

127 3117 163 3181 fit
184 3115 396 3197 discrepantia
417 3120 450 3180 et
470 3115 529 3181 hoc
551 3115 688 3180 crebrior
711 3115 888 3179 criticorum
899 3116 1075 3181 haesitatio.
1119 3116 1247 3183 InPhi·

127 3217 212 3283 lostr.
234 3218 310 3282 Her.
334 3216 410 3294 672,
442 3217 497 3281 ubi
519 3217 694 3281 sententiae
715 3217 883 3299 primariae
917 3215 1047 3284 τοιόνδε
1081 3213 1141 3284 ἐπὶ
1178 3225 1249 3298 τοῖς

127 3320 337 3402 δένδρεσιν
355 3316 508 3406 ἔγραψαν
530 3316 630 3399 νόμον
642 3319 724 3403 duae
736 3324 954 3401 supponuntur
964 3326 1072 3402 partes
1084 3327 1118 3385 et
1141 3322 1177 3386 in
1200 3323 1247 3387 al·

124 3427 193 3487 tera
216 3421 366 3502 scriptum
389 3425 440 3507 est
462 3425 506 3506 τῷ
530 3417 627 3506 ἑτέρῳ
648 3421 743 3506 μέρει
767 3422 806 3508 ζῇ
827 3421 865 3486 τὸ
889 3423 1068 3507 δένδρον,
1103 3425 1250 3503 graviter

126 3522 256 3588 offendit
266 3522 491 3588 Boissonadius
513 3542 543 3603 p.
567 3521 644 3588 369:
668 3533 769 3586 catus
791 3545 869 3606 eom,
892 3526 1002 3607 inquit.
1024 3547 1087 3587 noo
1108 3522 1164 3587 iio
1177 3529 1247 3592 δίν-

127 3627 219 3710 δρεοι
249 3635 277 3686 ct
309 3622 399 3707 safra
432 3623 567 3708 δένδρον
589 3625 756 3710 αονζοοὼαα
780 3624 1017 3691 Ptr‘lostrctam.
1075 3625 1139 3692 Sed
1176 3629 1251 3694 An-

125 3731 287 3791 staenetus
310 3743 434 3806 quoque
456 3725 472 3789 1
493 3726 551 3808 Ep.
574 3725 623 3791 III
644 3747 673 3808 p.
699 3727 737 3792 13
760 3726 880 3794 formae
901 3730 1048 3811 antiquae
1070 3728 1250 3798 etIonieae

125 3829 263 3915 δένδρη.
298 3845 379 3908 quae
411 3829 504 3909 vulgo
537 3829 683 3894 adhaesit
715 3829 839 3909 dativo,
876 3838 949 3912 post
980 3848 1096 3911 paucos
1129 3851 1250 3900 versus

125 3930 290 4011 supposuit
316 3929 477 4009 vulgarem
510 3930 641 4012 δένδρα.
705 3930 809 3995 Huius
841 3933 1101 4015 transgressionis
1135 3953 1250 4002 exem-

70 4085 73 4093 ,
124 4032 177 4113 pla
208 4031 344 4112 plurima
376 4031 470 4096 cotuh
508 4032 549 4097 ad
581 4032 694 4114 Phryn.
729 4031 805 4098 762:
839 4034 878 4100 τὸ
917 4028 1106 4119 νάπος-ἧ
1142 4034 1251 4126 νάπη,

28 4204 32 4210 ,
125 4129 287 4200 στάδιον
306 4129 453 4201 -ονάδνα
477 4140 546 4210 eta,
569 4134 684 4216 quibus
707 4135 782 4201 addi
798 4136 875 4204 licet
892 4129 1250 4222 ἀτέραμνον-ἄτε-

124 4232 267 4318 ράμονας
304 4235 462 4302 Plutarch
506 4234 610 4320 Symp.
643 4237 677 4303 L.
713 4238 775 4304 VH
814 4239 871 4317 Qu.
909 4237 942 4302 II
985 4236 1006 4302 3
1044 4255 1073 4318 p.
1109 4239 1174 4309 701
1214 4240 1251 4310 (2.

10 4366 14 4373 ·
124 4334 191 4401 Nec
222 4337 324 4403 solum
357 4335 458 4405 flexus
495 4345 678 4420 mutantur,
716 4341 775 4409 sed
809 4342 908 4408 etiam
946 4341 1057 4406 literae
1097 4341 1252 4424 singulae
