2736 4778
204 366 262 432 DE
285 365 529 448 SYNAERESI,
550 366 752 480 DIAERESI
774 374 832 436 etc.
866 370 900 447 P.
912 370 953 437 n
977 370 1054 438 en
1077 373 1104 458 ᾗ.
1117 373 1146 439 6.
1183 373 1243 439 117

125 526 235 613 ἰχθῦς,
259 534 332 615 μῦς,
356 532 499 622 ῥῦσθαι,
533 549 626 613 quern
659 533 803 614 sequitur
828 533 983 599 Arcadius
1008 533 1077 601 196.
1103 535 1141 600 17
1177 540 1245 603 πᾶν

125 632 274 722 δίχρονον
297 632 332 699 ἐκ
355 631 510 721 κράσεως.
524 629 561 698 όν
583 633 776 702 detriverat:
800 633 833 703 oi
855 637 956 718 νέκυς,
979 633 1011 703 οἱ
1032 634 1164 723 βότρυς,
1188 641 1244 726 ῥό-

126 745 218 803 σδαι.
263 736 355 803 Nunc
376 738 415 803 de
437 738 570 818 singulis
592 735 736 819 referam,
753 757 834 821 quae
856 739 1079 821 priscaschola
1103 741 1243 822 tradidit,

129 858 166 905 ac
186 841 322 922 primum
344 841 383 906 de
406 840 519 905 verbis.
562 839 750 905 Plutarchus
773 841 813 907 de
834 842 924 907 Poes.
947 842 1038 908 Hom.
1062 860 1086 908 a.
1102 842 1166 908 nn
1180 843 1243 908 487

125 943 159 1008 Τ.
182 943 245 1008 XH
268 939 406 1021 ότιικῶς
440 938 571 1031 εἴρηται
602 941 640 1008 τό
675 940 846 1030 ῥήγνυσι
879 943 1038 1027 ῥέοντες
1064 946 1100 1010 ll.
1122 945 1148 1011 P
1172 946 1256 1030 751,

127 1042 283 1131 ζεύγνυσι,
319 1038 436 1128 όιινυσι
470 1044 533 1129 (his
556 1045 759 1129 accentibus).
825 1046 916 1113 Hanc
937 1047 1137 1114 Herodianus
1160 1049 1245 1130 apud

127 1147 278 1214 Choerob.
302 1146 376 1214 (lan.
398 1146 459 1213 861
496 1151 615 1235 κυρίως
648 1147 810 1235 διαίρεσιν
838 1150 991 1233 appellat,
1025 1169 1107 1233 quae
1140 1151 1245 1232 specie

124 1252 216 1317 modo
238 1270 310 1317 cum
330 1251 507 1317 accusativo
530 1246 626 1332 ἰχθῦς
649 1252 792 1333 congruit
813 1256 847 1316 et
867 1258 1036 1335 propterea
1059 1248 1077 1338 ἡ
1102 1255 1243 1320 δοκοῦσα

127 1350 314 1439 συναίρεαις
335 1354 457 1419 dicitur.
500 1352 663 1419 Naturalis
685 1353 812 1435 quidem
834 1356 1015 1420 berminatio
1031 1353 1244 1446 θεῑρήγνυνσι

124 1462 161 1521 ut
176 1453 315 1532 δίδιινσι,
340 1456 396 1522 sed
419 1457 493 1539 quia
513 1456 555 1526 §.J
581 1457 761 1539 asymploca
783 1460 864 1536 sunt
887 1455 988 1522 Dares
1012 1459 1113 1539 sigma
1134 1460 1167 1524 in
1189 1466 1244 1525 tan

124 1564 257 1639 mutant
280 1559 376 1625 ceteri
398 1578 439 1642 ny
461 1560 494 1623 in
516 1557 618 1640 alpha.
669 1560 712 1625 Et
734 1560 868 1625 duorum
901 1559 1068 1626 verborum
1090 1558 1246 1647 εἰλόομαι

124 1666 158 1728 et
179 1660 316 1750 ίριίομαι
350 1667 494 1744 tempora
526 1662 707 1743 praeterita,
740 1681 822 1744 quae
853 1679 1022 1728 consonam
1054 1664 1142 1729 illam
1170 1670 1244 1730 ante

125 1765 378 1832 terminationem
399 1769 451 1835 ἀἱ
475 1771 508 1830 et
528 1767 562 1837 ῐῐ
587 1764 718 1845 habent,
752 1783 823 1830 earn
849 1764 898 1828 vel
921 1763 1071 1830 abiiciunt
1092 1767 1143 1832 vel
1163 1768 1197 1831 in
1221 1768 1246 1835 ’ῖι

123 1868 221 1933 breve
242 1872 442 1934 convertunt:
456 1864 613 1945 εἷ’λυνται,
636 1864 775 1948 siluros,
798 1863 959 1945 εἰλύαται,
983 1868 1015 1932 in
1037 1868 1151 1950 quibus
1173 1866 1246 1934 libri

124 1971 240 2054 ubique
274 1971 462 2051 discrepant
488 2008 523 2018 —
549 1970 632 2036 Hinc
665 1989 768 2036 serino
801 1970 945 2051 procedit
978 1971 1018 2036 ad
1047 1971 1246 2038 substantiva

121 2075 155 2139 in
176 2075 281 2153 σῖῐῐς,
303 2090 437 2155 quorum
458 2090 496 2136 ex
519 2090 632 2155 magno
654 2073 778 2139 cumulo
790 2073 947 2140 Homerus
963 2073 1094 2155 triginta
1108 2080 1244 2157 quatuor

123 2178 294 2259 decerpsit,
330 2180 425 2257 atque
459 2175 571 2240 horum
603 2177 798 2243 accusativos
830 2177 968 2260 plurales
995 2177 1103 2259 posuit
1128 2179 1245 2259 partim

122 2281 270 2363 integros,
302 2279 419 2360 partim
441 2282 613 2358 conspice,
635 2296 698 2343 non
721 2278 822 2346 solum
843 2279 899 2345 ubi
921 2283 1058 2346 metrum
1083 2281 1186 2362 poscit
1206 2285 1243 2346 nt

123 2387 182 2461 σῦς
202 2382 263 2466 μὲν
286 2379 422 2469 ἔθηκας,
446 2388 595 2468 γραπτῦς
618 2376 771 2448 ἀλεείνων
794 2387 827 2447 et
847 2382 959 2448 eadem
980 2382 1102 2448 ratione
1124 2384 1218 2448 uisci
1219 2408 1245 2464 ς,

124 2480 403 2573 όφρός,Ἐριννῦς,
427 2484 484 2550 sed
505 2483 601 2550 etiarn
622 2483 678 2548 nbi
699 2502 762 2549 non
782 2486 918 2567 respuit:
943 2482 1039 2567 ἰχθῦς
1061 2481 1242 2574 ἀγρώσσων

123 2591 156 2654 in
177 2589 279 2671 primo
295 2588 385 2669 pede,
409 2588 509 2672 γένυς,
526 2589 613 2676 δρῦς,
631 2605 713 2669 quae
724 2586 927 2655 Thierschius
948 2589 1105 2674 indicat&
1120 2588 1190 2655 191.
1203 2590 1245 2656 26

123 2691 204 2758 forta
226 2690 342 2757 oblitus
363 2690 508 2773 bisyllabi
531 2687 566 2756 ἐκ
589 2690 626 2758 δὲ
649 2690 742 2769 νέκυς
755 2687 863 2759 ὀἷ’κυιν
885 2688 1019 2779 φόρεον,
1042 2692 1126 2774 qnod
1149 2692 1244 2757 schol.

125 2794 231 2861 XXIV
253 2792 315 2859 665
338 2811 409 2858 cnm
431 2794 571 2875 optativo
594 2790 752 2860 δαινόατο
777 2797 910 2862 &orrico
934 2795 1099 2878 componit
1136 2795 1245 2862 'Zeno-

125 2899 199 2963 doto
220 2895 333 2964 nna
356 2896 462 2972 πσλῦς
484 2896 634 2961 scribenti
656 2913 713 2977 pro
736 2897 852 2974 πολεῖς
862 2896 1059 2963 Aristonicus
1080 2899 1246 2980 respondit

123 2998 209 3084 μόνα
231 2998 271 3064 τό
293 2995 341 3077 εἰς
365 2999 408 3075 ἶς’
430 3004 591 3086 μονογενῆ
624 2994 762 3066 δι”νατοι
790 2997 884 3085 παρὰ
910 2999 968 3084 τὴν
991 2996 1123 3067 ἔκτασιν
1145 2996 1168 3088 ἢ
1190 3025 1244 3067 συ·

124 3102 243 3171 οτολόν
266 3093 361 3168 fiatad
379 3098 436 3167 καὶ
458 3100 666 3187 πληθυντικόν
698 3097 854 3186 γίνεσθαι
878 3091 950 3167 οἷον
970 3099 1092 3189 βότρυς
1112 3099 1244 3188 βότρυς·

123 3206 271 3272 nimirum
304 3204 378 3287 quia
410 3203 565 3269 adiectiva
597 3221 659 3268 non
691 3221 749 3285 per
769 3205 830 3281 123}
859 3203 1070 3286 dealbantur,
1105 3206 1162 3272 sed
1183 3210 1243 3283 ῖυῐ

124 3308 207 3393 [Vol.
229 3308 245 3374 I
267 3327 296 3389 p.
319 3305 406 3391 2331.
450 3304 561 3386 Neque
583 3306 741 3372 neutralia
762 3306 796 3370 in
815 3307 904 3384 ῐῐόξ
924 3298 1104 3389 crasi'apta
1125 3307 1243 3373 haben·

123 3417 191 3490 turc
221 3407 559 3495 diupoabisyllabnm
582 3411 666 3492 apud
687 3408 860 3475 Pindarum
881 3409 956 3475 olim
978 3410 1114 3492 spnizesi
1136 3408 1244 3475 defen·

124 3514 267 3593 debatur,
289 3529 372 3578 nuno
393 3506 498 3599 δάκρη
521 3512 727 3580 substitutum
760 3516 812 3577 est
833 3530 872 3576 ex
894 3508 1018 3597 δόκρεα
1040 3518 1243 3594 contractum,

122 3637 151 3683 r.
175 3616 398 3683 Schneidewin.
431 3613 580 3681 adScol.
603 3615 670 3681 12.
715 3615 807 3680 Illam
839 3614 980 3680 nonnulli
1013 3617 1245 3682 transtulerunt

124 3721 165 3786 ad
186 3719 388 3786 Homericum
408 3712 562 3806 Ἐνυαλίῳ
579 3713 796 3807 ἀνδρειφόντῃ
819 3723 875 3784 aut
895 3719 935 3790 ῑιῐ
955 3719 1079 3784 vocales
1100 3719 1133 3782 in
1147 3736 1244 3783 unam

124 3824 279 3908 syllabam
301 3826 425 3887 coactas
436 3822 508 3902 rati,
526 3826 582 3886 aut
596 3824 647 3908 Τῳ,
669 3821 813 3904 plerique
823 3822 963 3888 vocalem
975 3821 1089 3902 prioris
1100 3819 1244 3886 vocabuli

123 3927 268 3993 ultimam
290 3941 360 3990 cum
382 3923 485 4004 prima
507 3922 638 3990 alterius
660 3925 1072 4005 consarcinandamputant.
1116 3920 1180 3986 Sed
1202 3922 1242 3987 de

100 4098 104 4105 ,
123 4028 330 4096 substantivis
352 4026 385 4091 in
408 4028 439 4102 a}
460 4025 563 4092 adhuc
584 4027 763 4093 addendum
774 4032 832 4106 est
857 4043 1032 4091 sermonem
1045 4041 1241 4089 communem

122 4134 155 4199 in
177 4134 359 4198 universum
391 4145 493 4211 pauca
524 4128 566 4194 ad
588 4147 622 4194 se
644 4130 801 4212 recepisse
823 4128 940 4210 partim
962 4127 1104 4192 derivata
1125 4127 1241 4209 partim

120 4236 288 4319 primitiva.
315 4233 392 4300 *Illa
413 4235 587 4299 constante
609 4232 684 4298 solis
698 4229 963 4297 numerabilibus:
988 4225 1109 4312 τριτός,
1122 4255 1240 4316 τετρα-

123 4335 208 4420 κιός,
227 4334 454 4426 αονιηκσστύς,
472 4331 661 4420 ἕκατοσιός,
685 4336 786 4402 altero
808 4351 924 4417 genere
946 4332 1144 4399 continentur
1166 4333 1240 4399 sub·
