2736 4778
318 346 383 411 mo
405 344 695 413 metanoeas
738 344 778 412 c.
802 347 829 411 1.
870 350 896 431 ς.
917 348 949 412 4.
1119 352 1189 423 ool

84 530 348 596 transnominavit
376 552 408 593 v.
434 528 536 594 Proll.
559 528 634 593 415.
678 528 715 596 si
737 534 892 620 σποργᾷν
918 544 952 595 et
976 536 1131 621 σμρνγᾷν,
1159 546 1195 600 ut

81 633 115 697 in
136 632 376 720 significatione
399 640 604 717 competunt,
633 629 680 694 ita
708 630 804 696 etiam
833 631 1063 699 communitate
1084 636 1194 721 stirpis

82 735 255 819 conjuncta
277 742 363 810 sunt,
383 730 554 797 metathesi
576 732 714 797 accessit
735 742 829 821 trope
852 733 972 799 vocalis
996 746 1029 799 et
1049 736 1195 823 enallage

81 858 258 903 consonae.
301 836 355 901 Ex
376 832 547 900 verborum
567 833 803 900 inclinamentis
826 835 891 901 hnc
910 846 1083 902 revocatur
1109 836 1195 901 aori·

82 950 152 1003 stus
171 930 340 1026 ἤμβροτον
361 928 432 1003 ἀπὸ
454 938 512 1002 τοῦ
534 931 681 1021 ἥμαρτον
709 936 794 1002 κατὰ
822 932 1075 1021 ὕπερβιβασμὸν
1094 928 1196 1023 aab}

82 1038 140 1103 καὶ.
167 1042 280 1126 τροπῇ
312 1041 372 1103 τοῦ
398 1024 501 1117 {aig
517 1022 558 1103 o
571 1034 629 1103 καὶ
664 1039 864 1123 πλεονασμῷ
891 1040 951 1103 τοῦ
973 1026 1124 1120 ΕἘιοο.
1161 1040 1196 1104 in

81 1137 191 1204 Cram.
212 1136 340 1203 Anecd.
371 1136 483 1204 Onon.
512 1138 553 1204 Τ.
577 1140 636 1205 lv.
661 1138 739 1215 195,
769 1138 798 1201 7.
821 1136 927 1203 Paris.
960 1136 1002 1205 Τ.
1027 1139 1088 1207 Iv.
1119 1139 1193 1205 236.

80 1241 203 1324 Etymo
221 1239 358 1326 propius
388 1250 439 1304 est
454 1230 614 1325 ’Έμορτεν
642 1232 797 1305 ἀπέθανε
825 1240 907 1304 Hes.
936 1241 1026 1325 quod
1053 1232 1195 1330 ἥμαρτεν

83 1339 181 1405 scribi
216 1340 314 1406 debet
344 1363 364 1405 a
396 1338 497 1406 verbo
530 1334 657 1425 ‹ipsios›
691 1340 750 1405 sed
779 1340 1017 1429 significatione
1044 1342 1192 1408 neutrali.

82 1441 362 1508 Indeclinabilinm
387 1466 487 1508 unum
518 1441 710 1506 adnumerat
731 1441 811 1507 EM.
834 1442 913 1519 683,
940 1444 972 1508 4.
1001 1444 1095 1509 Euat.
1120 1444 1191 1523 166,

78 1545 132 1608 30.
162 1543 258 1629 ,ταρὰ
284 1544 343 1630 τὴν
374 1540 462 1629 πρός
491 1541 616 1630 γίνεται
650 1542 768 1627 πρόσω
801 1540 858 1607 καὶ
892 1545 977 1609 κατὰ
1011 1542 1192 1628 μετάθεσιν

77 1640 195 1730 πόρσω
226 1644 284 1709 καὶ
314 1648 422 1734 τροπῇ
443 1640 575 1731 πόρρω,
606 1642 696 1728 quod
718 1665 738 1706 a
760 1642 1005 1730 praepositione
1028 1640 1095 1730 πρό
1119 1644 1192 1710 lon·

78 1748 152 1831 gius
173 1745 229 1812 illo
254 1746 394 1811 discedit
416 1746 474 1811 sed
496 1745 531 1810 in
552 1768 614 1809 usu
637 1744 800 1810 communi
821 1744 895 1832 plus
911 1745 1111 1811 auctoritatis
1130 1744 1191 1811 ha-

77 1848 142 1914 bet.
174 1886 216 1896 -
258 1849 312 1913 De
339 1848 448 1935 ypsilo
473 1868 581 1931 neque
610 1845 820 1912 Grammatici
853 1847 1032 1933 quidquam
1057 1856 1193 1913 monent

78 1962 207 2037 praeter
233 1949 472 2017 tenebricosum
504 1948 586 2013 illud
610 1947 691 2011 EM.
718 1948 795 2024 784,
829 1950 881 2013 53.
905 1944 1071 2035 “losanae
1106 1942 1191 2015 ὠνό-

75 2047 295 2133 praescidisti
326 2056 387 2117 soi·
406 2048 563 2137 ρύτακος,
599 2070 684 2133 quae
711 2048 851 2113 nominis
878 2049 1004 2136 proprii
1031 2049 1191 2137 interpre-

78 2153 157 2218 tatio
188 2174 262 2218 esse
290 2152 433 2227 videtur3
462 2172 569 2236 neque
599 2172 662 2235 ego
691 2150 766 2236 plus
793 2150 908 2215 afferre
936 2173 1073 2237 possum
1094 2174 1191 2238 quam

78 2256 170 2340 quod
190 2254 350 2340 Hesychii
372 2252 504 2339 glossae
526 2250 686 2338 praebent
701 2248 914 2336 Ascatancas
930 2250 1036 2337 μέγας
1047 2251 1191 2342 διαβόη-

79 2381 136 2435 τος
164 2367 196 2421 et
227 2358 401 2442 Θαργανᾷν
427 2358 545 2433 κινεῖν,
580 2375 641 2441 pro
676 2375 741 2438 quo
764 2349 871 2418 κνῦειν
905 2352 1112 2419 scribendum
1142 2366 1192 2421 est

77 2466 210 2524 auctore
231 2455 456 2543 Aristophane
486 2455 542 2541 qui
563 2453 654 2519 Eccl.
685 2456 737 2520 34.
760 2459 958 2541 θρυγονῶσα
987 2456 1070 2534 sive,
1100 2460 1191 2543 quod

76 2573 186 2645 etymo
206 2555 295 2644 τρέον
315 2558 419 2641 acilio
442 2556 702 2635 convenientius,
730 2560 921 2643 coopertione
947 2555 1006 2645 τὴν
1026 2554 1136 2646 θύραν
1158 2571 1190 2626 et

75 2662 192 2750 paucis
213 2658 388 2743 interjectis
409 2657 447 2725 ati
470 2664 575 2742 κνῦμα
606 2670 637 2723 et
659 2658 724 2724 alio
748 2657 821 2725 loco
846 2658 978 2725 Thesm.
1000 2660 1075 2726 481.
1099 2658 1190 2728 ἔκννε

77 2762 135 2850 τὴν
183 2758 292 2847 θέρον
324 2760 464 2847 scripsit.
519 2755 632 2845 Κύρνα
663 2758 782 2848 κρανία
823 2762 856 2825 in
889 2761 1008 2826 Parall.
1041 2763 1115 2828 338.
1146 2764 1188 2828 ad

74 2864 212 2928 latinum
233 2882 350 2930 coraus
368 2861 522 2949 applicui,
548 2883 633 2946 quae
648 2883 766 2948 graece
782 2858 919 2945 κράνεια
939 2862 1064 2927 dicitur.
1098 2863 1188 2949 Κύρ-

72 2973 193 3048 [tenear
218 2962 248 3030 oi
271 2962 329 3029 τὸν
350 2960 449 3049 κόρον
478 2962 612 3045 (Jovem
637 2962 788 3049 puerum)
817 2957 1037 3048 φυλάξαντες·
1060 2961 1189 3045 βαίνειν

72 3066 137 3152 γὰρ
158 3062 196 3133 τὸ
220 3058 418 3152 μαλάσσειν·
440 3053 461 3148 ἢ
483 3057 528 3140 ὡς
545 3058 753 3148 Ἡρωδιανὸς
774 3059 869 3144 παρὰ
890 3059 928 3125 τὸ
951 3057 1082 3144 κρύβειν
1099 3058 1188 3145 Κρύ-

73 3172 193 3250 pavus
224 3165 280 3231 καὶ
308 3160 515 3245 Κύρβαντες,
552 3161 635 3226 ὅθεν
666 3160 724 3227 καὶ
757 3160 921 3246 κυρβασνά
951 3162 1068 3226 Zonar.
1095 3162 1188 3228 1264.

72 3266 201 3331 Eadem
222 3265 302 3331 dicit
325 3262 405 3328 EM.
427 3261 501 3339 517,
525 3263 578 3328 39.
601 3262 734 3329 sedhic
755 3263 983 3350 praetemisso
1005 3264 1187 3330 Herodiani

72 3368 207 3433 nomine
229 3366 285 3451 qui
306 3364 403 3449 hujus
425 3364 685 3432 inventiunculae
711 3366 867 3432 honorem
894 3364 956 3430 sibi
983 3367 1065 3454 eripi
1094 3367 1189 3435 facile

71 3470 226 3558 patietur.
268 3463 494 3552 Κυρβάδωμεν
515 3464 691 3559 κρύψωμεν
702 3469 785 3534 Hes.
801 3477 988 3555 corruptum
1003 3468 1131 3535 videtin
1147 3493 1187 3536 ex

72 3568 313 3659 zotstciddtopev
334 3569 397 3635 boe
418 3582 468 3635 est
492 3565 703 3657 κρυβάζωμεν
724 3592 744 3633 a
765 3568 864 3635 verbo
890 3565 1073 3655 κρυβάζειν.
1118 3571 1186 3640 Pro

75 3669 194 3759 Κρῦμα
217 3670 344 3759 εὕρημα
358 3673 429 3756 jam
451 3670 506 3735 alii
526 3680 743 3758 reposuerunt
765 3666 882 3755 κύρμα.

159 3778 184 3861 ξ.
207 3775 239 3838 4.
284 3772 472 3840 Secundum
496 3772 531 3836 in
558 3772 620 3838 hac
641 3794 740 3839 causa
766 3773 874 3837 locum
900 3772 1023 3840 obtinet
1044 3774 1185 3843 lambda.

76 3871 201 3953 Βελαὶς
219 3870 237 3937 ὁ
258 3871 380 3962 piopriis
400 3876 483 3939 Hes.
507 3873 551 3939 ad
572 3874 654 3939 illud
685 3896 790 3961 genus
814 3876 1082 3963 transgressionis
1110 3900 1186 3963 per-

71 3978 155 4041 tinet
176 3975 230 4041 cui
252 3976 404 4060 adjuncta
432 3987 482 4042 est
503 3977 620 4042 ectasis
647 3976 792 4061 syllabae
817 3976 1044 4064 subsequentis
1067 3979 1185 4058 ,ιὲρῧω

72 4075 198 4165 ,apsidas
210 4088 271 4143 etc.
290 4101 319 4141 v.
331 4077 423 4145 Diss.
452 4078 494 4144 de
505 4079 604 4165 Syna.
627 4078 903 4162 P.1.c.11.t.1.
938 4078 1006 4144 Sed
1029 4077 1184 4164 simplicis

72 4190 105 4243 ct
127 4201 300 4265 germanae
319 4178 507 4246 metathesis
530 4179 680 4267 exempla
702 4180 767 4243 duo
791 4190 883 4253 sunt,
907 4201 1006 4242 unum
1030 4179 1202 4251 domesti-‚

71 4305 146 4346 cum
178 4280 327 4367 ονλεμμζ·
356 4295 387 4347 et
414 4279 559 4367 ητελρίς,
599 4282 751 4363 idemque
783 4278 914 4342 lambda
940 4280 972 4342 in
1001 4279 1061 4345 rho
1090 4304 1184 4347 verso
