2736 4778
45 330 52 337 ”
135 298 213 418 ’576
500 332 813 405 ulssnumrro
843 337 887 406 v.

136 524 262 592 Herod.
290 521 350 588 ΙΧ.
386 522 438 588 39.
471 515 610 592 Ἑκατὸν
636 527 730 613 νῆσοι
754 523 778 590 7.
810 523 881 589 151.
916 523 1101 611 pariterque
1134 520 1248 589 Latini

137 628 258 711 Septem
279 644 390 709 oquae,
414 625 535 709 Septem
555 631 670 693 muria.
704 625 789 693 Cum
806 625 924 711 topicis
943 624 1032 690 hisce
1048 623 1249 690 eonferenda

137 738 211 795 sunt
240 725 435 812 dignitatum
467 726 600 799 nomine
627 749 701 792 oum
729 726 923 794 ordi'uulium
960 726 1065 813 primo
1094 725 1249 814 copulata

135 832 318 914 ioosuproti,
342 828 433 912 quod
454 827 630 913 syntheton
652 852 724 915 eesp
746 830 903 918 probatur
917 829 1096 901 mutatione
1113 827 1247 906 vocalis,

135 942 177 999 et.
191 925 400 1014 desciscentem
421 932 628 1014 decemprimi.

46 1030 49 1036 ’
221 1036 247 1117 t.
262 1030 300 1096 5.
344 1031 407 1096 His
435 1031 629 1097 enumeratis
661 1053 768 1119 pauca
795 1042 918 1099 restant
947 1054 1033 1118 quae
1061 1030 1140 1118 quia
1167 1029 1248 1097 nulli

135 1145 224 1201 certo
245 1132 359 1220 generi
380 1133 533 1220 subjungi
554 1145 694 1221 possunt
714 1134 749 1200 in
773 1157 869 1201 cursu
889 1134 1046 1201 sermonis
1064 1155 1132 1200 non
1152 1131 1248 1219 attigi

107 1236 195 1313 sed
228 1234 291 1300 hoc
321 1234 394 1300 loco
428 1235 627 1323 complector
656 1235 757 1309 brevi,
809 1237 957 1305 Primum
982 1236 1049 1303 dno
1079 1234 1247 1314 adverbia,

134 1358 219 1427 quae
236 1347 424 1403 constanter
435 1336 568 1424 hyphen
584 1339 777 1417 scribuntur,
804 1334 1007 1427 αὐτόχρημα,
1032 1339 1127 1423 cnjus
1141 1335 1246 1424 signif

133 1440 240 1508 ficatio
259 1439 435 1526 perspicua
451 1449 510 1518 eet,
533 1450 565 1505 et
586 1435 794 1508 παντάπασι.
837 1443 914 1506 Ηοο
935 1440 1130 1525 Bernhardy
1149 1439 1247 1525 Synt.

133 1543 185 1609 83.
212 1565 252 1609 ex
275 1541 410 1608 diversis
427 1541 601 1628 generibus
624 1543 797 1608 conflatum
820 1551 924 1630 putat,
946 1542 1062 1607 neutro
1078 1535 1194 1608 πάντα
1215 1549 1247 1606 et

134 1643 312 1710 masculino
335 1647 437 1723 πᾶσι,
460 1643 551 1728 quod
575 1642 737 1709 interdum
759 1643 876 1711 dieitur
895 1664 957 1732 pro
984 1641 1079 1729 παρὰ
1098 1643 1190 1709 πᾶσι
1211 1638 1248 1707 id

134 1757 184 1813 est
214 1749 355 1812 omnium
380 1746 504 1828 judicio
533 1767 563 1810 v.
592 1746 772 1811 Hermann.
798 1746 842 1811 ad
872 1744 959 1813 Oed.
990 1743 1030 1811 Ο.
1062 1740 1157 1808 1446.
1186 1739 1247 1827 ped

96 1833 220 1914 'idem
256 1868 316 1933 pro
353 1856 486 1924 neutro.
504 1855 554 1910 est
580 1857 617 1911 ut
647 1847 785 1914 Aristid.
822 1847 883 1915 Or.
914 1845 1025 1913 XLV.
1059 1843 1133 1909 101.
1166 1830 1247 1929 (104

132 1949 251 2033 Dind.)
280 1953 369 2014 πᾶσι
403 1942 536 2016 πάντων
567 1940 791 2016 ἀπελείποντο
824 1960 857 2015 et
881 1948 945 2015 hoe
974 1945 1141 2013 intellectu
1170 1966 1246 2011 cum

126 2048 244 2119 ’πάντα
267 2051 416 2135 junctum
444 2048 572 2114 videtur
598 2041 883 2137 ἕν’παραλλήλου
908 2060 945 2116 ut
972 2043 1080 2136 πάντη
1109 2040 1245 2124 πάντας

6 2176 11 2182 ·
131 2174 193 2241 pro
223 2153 396 2229 παντελῶς
422 2174 452 2216 v.
479 2150 600 2216 Parall.
622 2149 674 2215 57.
703 2160 736 2216 et
762 2151 835 2217 540.
869 2152 928 2218 sed
956 2173 1017 2240 per
1043 2147 1243 2237 p'uratheein,

131 2276 174 2320 ne
194 2252 414 2319 confundatur
434 2274 508 2318 cum
528 2252 709 2335 masordino
738 2257 834 2322 ποιεῖ
861 2248 971 2320 πάντα
999 2256 1087 2319 πᾶσι
1114 2244 1242 2340 προςή-

131 2378 213 2443 μορα
239 2353 298 2421 καί
327 2349 514 2443 ἁρμόζοντα
542 2354 716 2423 Jemblich.
744 2355 786 2420 de
815 2355 918 2440 Myst
944 2354 973 2420 Ι.
1004 2353 1035 2421 5.
1065 2376 1100 2440 p.
1121 2351 1160 2431 9,
1190 2350 1241 2418 30.

130 2447 245 2525 Altero
268 2447 341 2522 lboo
362 2455 522 2522 accedunt
543 2457 754 2543 pronomina;
776 2455 916 2543 primum
930 2454 1129 2533 reflexivum‚
1151 2451 1243 2540 quod

131 2558 221 2647 apud
243 2560 424 2624 Homerum
446 2557 537 2622 aliter
563 2569 661 2644 atque
685 2559 775 2644 apud
807 2569 932 2624 ceteros
959 2555 1055 2622 scribi
1074 2556 1240 2623 Herodia-

130 2683 192 2727 nus
216 2660 313 2725 docet
337 2659 378 2723 ad
402 2658 578 2724 11.1.271.
602 2654 654 2741 ἔμ’
679 2654 779 2726 αὐτόν
800 2660 885 2726 κατὰ
908 2655 1102 2744 παράθεσιν
1124 2656 1160 2726 ἐν
1183 2654 1240 2726 daie

128 2758 239 2838 τόνοις
261 2759 320 2845 ἐμὲ
340 2755 457 2828 αὐτόν·
481 2755 642 2838 σύνθετος
662 2758 725 2848 γὰρ
747 2755 934 2843 ἀντωνυμία
956 2759 1050 2848 παρὰ
1068 2763 1117 2849 τῷ
1138 2785 1239 2850 ποιη-

128 2866 168 2953 τῇ
199 2856 259 2928 οὐκ
291 2858 379 2930 ἔστιν
408 2873 441 2929 οι
471 2861 512 2927 ad
542 2862 605 2928 IX.
628 2862 701 2928 342.
721 2858 868 2949 ’Όμηρος
895 2859 1060 2931 οὐδέποτε
1089 2863 1239 2949 συνθέτῳ

128 2967 248 3051 χρῆται
273 2957 475 3054 ἀντωνυμίᾳ·
507 2964 562 3031 διὸ
590 2962 675 3031 κατὰ
708 2959 860 3030 διάλυσιν
888 2957 1156 3050 ἀναγινώσκομεν
1184 2955 1236 3048 ἔμ’

130 3059 240 3143 αὐτόν,
265 3059 412 3132 ἓαάτόν.
455 3066 586 3133 Etenim
605 3078 740 3154 poetae,
769 3065 826 3151 qui
853 3065 1059 3132 insecundo
1089 3075 1123 3131 et
1145 3065 1237 3132 tertio

130 3188 209 3231 casu
231 3189 359 3253 semper
380 3180 523 3234 uteretur
544 3169 713 3254 disjunctis
741 3162 920 3247 ἑόαάιοῦ,
948 3166 1024 3252 ἐμοὶ
1052 3162 1158 3255 αὐτῷ,
1190 3163 1239 3234 ἑοῖ

129 3265 234 3355 αὐτῷ,
258 3290 324 3334 nou
347 3271 519 3336 convenire
541 3274 666 3358 putavit
693 3281 729 3337 ut
754 3265 900 3353 eucrocia
923 3269 1044 3337 diceret
1067 3271 1238 3354 conjuncte

130 3369 319 3457 praesertim
341 3369 401 3438 ubi
423 3383 496 3450 [non
524 3375 712 3439 reflexivum
734 3384 783 3438 est
807 3371 866 3437 sed
893 3370 935 3436 ab
965 3369 1028 3455 ἐγώ
1058 3366 1160 3449 αὐτός
1182 3372 1236 3438 de·

128 3472 280 3539 clinatum
305 3472 345 3538 cf.
367 3474 483 3540 Lehrs.
508 3474 645 3558 Quaest.
668 3475 719 3539 59.
743 3473 875 3539 Deinde
901 3494 1081 3560 pronomen
1102 3473 1235 3540 demon·

25 3648 27 3652 Ι
128 3574 294 3638 strativum
316 3570 406 3642 όάεῖν
429 3577 496 3643 sive
518 3574 642 3657 όδεῖνα,
667 3577 759 3661 cujus
784 3575 905 3663 duplex
927 3576 1074 3641 redditur
1093 3577 1178 3644 ratio
1205 3577 1249 3643 ir.

128 3673 208 3740 EM.
236 3676 313 3752 614,
339 3677 392 3742 45.
421 3673 467 3758 ὡς
493 3679 530 3746 τό
555 3679 627 3746 Νέα
656 3676 758 3755 πόλις
788 3675 846 3745 driu
875 3672 1025 3760 ἀνόμοια
1050 3674 1136 3747 καθ’
1168 3675 1236 3758 ἑνός

126 3772 363 3855 ὑποκειμένου,
388 3775 474 3846 οὕτω
497 3779 553 3846 καί
577 3780 614 3845 τό
640 3774 658 3847 ό
681 3780 791 3846 δεῖνα·
814 3774 844 3846 οἱ
870 3778 906 3846 δὲ
928 3780 1079 3864 λέγουσιν
1100 3776 1153 3849 ότι
1176 3783 1235 3868 μία

98 3967 100 3971 ι
125 3877 217 3957 λέξις
239 3876 310 3944 ἐστί
331 3878 428 3965 παρὰ
449 3881 489 3946 τό
517 3876 576 3947 όδι
597 3876 712 3948 όόίϊνα
735 3878 793 3944 καί
815 3875 928 3948 ὁόεῖνα
950 3879 1013 3947 hoc
1036 3893 1086 3948 est
1112 3903 1154 3950 ex
1180 3881 1234 3952 ὅδε

126 3982 247 4046 iactum
275 4002 347 4045 esse
379 3975 455 4047 όδεΐ
482 3990 519 4045 ut
551 3975 665 4048 οὑτοσί
696 3991 765 4044 tum
797 3975 972 4066 diherst)
1007 3994 1040 4047 et
1071 3981 1234 4071 synaereei

195 4154 239 4221 13)
253 4154 315 4209 Hoc
329 4152 408 4225 quasi
420 4159 550 4208 testatum
562 4149 643 4205 affert
653 4148 867 4208 Choeroboeeus
879 4150 1013 4226 Orthogr.
1028 4154 1089 4222 246,
1102 4155 1127 4211 7.
1141 4150 1234 4212 tostus

124 4238 288 4311 δίφθογγον
298 4237 365 4294 κατὰ
384 4237 549 4312 παράδοσιν,
565 4240 610 4292 καί
623 4233 711 4301 ἄλλως
727 4239 758 4294 ἔκ
776 4241 824 4296 τοῦ
840 4238 908 4296 κατὰ
927 4235 1072 4300 διάστασιν
1089 4240 1234 4317 εὑρεθῆναι

123 4327 210 4383 δέῖνα.
