2736 4778
144 356 187 426 68
353 414 357 421 .
526 356 805 427 DISSERTATIO
838 359 892 428 VI

146 520 245 587 tradit
265 519 373 586 Dichr.
396 519 467 589 297.
490 520 542 603 20,
564 523 717 604 producto
738 525 788 590 vel
810 525 841 589 vi
862 524 962 590 crosis
984 523 1034 589 vel
1055 521 1097 588 ab
1117 527 1211 603 ortas,
1235 524 1279 591 si·

146 623 273 706 quidem
295 643 314 689 a
336 623 476 690 themate
498 627 764 708 macroparalectn
786 628 963 692 derivatum
985 632 1043 705 est,
1069 632 1157 708 quoe
1183 625 1278 693 dubi·

146 728 224 793 tatio
246 727 406 793 etiamad
428 728 618 794 adiectivum
641 724 807 817 ἆραίπαυς
828 731 894 796 sive
916 725 1093 816 ἀαραίααυς
1116 730 1298 810 pertinet*

144 829 194 896 Ab
227 830 338 896 eadem
371 832 470 914 stirpe
505 830 682 914 protectum
715 838 766 899 est
793 827 959 921 ἆρρνάζω,
992 850 1055 914 quo
1089 836 1276 915 etymornrn

145 935 337 999 coniectores
359 940 492 1000 utuntur
514 935 555 999 ad
577 935 796 1017 explicandum
817 927 931 1002 nomen
953 936 1112 1024 Λαέρτης
1134 936 1204 1004 hnc
1225 943 1278 1005 cst

142 1033 160 1105 ὃ
185 1038 269 1116 λᾶας
292 1032 469 1126 ἀερτάζων,
503 1039 588 1120 qnod
620 1045 797 1105 memoratu
823 1040 985 1122 indignum
1012 1039 1176 1122 ducerem,
1211 1042 1275 1109 nisi

142 1141 227 1207 idom
237 1138 392 1229 Λάρκιος
414 1142 572 1207 diceretur
593 1143 684 1223 quasi
705 1161 764 1225 per
785 1144 960 1223 misturam,
982 1163 1010 1207 v.
1023 1143 1071 1208 ad
1085 1143 1134 1226 nj.
1146 1164 1178 1210 v.
1195 1148 1271 1211 1.-

138 1236 171 1308 'A
192 1250 279 1309 recto
302 1240 403 1331 δαήμ,
440 1244 524 1328 quod
555 1264 626 1310 curn
648 1244 787 1311 Homero
808 1246 982 1326 intercidit,
1016 1246 1200 1314 declinatus
1223 1256 1275 1317 est

141 1346 1272 1436 genitivusbhyhaousoacpovinprincipioherameorn.xxlvtta.

144 1451 501 1534 —Alphathematicum
513 1471 584 1518 cum
597 1452 805 1535 epsiloclitico
817 1451 966 1518 coalescit
976 1450 1272 1521 ininfinitivoverhi

142 1553 288 1638 bisyllabi
303 1547 423 1638 ἄμεναι
435 1555 564 1636 satiare,
577 1555 1026 1639 qnodEustathiusperperam
1039 1573 1201 1638 syncopae
1213 1557 1273 1637 tri·

140 1655 1271 1743 buit[Path.1268,et384]3huicaffineverbumdormiendi[odButtm11

141 1758 212 1842 124,
233 1760 392 1846 Tochnd]
412 1746 470 1843 pio
493 1763 587 1828 metri
607 1764 730 1829 ratione
754 1763 896 1830 variatur
918 1759 1015 1829 edura
1038 1761 1100 1845 μὲν
1115 1756 1270 1847 ἀέσαμεν

139 1869 173 1930 et
183 1860 267 1930 νύκτ’
283 1861 419 1949 ἄσαμεν,
431 1864 627 1931 v.Thiersch
640 1866 667 1950 ἓ.
684 1864 753 1931 168.
767 1870 796 1932 3.
805 1903 842 1913 -
856 1865 978 1931 Nomen
988 1864 1148 1947 participii
1160 1867 1269 1933 simile

139 1968 774 2055 putumapoetishatinisnonnunquam
783 1970 824 2034 ad
834 1968 1024 2052 bisyllabum
1034 1968 1269 2053 reduecumjest

139 2069 296 2154 scriptura
318 2071 435 2153 duplici
457 2070 598 2136 Plaetori
619 2071 792 2153 etPletoo,
815 2093 843 2138 v.
856 2071 939 2139 Cort.
962 2070 1265 2139 adLuccnIldld

139 2172 260 2240 Gervae
282 2174 445 2257 epitheton
469 2176 593 2261 ααννμαα
615 2175 784 2241 Diomedes
806 2175 851 2240 IV
873 2176 902 2240 5.
917 2172 978 2240 166
1000 2172 1078 2257 (249
1089 2174 1139 2256 P.)
1163 2177 1264 2242 inter·

136 2277 313 2358 pretatione
347 2274 429 2344 falsa
460 2298 517 2362 pro
539 2280 681 2361 exemplo
703 2276 965 2364 quviyoaloepdce
986 2274 1092 2359 affert,
1121 2297 1221 2361 quarn
1242 2298 1284 2346 o·

138 2380 328 2463 synaloephe
351 2382 563 2464 distinguunt,
597 2383 679 2449 hano
706 2384 790 2448 enim
817 2382 926 2447 dicunt
947 2380 1081 2446 duarum
1103 2382 1261 2449 vocalium

137 2485 385 2564 concursionem,
420 2504 553 2566 quarum
576 2486 677 2551 altera
699 2486 826 2550 eliditur
847 2490 883 2549 ut
905 2495 998 2568 utque
1020 2507 1072 2582 αα,
1106 2486 1163 2551 illa
1185 2504 1260 2553 veru

136 2610 252 2667 „auom
274 2588 428 2672 syllabam
450 2587 533 2673 ficri
552 2612 592 2652 αα
627 2587 766 2669 duobus,
801 2610 897 2671 quum
920 2587 1099 2674 aeripedem
1120 2589 1259 2675 quatitque

135 2689 266 2774 syllabis
289 2688 391 2753 dicere
414 2689 608 2754 debeavncas“.
625 2688 740 2754 -Sed
761 2691 801 2755 cle
832 2691 936 2756 verbis
962 2692 1175 2757 adiiciendum
1209 2698 1260 2758 est

135 2791 194 2857 hoc
217 2794 367 2874 amphus
402 2813 453 2874 ea,
488 2814 568 2878 quae
602 2793 697 2876 alpha
724 2794 820 2860 breve
851 2795 884 2859 in
906 2796 1008 2876 prima
1029 2794 1184 2877 habeant,
1218 2795 1258 2861 ab

135 2896 231 2978 epicis
254 2897 286 2961 in
308 2896 491 2979 imperfecto
513 2917 585 2963 cum
607 2899 627 2969 ’ἔ
649 2897 736 2962 finali
757 2916 819 2962 non
841 2898 984 2963 contrahi
1007 2891 1057 2977 iis,
1082 2895 1151 2973 λάε,
1179 2896 1257 2987 φάε,

135 2996 231 3086 ἔχραε
254 3005 327 3081 eto,
357 3021 385 3066 v.
408 3001 518 3066 Rhem.
546 3000 604 3067 165
628 3008 662 3066 et
685 3000 755 3081 167,
789 3002 846 3066 sed
868 3001 1059 3066 contrarium
1081 3000 1150 3067 fiori
1174 3002 1257 3068 deri·

133 3104 224 3183 vatis,
248 3122 329 3186 qnae
351 3106 383 3168 in
406 3104 512 3170 futuro
535 3106 676 3170 vocalem
698 3105 823 3186 longam
846 3104 1016 3185 accipiunt:
1040 3101 1148 3188 ἐτίμα,
1175 3124 1257 3189 quae

134 3213 247 3288 poetae
270 3209 350 3290 epici
372 3227 532 3290 nunqnam
553 3210 586 3274 in
608 3209 765 3290 integrum
775 3208 948 3273 restituunt
958 3226 998 3272 ne
1007 3207 1114 3274 hiatus
1126 3209 1257 3291 quidem

131 3310 250 3375 vitandi
276 3313 388 3393 gratia,
411 3312 528 3376 nedum
551 3311 681 3396 spondei
704 3311 854 3393 duplicati
873 3311 922 3375 vel
944 3312 1107 3391 triplicati:
1132 3309 1256 3394 ἐτόλμα

131 3412 176 3480 6νί
192 3452 227 3462 -
244 3413 301 3479 Od.
314 3414 421 3480 XXIV
435 3410 504 3496 162,
529 3414 632 3504 φοίτα
657 3409 720 3480 αἰνὰ
737 3452 771 3462 -
786 3414 821 3479 ll.
834 3415 914 3479 XIII
927 3412 997 3495 760,
1021 3412 1150 3493 πάντας
1163 3413 1255 3482 ἐνίκα

130 3517 351 3600 Καδμείωνας
361 3517 472 3583 XXIII
485 3517 547 3584 680
561 3515 797 3600 [Καδμεΐωνας
808 3518 922 3603 Belle]
934 3526 1002 3599 etc,
1020 3522 1054 3584 et
1068 3519 1114 3584 sic
1125 3519 1157 3583 ill
1170 3511 1255 3585 cetv'e·

129 3620 175 3686 ris
186 3618 335 3686 flexibus:
360 3616 446 3688 αὔδα
470 3619 522 3687 ὅτι
546 3622 704 3708 φρονέεις,
728 3625 887 3705 μνᾶσθαι,
902 3618 1124 3709 ὃρᾶαθαιθίεξ
1166 3621 1256 3688 Haec

128 3722 226 3807 igitur
250 3722 433 3789 affectorum
455 3742 570 3789 nomen
581 3731 736 3789 eruerunt
752 3725 834 3789 sicut
844 3727 970 3790 nomina
981 3744 1104 3807 quoque
1116 3726 1148 3790 in
1162 3729 1207 3804 ῐξ·
1222 3727 1254 3792 in

129 3825 216 3892 duali
236 3828 342 3909 posita
363 3828 444 3914 κέρα
467 3832 500 3892 ct
522 3826 549 3891 si
572 3827 649 3908 quid
670 3827 779 3892 simile.
802 3864 836 3874 -
858 3829 919 3894 Pro
941 3828 1036 3910 alpha
1058 3830 1254 3895 consuetudo

129 3932 302 3996 communis
327 3936 379 3996 eto
401 3932 520 4013 recepit
542 3932 574 3995 in
596 3937 732 4013 quatuor
753 3930 872 4013 verbis,
903 3951 983 4014 quac
1005 3933 1038 3997 in
1060 3933 1254 4014 compendiis

127 4040 355 4115 proponuntur.
400 4033 458 4098 His
480 4036 608 4116 propria
630 4040 663 4099 et
685 4052 810 4099 meraca
830 4037 936 4101 Atthis
959 4035 1169 4101 accumulavit
1190 4036 1254 4102 tria

128 4137 301 4203 abradendi
323 4144 356 4202 et
378 4137 581 4221 abstergendi
595 4137 694 4202 verba
709 4143 795 4226 ννῇν,
809 4144 904 4228 eppo,
918 4146 998 4227 ψῇν,
1021 4159 1049 4204 v.
1061 4139 1102 4204 ad
1114 4139 1188 4205 Phr.
1202 4139 1254 4220 61,
1301 4228 1304 4233 ¹

126 4238 262 4306 Ellendt.
296 4242 371 4307 Len.
395 4241 429 4307 T.
452 4238 578 4306 11976.
638 4240 760 4307 Horum
792 4243 928 4324 primum
963 4241 1047 4324 apud
1076 4242 1255 4309 Homerum

124 4342 241 4425 legitur
262 4346 295 4410 in
317 4346 402 4411 exitu
423 4363 535 4412 versus
547 4343 715 4411 llxlttt
730 4343 788 4413 ἐπὶ
810 4340 839 4413 δ’
852 4341 977 4432 αἴγειον
990 4350 1047 4412 ννῐνΙ
1064 4342 1171 4434 τυρόν,
1195 4365 1255 4430 pro
