2736 4778
167 316 231 382 DE
244 312 513 382 PROSTHESI
526 309 590 377 ΕΤ
603 310 865 381 APHAERESI.
881 311 920 379 O.
927 312 1025 381 VIII.
1037 313 1101 397 §.3·
1128 317 1200 390 159

86 498 186 566 verbo
210 497 418 564 circumflexo
442 494 525 559 διδῶ
553 491 748 556 declinatum
770 493 862 569 dicit,
890 517 975 578 quae
996 496 1079 562 ratio
1102 497 1199 563 etiarn

84 602 129 665 ad
144 597 300 687 ιωχρήσω
327 591 494 658 transferri
520 601 648 677 potest,
678 593 738 658 sed
764 591 939 658 infirmatur
963 618 1003 662 eo
1025 599 1115 683 quod
1136 600 1200 666 alia

84 699 317 766 circumflexae
336 690 574 778 conjugationis
593 690 692 758 verba
713 690 806 769 ίστιό,
828 697 925 769 τιθῶ,
947 699 1096 774 πιμπλῶ,
1117 724 1200 778 πιμ-

86 804 180 886 πριῦ,
211 800 314 880 τιτριῦ
346 793 588 882 diplasiasmum
618 815 692 858 cum
719 792 829 856 futuro
858 814 926 856 non
956 795 1198 863 communicant.

85 896 282 964 Praesentia
311 916 503 979 syracusana
531 894 615 958 ultra
642 893 868 979 imperfectum
892 916 961 959 non
986 893 1201 973 declinantur;

89 1021 166 1062 nam
187 1019 272 1083 quae
293 994 479 1080 Etymologi
505 992 622 1058 tuturis
649 989 789 1081 ἑστήξω,
811 991 962 1080 τεθνήξω
984 1006 1202 1081 praestruunt,

90 1099 168 1163 ficta
187 1120 260 1164 esse
281 1106 415 1163 constat

175 1217 199 1298 ξ.
221 1215 252 1279 3.
296 1213 441 1278 Tertium
466 1208 665 1297 diplasiasmi
687 1230 791 1295 genus
811 1209 892 1274 illud
914 1219 965 1276 est
985 1210 1019 1275 in
1045 1204 1111 1297 qu'o
1132 1234 1200 1279 non

89 1312 214 1398 epsilon
245 1312 296 1377 vel
326 1312 396 1377 iota
427 1310 526 1377 breve
558 1311 710 1375 inseritur
742 1312 941 1377 extrinsecus
974 1313 1109 1378 ascitum
1139 1314 1199 1380 sed

83 1412 203 1477 vocalis
225 1434 266 1477 ex
285 1412 388 1499 stirpe
406 1411 497 1477 verbi
519 1421 626 1475 sumta
647 1411 821 1477 accedente
843 1434 988 1477 consona
1002 1413 1127 1498 liquida
1146 1414 1199 1479 vel

84 1534 145 1598 pro
164 1534 203 1578 ea
219 1512 297 1579 iota.
341 1512 543 1597 Hujusrnodi
565 1511 627 1576 tria
647 1523 815 1576 enumerat
826 1513 936 1599 Epim.
947 1513 975 1576 Ι.
991 1513 1062 1577 117.
1079 1511 1198 1580 δάπτω

85 1609 278 1699 δαρδάπτω,
300 1612 405 1696 βαίνω
423 1611 572 1694 βαβαίνω
585 1611 809 1696 (depopulato),
832 1611 933 1677 ιιαίνω
957 1611 1113 1690 καιιαίνω,
1135 1635 1197 1698 pro

84 1733 150 1795 quo
172 1712 224 1776 vel
245 1712 356 1800 φαίνω
377 1710 565 1798 παμφαίνω
590 1711 641 1775 vel
663 1710 772 1798 καίρω
793 1711 966 1795 καρκαίρω
989 1711 1196 1778 scribendum

84 1820 149 1888 cst3
172 1808 192 1898 ή
216 1812 354 1899 πέμπτη
377 1808 513 1894 συζυγία
537 1815 602 1876 τῶν
622 1808 812 1895 βαρυτόνων
833 1810 893 1896 τήν
914 1811 1049 1897 πρώτην
1073 1816 1198 1882 σσλλα-’

82 1913 146 1999 βήν
167 1910 382 1993 διπλασιάζει
403 1910 461 1976 καὶ
483 1908 573 1998 λήγει
596 1907 645 1989 είς
668 1906 884 1994 ἀμετάβολον,
905 1913 1087 1995 καρκαίρω,
1109 1939 1196 1996 μαρ-

82 2009 207 2096 μαίρω,
228 2009 415 2100 παμφαίνω
436 2011 515 2075 ΕΜ.
538 2012 616 2088 232,
640 2012 672 2074 4.
715 2012 844 2074 Horum
866 2010 1006 2095 primum
1029 1999 1198 2098 literam-p*

82 2112 163 2176 loris
186 2122 352 2198 acceptam
373 2110 488 2188 babet,
516 2110 606 2194 quod
632 2110 713 2174 nulli
735 2109 825 2172 alteri
848 2108 984 2184 accidit3
1012 2110 1071 2173 sed
1098 2133 1197 2177 causa

83 2223 191 2298 patet3
213 2235 287 2277 narn
307 2211 498 2279 δαπδάπιω
520 2210 585 2274 dici
605 2232 672 2274 non
692 2218 821 2295 poterat
842 2209 919 2293 quia
940 2209 1053 2275 literae
1069 2203 1127 2278 πἰλ
1143 2213 1194 2277 in-

83 2312 257 2379 sociabiles
286 2324 371 2378 sunt.
422 2309 525 2379 Verbi
553 2310 662 2398 φαίνω
693 2332 871 2376 consonam
901 2311 1014 2377 leviter
1039 2325 1194 2380 mutatam

81 2414 201 2479 retinet
227 2412 428 2501 παμφαίνω,
455 2411 518 2476 nisi
540 2409 603 2477 boc
630 2411 808 2477 derivatum
830 2422 879 2477 est
904 2435 923 2476 a
950 2413 1042 2501 φάω,
1071 2424 1108 2477 ut
1128 2440 1194 2480 πα-

84 2512 225 2594 πταίνω,
251 2513 303 2579 cui
325 2511 437 2581 Schol.
461 2513 501 2578 ΙΙ.
524 2512 585 2578 IV.
606 2512 678 2578 200.
706 2514 814 2599 Epim.
836 2514 911 2590 337,
932 2515 985 2578 21.
1013 2513 1195 2580 inauditum

83 2614 212 2681 πταίνω
235 2614 412 2700 praetexit,
440 2635 460 2677 a
487 2612 660 2678 thematico
687 2615 782 2680 πτσίω
811 2613 878 2678 sive
900 2614 1005 2690 πνέω,
1031 2616 1193 2698 cujusvis

80 2725 221 2801 apparet
247 2714 281 2779 in
305 2713 458 2778 derivatis
482 2711 621 2800 πτήσσω
646 2721 678 2777 et
704 2711 817 2778 πτοία.
860 2712 991 2798 Hisque
1018 2715 1195 2781 concinunt

79 2813 201 2880 verba:
236 2810 435 2882 παπταίνων
460 2808 542 2896 μεθ’
574 2809 738 2900 ὁμήλικας
768 2815 850 2879 Hes.
881 2813 974 2900 Opp.
1000 2816 1074 2880 443.
1107 2811 1192 2900 μεθ’

78 2912 247 3003 ὁμήλικας
268 2911 463 3002 ἐπτοίηνται
482 2915 556 2979 447.
573 2925 607 2980 ct
625 2914 737 2999 glossa
752 2907 1076 2981 ’Λποπαπτανέοσσι
1098 2941 1194 3001 περι-

80 3017 249 3103 βλέψσυσι
269 3014 327 3081 καί
348 3011 600 3102 πτσήθήσσνται
622 3013 732 3080 Schol.
755 3012 794 3074 ll.
813 3012 910 3078 XIV.
933 3014 1005 3078 101.
1041 3015 1075 3077 Α
1096 3013 1194 3080 πτάω

79 3137 182 3202 porro
203 3125 420 3202 propagatum
441 3125 492 3178 est
512 3115 696 3199 παπταλᾷν
718 3109 842 3175 Techn.
861 3131 894 3194 p.
911 3110 941 3174 8.
963 3131 983 3173 a
1002 3110 1080 3198 φάω
1102 3136 1195 3195 παμ-

82 3217 195 3304 ιραλᾷν
216 3214 381 3280 intellectu
402 3214 539 3302 paulum
561 3212 689 3277 diverso
706 3213 757 3296 ¹⁸)
781 3234 811 3275 v.
834 3209 936 3277 Proll.
959 3210 1010 3274 87.
1054 3208 1194 3295 Μαίρω,

82 3314 175 3399 quod
190 3313 400 3380 Grammatici
419 3323 548 3400 ponunt
561 3313 670 3400 Epim.
684 3313 711 3378 1.
723 3310 796 3378 386.
813 3311 1000 3396 adjunctum
1016 3309 1080 3376 sibi
1096 3310 1195 3379 habet

79 3435 202 3480 nomen
222 3418 332 3500 pcipe
348 3414 474 3480 Techn.
486 3413 559 3480 205.
576 3414 635 3480 sed
655 3413 764 3500 ipsum
781 3434 849 3479 non
863 3412 982 3499 legitur
1005 3423 1037 3478 et
1056 3412 1195 3479 fortasse

78 3517 115 3580 in
140 3515 246 3601 primo
268 3524 342 3579 ortu
363 3515 598 3601 significantiae
620 3536 699 3602 ergo
719 3515 857 3580 formam
879 3514 1069 3600 ampliorem
1090 3513 1195 3581 induit

78 3638 166 3702 quae
200 3613 355 3680 adhaeret
388 3614 538 3681 derivatis
573 3614 768 3703 μάρμαρος,
802 3612 1044 3703 μαρμαριίσσω.
1099 3616 1193 3683 Idem

76 3715 333 3782 existimandum
359 3725 410 3780 est
434 3713 687 3800 de'ssopfisr'ana
716 3714 805 3800 quod
826 3715 873 3780 illi
894 3715 1098 3784 subabsurde
1120 3741 1194 3785 oum

76 3815 185 3900 βαίνω
206 3815 397 3884 consociant
417 3838 447 3883 v.
470 3820 496 3903 ξ.
509 3817 539 3882 7.
560 3827 593 3882 et
612 3813 795 3904 καρκαίρω.
837 3815 907 3884 Sed
928 3828 1052 3885 certum
1072 3819 1192 3884 utrius·

151 4051 198 4118 to)
213 4051 277 4107 Hoc
291 4060 335 4107 est
348 4069 401 4123 pro
417 4049 515 4107 oeulos
531 4048 724 4119 circumferre3
740 4050 815 4107 oculi
833 4051 907 4105 enim
923 4050 1068 4107 sGrsecis
1081 4066 1195 4121 quoque

77 4135 262 4207 appellantur
277 4131 336 4208 ριίη
351 4137 465 4191 lamina
481 4144 511 4191 et
527 4134 620 4206 ιιῠγιιι,
637 4141 743 4206 γλῆναι,
757 4154 811 4192 nee
825 4137 911 4191 dubis
927 4135 1096 4191 conveniunt
1108 4137 1195 4193 verba

18 4292 25 4301 „
79 4221 196 4275 lucendi
216 4230 244 4275 et
260 4220 373 4277 videndi
390 4217 540 4293 γλαήασιιν
558 4229 586 4276 et
602 4219 737 4277 λεύσσειν.
