2736 4778
66 411 69 418 ,
126 338 174 414 36
490 334 807 407 DISSERTATIO
838 338 868 406 1.

1 532 3 537 “
124 523 204 591 ΕΜ.
228 523 300 602 141,
321 521 373 589 55.
393 522 446 588 cui
467 545 551 609 quae
573 523 711 589 accessit
726 523 819 590 litera
837 524 930 591 deest
946 546 1127 611 synonymo
1143 525 1239 594 τελα-

125 622 213 708 μών·
234 628 325 709 eipso
349 644 429 710 qaae
448 626 586 692 mutulos
612 629 778 702 sustinent,
800 629 905 693 nostrl
925 629 1092 693 selmum
1113 639 1237 704 υοιαιι,

128 725 241 794 Gracci
268 721 430 805 ὅτλαντας
456 726 581 795 tuuuv.
604 725 665 794 VI.
690 725 731 791 10
754 727 822 811 (7),
845 726 877 792 6.
904 724 945 792 ab
971 728 1088 793 eodem
1113 738 1237 794 nemm-

127 849 191 912 que
206 824 304 893 verbo
320 849 386 913 quo
403 820 504 906 ι’ίιλος
526 838 559 893 et
579 824 806 915 delvittwvu).
843 824 1024 914 Ἀιραγγὲς
1042 832 1180 898 παιδίον
1196 829 1235 897 τὸ

12 923 20 933 ’
125 922 178 995 del
199 929 314 997 κλαῖον
336 928 393 996 ναὶ
414 922 573 1010 ὀξύχολον
592 927 671 995 ΕΜ
693 939 750 994 aut
766 928 854 995 idem
871 928 1012 996 declarat
1032 930 1124 1015 quod
1138 956 1240 1017 κραν-

125 1025 282 1115 γαοιινόι
298 1040 441 1094 assumto
458 1027 556 1116 alpha
572 1029 616 1094 ad
634 1030 922 1096 conformationem
935 1031 1026 1096 vocis
1042 1031 1237 1108 necessario,

125 1128 177 1195 vel
199 1126 400 1213 ὀοςβάϋιιον
422 1132 562 1214 improbe
585 1132 774 1209 clamosum
803 1129 948 1218 gryphas
970 1130 1063 1210 κύνες
1082 1127 1240 1217 ἀκραγεῖς

126 1230 311 1318 Aeschylus
335 1230 458 1298 dixisse
478 1230 606 1297 videtur
626 1244 730 1298 matos
756 1243 793 1297 ut
821 1232 1036 1319 distingueret
1063 1231 1238 1298 aeonibus

126 1331 327 1398 latrantibus.
371 1333 428 1402 Sic
456 1333 542 1399 enim
570 1343 689 1420 poetae
711 1333 866 1399 audacius
884 1333 1043 1400 translata
1064 1333 1239 1421 explanare

127 1433 234 1499 solent
255 1434 408 1522 apposito
430 1434 590 1519 ejusmodi
612 1433 768 1522 epitheto,
787 1435 877 1520 quod
897 1435 955 1513 rei,
977 1434 1065 1499 unde
1086 1433 1240 1499 bausiata

127 1548 212 1614 sunt,
235 1535 454 1613 disconvenit,
483 1549 520 1601 ut
548 1558 641 1601 meus
666 1548 800 1602 vocatur
820 1536 969 1625 φόρμιγξ
990 1529 1142 1621 ἄχορόος,
1164 1559 1237 1601 mu·

126 1638 186 1705 lier
207 1647 301 1703 atrox
323 1637 444 1717 δίπους
464 1638 593 1714 λέαινα,
619 1636 691 1724 apis
714 1632 794 1724 lipare
813 1633 984 1723 πτερωιή,
1005 1636 1112 1701 fumus
1135 1632 1239 1704 dms-

127 1765 188 1824 ρος
209 1732 300 1823 ὅρνις
327 1750 360 1804 et
385 1739 449 1804 alia
469 1759 625 1824 oxymora
645 1760 675 1804 v.
698 1736 866 1826 Aglaoph.
889 1736 961 1803 839.
1004 1735 1172 1802 Wemiele
1195 1738 1255 1803 ad.

127 1839 254 1928 Tryph.
275 1862 309 1927 p.
324 1840 396 1906 133.
416 1839 562 1905 Meinek.
575 1839 663 1904 Hist.
680 1837 773 1905 Com.
795 1840 933 1925 518.⁸⁸)
976 1838 1041 1904 His
1063 1849 1137 1904 ante
1157 1861 1237 1905 eeu·

126 1941 177 2008 los
199 1941 315 2030 positis
337 1962 399 2028 pro
421 1963 457 2006 se
481 1940 620 2027 quisque
638 1939 807 2026 expendat¹
819 1939 918 2029 alpha
932 1940 1123 2006 intentivum
1141 1963 1239 2026 quam

127 2043 252 2112 lubrico
275 2044 310 2109 in
329 2044 541 2109 fundamento
561 2041 702 2108 locatum
725 2041 777 2108 sit.
912 2116 920 2128 x

211 2149 236 2231 ᾗ.
259 2145 289 2210 5.
332 2143 388 2211 Ab
409 2143 465 2210 illo
485 2143 586 2230 igitur
610 2141 709 2230 alpha
729 2144 820 2229 quod
841 2143 1077 2231 pleonasticum
1101 2142 1239 2209 dicimus

127 2248 179 2314 vel
205 2245 438 2333 euphoniam,
475 2246 552 2332 quia
582 2245 763 2333 simplicem
794 2246 884 2312 vocis
917 2257 1064 2310 naturam
1092 2243 1239 2330 pleniore

127 2371 211 2414 sono
231 2346 423 2414 circumlinit
443 2346 609 2433 ceteroqui
627 2346 769 2412 otiosum
796 2358 833 2411 ut
861 2339 1004 2428 ι’ίοταχος
1032 2356 1093 2410 etc.
1122 2345 1238 2410 distin-

127 2449 257 2538 guimus
277 2448 481 2517 termativum
502 2449 591 2536 quod
612 2446 778 2514 vocabulis
801 2447 959 2513 concinne
978 2446 1156 2513 tenuandis
1180 2470 1239 2513 ne·

127 2551 303 2619 cessarium
331 2562 381 2619 est
405 2561 442 2616 ut
470 2545 608 2639 ἀχανής,
639 2565 672 2619 et
691 2551 732 2619 ab
753 2562 893 2637 utroque
913 2549 1042 2615 tertium
1062 2548 1240 2635 quoddam,

128 2677 193 2741 quo
223 2653 337 2720 itidem
364 2662 401 2719 ut
427 2651 583 2741 privativo
614 2665 648 2721 et
678 2654 863 2742 copulative
891 2652 940 2718 vis
961 2652 1050 2718 vocis
1075 2650 1240 2736 subjectae

128 2766 351 2823 commutatur.
393 2755 483 2820 Huic
506 2776 581 2821 vero
602 2755 790 2842 subjicimus
809 2757 890 2822 duas
909 2755 1046 2842 speeies,
1069 2753 1241 2820 abbevam

128 2859 196 2925 sive
218 2857 444 2942 disjunctivam
468 2858 703 2944 praepositioni
725 2854 796 2926 dmi
817 2880 885 2924 non
906 2856 1095 2934 absimilem,
1117 2866 1150 2921 et
1169 2877 1241 2920 eam

128 2983 226 3047 quam
248 2955 523 3045 pareuipbatieam
544 2957 652 3026 dicere
680 2982 784 3047 cogor
811 2960 889 3046 quia
911 2981 979 3024 non
1000 2979 1098 3023 unam
1119 2967 1240 3022 certam

128 3061 396 3151 significationem
424 3058 523 3126 babet
547 3061 635 3128 unde
664 3062 864 3129 denominari
899 3060 1006 3150 possit
1035 3058 1095 3124 sed
1122 3058 1240 3124 multas

127 3165 306 3250 variasque.
349 3161 443 3228 Illius
464 3163 529 3229 vim
550 3163 629 3229 mihi
650 3187 828 3251 agnoscere
850 3162 965 3229 videor
984 3161 1019 3226 in
1045 3157 1151 3225 verbis
1176 3155 1242 3240 ἆμ-

127 3271 273 3351 (leonis,
303 3258 499 3347 ἄβροιάζειν
527 3275 560 3328 et
584 3261 766 3351 ὁμαρτεῖν,
795 3286 933 3351 quorum
964 3261 1160 3351 principium
1190 3270 1243 3326 est

127 3364 233 3450 μείρω
255 3365 390 3448 ejusque
411 3361 639 3429 inclinamenta
658 3362 789 3452 ἔμμορα
804 3376 838 3429 et
854 3361 1020 3453 εἵμαρται.
1054 3363 1143 3428 Hinc
1159 3384 1238 3450 pro·

128 3464 314 3531 ficiscuntur
333 3470 452 3550 μοῖρα,
470 3463 585 3553 μόρος,
606 3463 716 3552 ιιοριή
744 3461 762 3553 ἡ
786 3465 890 3554 μερίς,
914 3465 1096 3554 ἑπίμορτος
1116 3465 1237 3553 partia·

126 3566 204 3643 rius,
236 3561 360 3653 μοριός
387 3564 455 3632 sive
481 3561 604 3655 βροιός
632 3564 791 3645 mortalit,
825 3564 1070 3655 cisrepadgpro
1100 3563 1239 3652 μαριός.

20 3744 22 3751 ,
129 3664 259 3753 Quibus
289 3663 438 3735 omnibus
472 3665 652 3736 eommunis
686 3677 736 3735 est
769 3665 962 3757 significatio
993 3669 1108 3758 pertis,
1142 3668 1239 3736 sortis

128 3837 464 3856 *—

178 3941 223 4008 3⁵)
236 3935 363 3995 Indidem
382 3937 500 3997 tortam
518 3930 616 4001 llvvlet
632 3929 719 3995 leder
734 3940 763 3997 vt
781 3933 878 3996 totta
897 3937 1025 3995 maehina
1044 3956 1240 3995 aerumnosas

128 4030 222 4095 τλῆναι
232 4026 364 4092 tolerare,
376 4023 486 4093 tollere,
506 4022 580 4083 snas
593 4017 718 4091 telleneu
741 4018 851 4079 veuls·
870 4025 906 4081 sc
924 4024 996 4081 l'sst.
1014 4023 1109 4081 tullios
1125 4044 1240 4097 quoqne

127 4111 193 4168 hine
204 4112 361 4169 nominatos
373 4119 469 4169 οιοιοι
482 4108 558 4187 ested
571 4124 672 4185 ιιιιιιιν
683 4122 792 4170 sermm
803 4107 914 4170 elleos,

179 4215 224 4284 st)
237 4213 342 4272 cantus
359 4221 476 4272 νοονιοι
495 4214 594 4288 elusae
613 4207 782 4277 Ιννινινιον
797 4209 880 4273 leth,
895 4208 956 4271 vll.
977 4229 1005 4269 o.
1019 4212 1061 4268 20.
1081 4205 1160 4286 πόμα
1177 4211 1241 4268 ἀοι-

126 4301 211 4384 διμνν
221 4298 301 4365 Fac
313 4299 394 4361 Nem.
403 4300 455 4360 111.
472 4296 528 4358 lldt
540 4298 620 4362 ttves
628 4298 766 4373 ιιννιιιῑνι
778 4293 852 4361 tut·
862 4300 905 4358 te,
919 4287 1001 4377 cipes
1013 4294 1122 4369 ιύιλιὴς
1131 4297 1180 4355 v1.
1192 4299 1236 4361 tv.
