2736 4778
129 329 170 397 st
507 320 783 396 DISSERTAIIO
816 322 871 397 Vi.

125 493 209 560 neris
231 492 395 558 masculini
426 493 459 558 in
480 494 531 581 ἧς
552 493 671 559 nubum
694 510 765 559 esse
787 499 943 576 oxytonon
969 498 1098 575 praeter
1126 488 1255 580 κριτής,

126 614 199 663 nam
221 593 342 685 λῃστής
364 595 697 689 naturatrisyllabum
719 608 790 664 esse
811 614 869 679 pro
892 591 1024 684 ληϊοεής
1041 631 1076 642 —-
1104 593 1158 662 διὸ
1186 593 1254 678 ἔχει

126 702 437 786 προσγεγραμμένον
464 699 503 766 τὸ
526 701 546 774 οἶ
592 700 662 768 Hoc
697 700 794 785 igitrn
826 699 999 766 exactiores
1033 702 1255 782 apposuerim

123 803 266 884 quamvis
288 801 465 868 inauditnm
489 839 525 851 -
551 798 629 869 καθ’
654 798 843 889 ὑπόμνησιν
865 802 1040 886 scripturae
1061 801 1221 884 integrae.

210 1094 237 1178 ᾗ.
262 1092 288 1158 1.
334 1092 436 1170 Quum
474 1094 515 1160 de
547 1093 708 1162 vocabulis
743 1093 830 1159 haud
866 1092 975 1175 paucis
1008 1092 1166 1157 incertum
1201 1090 1252 1172 sil,

104 1202 242 1284 'utrum'
261 1195 356 1278 alpha
389 1216 408 1262 a
434 1203 548 1264 natrrra
574 1197 704 1263 insitum
730 1195 871 1262 habeant
898 1213 939 1260 an
962 1199 1028 1273 cta,
1062 1191 1253 1275 diphthongi

126 1318 249 1384 quoque
277 1295 358 1388 {et
384 1303 646 1390 {nonnunquam
679 1300 789 1365 eodem
821 1299 890 1364 loco
927 1296 1113 1363 tractandae
1145 1300 1252 1374 erunt,

127 1401 211 1486 quod
240 1408 273 1469 et
296 1403 501 1484 Appollonius
523 1402 691 1486 aliquando
712 1401 788 1468 lecit
809 1403 888 1467 hdr.
911 1398 988 1479 567,
1022 1398 1076 1464 ubi
1098 1396 1252 1463 adverbio

129 1504 173 1597 ρᾴ
201 1507 266 1571 iota
294 1507 420 1586 asserit,
455 1506 529 1589 quia
560 1524 618 1588 per
640 1524 799 1588 apocopen
831 1524 870 1570 ex
892 1501 1017 1594 ῥᾳδίως
1038 1507 1156 1582 ortum,
1193 1501 1252 1568 hcc

126 1616 233 1676 antem
256 1628 295 1675 ex
308 1609 447 1698 <lasciue
467 1606 586 1675 Iactum
608 1609 651 1673 sit
671 1613 708 1675 ut
719 1608 833 1686 Λάϊος
844 1611 943 1696 Apios
964 1605 1019 1671 κατ’
1043 1602 1138 1670 liuor
1160 1605 1250 1692 λᾷον.

126 1712 284 1779 AdverbIo
306 1712 351 1776 illi
374 1716 407 1776 et
428 1711 488 1777 toti
508 1711 582 1778 huic
604 1711 741 1777 familiae
764 1710 909 1777 convenit
919 1705 1059 1798 ῥᾴτερον
1076 1706 1163 1789 apud
1174 1705 1250 1773 Pin·

128 1817 255 1894 darum,
290 1815 341 1880 cui
361 1817 462 1904 Λᾷος
489 1831 613 1898 quoque
634 1814 798 1894 tribuitur,
830 1831 858 1878 v.
881 1811 1018 1878 Buechh.
1042 1808 1090 1875 01.
1112 1808 1178 1875 VII
1200 1808 1251 1876 60.

126 1917 342 2001 htrisyllabo
375 1934 455 2000 quae
478 1918 621 1984 derivata
643 1923 717 1984 sunt
738 1914 894 1997 Λοΐειος,
916 1909 1082 2001 Antiope,
1106 1910 1251 1976 Laiada

126 2022 192 2086 iota
224 2020 407 2086 custodiunt
438 2020 605 2102 integrum.
663 2021 725 2087 Pro
759 2025 862 2103 etymo
893 2015 1081 2083 Eustachins
1102 2006 1183 2100 862.
1208 2014 1251 2083 55

127 2125 221 2211 λήϊον
242 2125 344 2207 ponit3
366 2122 461 2205 paulo
482 2121 676 2205 probabilius
697 2122 822 2188 ridetur
845 2125 922 2198 λᾶος
936 2119 1030 2206 capa,
1053 2118 1137 2184 uude
1153 2117 1253 2206 λοὶϊγξ

46 2248 49 2253 ’
127 2233 160 2294 et
181 2226 295 2305 λάϊνος
316 2245 475 2309 unumque
498 2232 674 2293 coartatum
697 2229 803 2315 λᾷνος,
825 2223 909 2305 quod
930 2220 1095 2289 Jacobsius
1119 2221 1161 2286 ad
1183 2223 1249 2317 dn·

127 2328 202 2396 thol.
225 2328 291 2394 Pal.
314 2348 344 2411 p.
367 2327 428 2395 911
464 2352 485 2391 a
505 2329 588 2394 malo
617 2327 827 2413 aasrflcatore
851 2324 1030 2412 profectum
1058 2325 1143 2391 dicit.
1189 2324 1249 2391 His

127 2433 282 2498 succurrit
303 2431 432 2497 tertium
454 2430 544 2512 λαός,
567 2430 651 2497 uude
673 2437 707 2497 et
721 2429 858 2509 Λαΐδος
879 2430 981 2511 repeti
991 2433 1097 2512 potest
1119 2433 1153 2494 et
1163 2445 1249 2495 com·

126 2537 238 2618 posita,
262 2553 343 2616 quae
364 2534 541 2599 Meinekius
558 2533 626 2600 Del.
642 2533 703 2600 114
724 2535 786 2600 huc
807 2532 913 2612 refert
930 2530 1148 2609 Νικολοΐδος,
1169 2525 1248 2618 ’Ap-
1288 2560 1294 2569 ·

125 2637 282 2720 χελαΐὸας
304 2638 501 2703 abbreviata
522 2635 727 2726 Νικολᾴόας,
754 2635 962 2728 Φιλολᾴὸας,
991 2637 1104 2718 quibus
1127 2635 1250 2700 librarii

127 2742 204 2817 iota,
239 2740 314 2820 quia
345 2757 407 2805 non
440 2740 481 2804 ad
504 2759 597 2806 aures
625 2742 781 2823 pervenit,
818 2757 1041 2822 nonnunquam
1069 2738 1251 2804 subducunt

129 2842 232 2928 [Patb.
247 2841 346 2920 1280,
360 2861 456 2924 supra
466 2861 495 2924 p.
506 2843 568 2928 11].
592 2841 644 2908 Sic
656 2844 839 2926 saepissime
851 2843 999 2909 scribitur
1009 2859 1123 2907 nomen
1134 2839 1250 2905 nobilis

128 2945 273 3011 statuarii
287 2941 477 3031 Ἀγελάόος,
500 2947 559 3011 sed
569 2946 628 3013 hoc
639 2946 768 3013 dubium
780 2953 830 3014 est
840 2946 964 3013 idemne
976 2943 1139 3027 significet
1163 2942 1250 3025 quod

127 3050 269 3115 PlutonIs
292 3049 453 3131 epitheton
472 3045 625 3136 Ἀγίλοος
652 3053 718 3117 sive
736 3049 938 3137 Ἅγεολλοος,
973 3068 1013 3114 an
1040 3049 1144 3130 potius
1173 3065 1248 3113 con·

126 3155 233 3218 veniat
260 3171 331 3218 cum
353 3152 515 3217 Minervae
537 3155 720 3236 cognomine
740 3150 887 3242 Ἀγελείο
910 3154 943 3218 id
965 3159 1015 3218 est
1037 3153 1152 3240 ληῖττς.
1199 3150 1249 3217 λλ)

126 3256 236 3322 JonIco
260 3256 337 3337 ληός
358 3253 533 3336 profectum
561 3261 611 3321 est
638 3256 746 3343 λήϊνον
773 3256 811 3323 τὸ
839 3253 1018 3345 δημόσιον,
1051 3255 1135 3337 quod
1160 3254 1250 3320 idem

129 3360 225 3446 λῇτον
247 3358 403 3438 scribitur,
425 3364 458 3422 et
468 3357 599 3423 verbum
622 3362 812 3448 λῃτουργεῖν
833 3360 852 3424 i.
865 3379 893 3442 q.
917 3363 1124 3445 λειτουργεῖν.
1155 3357 1250 3424 Com·

127 3480 254 3526 munem
283 3460 416 3525 formam
444 3462 587 3542 sequitur
621 3480 734 3527 nomen
762 3462 919 3544 ancipitis.
935 3462 1074 3527 merismi
1103 3461 1249 3531 raalaio.

126 3563 164 3627 ld
197 3564 394 3644 grammatici
430 3563 471 3629 ad
502 3582 600 3629 unum
632 3580 740 3629 omnes
771 3565 966 3630 substantive
999 3565 1252 3647 Interpretantur

127 3668 194 3744 νέος
216 3664 299 3744 λαός
322 3666 406 3731 Suid.
429 3673 488 3732 etc.
510 3669 560 3733 vel
583 3668 620 3734 τὸ
644 3661 819 3757 ὅθροτσμα
842 3673 908 3734 τῶν
919 3669 1000 3735 νέων
1012 3666 1107 3733 schol.
1118 3667 1251 3734 Luciam

127 3768 253 3834 Phall
283 3770 310 3853 ᾗ.
334 3769 353 3832 3
383 3788 412 3850 p.
439 3770 499 3834 155
522 3769 645 3851 Jacob,
676 3771 772 3836 schol.
795 3770 903 3854 Eurip.
927 3772 993 3837 Alc.
1020 3770 1093 3850 103,
1117 3769 1249 3851 Theocr,

126 3871 234 3940 XVIII
256 3871 306 3936 21.
343 3870 613 3948 Quemadmodum
635 3880 741 3941 autem
763 3876 932 3954 exacuta
954 3871 1035 3952 λαός
1051 3875 1251 3956 componitur

128 3973 294 4044 οολολοΐο
318 3974 446 4057 (Phryn.
468 3973 554 4058 493),
578 3995 616 4041 err
639 3979 719 4045 δέκα
741 3981 817 4057 νᾶες
839 3979 915 4045 item
939 3978 1110 4060 δεκονοῖο,
1140 3979 1185 4044 sic
1209 3978 1251 4044 ab

127 4080 190 4145 illis
213 4079 335 4144 duobus
357 4078 494 4144 debebat
514 4078 651 4145 νεολοΐο
675 4079 802 4164 [Parall.
825 4081 912 4166 228]‚
936 4087 969 4146 et
990 4081 1179 4164 fuisse‚‘qrri
1203 4083 1251 4147 ita

128 4181 281 4260 dicerent,
310 4184 508 4263 cognoscitur
534 4202 572 4249 ex
594 4181 697 4247 Photii
719 4184 823 4250 verbis
846 4184 999 4251 νεολαίαν
1028 4185 1086 4273 τὴν
1107 4182 1249 4274 νεότητα

127 4282 396 4371 τετροοολλάβως
430 4284 461 4352 ολ
480 4282 627 4354 Ἀττικοί
636 4314 646 4365 ‚·
681 4286 738 4353 sed
759 4287 1009 4370 pentesyllabum
1042 4307 1103 4353 non
1132 4288 1250 4368 legitur
