2736 4778
206 322 273 396 DE
288 326 560 396 PARATHESI
578 327 640 395 ET
661 326 926 396 SCRIPTURA
948 325 987 395 C.
1001 325 1053 395 lll.
1074 328 1100 415 ξ.
1113 330 1142 395 1.
1167 335 1238 409 581

132 528 166 585 et
186 515 282 594 alibi,
303 539 466 602 nusquam
487 538 580 595 vero,
602 516 665 580 nisi
687 516 766 601 quid
789 538 840 580 me
862 514 955 600 fugit,
974 509 1033 599 τόρ
1055 520 1098 601 ῥα
1123 538 1184 582 uec
1203 512 1242 605 ὅρ

131 624 175 707 ῥα
197 631 233 685 ιιι
254 617 360 703 κατὰρ
383 614 470 701 ῥόον,
497 611 579 702 ἅνὰρ
602 619 764 705 ῥῶγυςῒ).
808 617 968 695 Alterum,
987 616 1029 682 de
1045 639 1110 701 quo
1123 617 1242 684 Gram-

130 721 241 789 matici
263 743 325 787 nos
347 721 533 795 admonent,
556 719 618 786 boc
641 730 706 787 est:
734 717 836 788 cinaei
860 719 919 785 δύο
936 717 1021 806 μέρη
1040 722 1137 804 λόγου
1154 717 1244 784 ἐστὶν

130 820 167 889 ἐν
188 821 376 908 συναιρέσει
397 820 561 889 Choerob.
591 821 688 888 Orth.
711 821 790 899 246,
814 821 864 887 19.
898 832 996 906 atque
1022 820 1070 886 sic
1093 818 1244 886 scribitur

131 916 301 1010 ciosuapel
322 923 482 1008 absolute,
491 925 636 1011 positum
658 923 744 990 Plat.
760 924 897 989 Theaet.
917 922 990 987 201.
1004 921 1044 988 E.
1068 921 1128 987 sed
1149 921 1243 988 aliter

129 1023 166 1090 in
187 1025 430 1117 constructione
451 1026 548 1113 plena
571 1038 604 1092 et
628 1028 773 1115 perlecta
800 1022 919 1110 ὅμοιόν
941 1023 1030 1091 ἐστιν
1053 1016 1190 1110 οἷόνπερ
1212 1018 1247 1090 εἴ

130 1150 183 1207 τις
204 1125 323 1218 θηρῴη
340 1127 428 1196 Xen.
452 1127 528 1216 Cyr.
554 1126 575 1194 Ι.
595 1130 630 1206 4,
661 1132 710 1195 11.
733 1168 775 1178 -
803 1129 892 1195 Hinc
921 1127 1043 1215 ingruit
1069 1147 1242 1190 numerosa

130 1227 228 1297 turba
253 1230 474 1310 relativorum,
505 1254 643 1319 quorum
668 1231 855 1297 varietatem
884 1228 1072 1296 adumbravi
1099 1228 1142 1292 ad
1161 1226 1241 1294 Phr.

128 1331 205 1399 373.
225 1327 440 1420 σῖοςδήτιοτε,
464 1327 727 1422 corrogatores,
750 1328 987 1416 decemcordo,
1008 1326 1239 1419 ὁπηλικοςοῦν,

130 1424 392 1522 ὂὲιιςδνγντοτοῦν
413 1445 474 1502 etc.
519 1457 602 1521 quae
629 1457 730 1521 saepe
758 1432 976 1521 particulatim
1006 1431 1242 1519 discerpuntur.

128 1532 272 1601 Diversa
291 1544 414 1622 genera·
441 1537 665 1626 complectitur
691 1536 802 1603 Schol.
828 1536 930 1603 Dion.
962 1559 995 1622 p.
1020 1533 1092 1597 702.
1123 1528 1161 1599 οὐ
1183 1526 1242 1620 χρὴ

129 1632 264 1701 τιθέναι
288 1637 345 1725 τὴν
371 1633 455 1724 ipe»
480 1639 514 1705 ἒν
540 1645 616 1718 ταῖς
645 1634 841 1704 &carerem
867 1636 925 1702 καὶ
948 1641 1023 1717 ταῖς
1045 1629 1245 1717 ἀχωρίστοις

128 1731 303 1815 συντάξεσι
315 1734 523 1826 Πάλλνγνάδε,
543 1734 739 1825 Μέγαράδε,
759 1734 899 1828 δηλαδή,
919 1733 1038 1814 τοίνυν,
1059 1731 1241 1819 τοιγάρτοι,

129 1840 319 1924 τοιγαροῦν.
343 1834 429 1906 οὕτω
453 1837 490 1905 δὲ
513 1832 609 1925 οἶμαι
631 1836 716 1921 ἐγειν
736 1838 794 1904 καὶ
819 1837 857 1906 τὸ
880 1831 999 1916 οὐδείς.
1039 1835 1170 1924 Topica
1188 1833 1244 1898 illa

129 1947 261 2004 constat
289 1947 433 2005 veterum
461 1941 636 2007 nonnullos
667 1939 794 2007 diverse
821 1939 1010 2028 scripsisse,
1049 1937 1244 2025 metaplasta

129 2039 266 2126 quidem
288 2038 421 2129 hyphen
442 2038 643 2130 Παλλήναδε
664 2053 700 2108 ut
728 2034 852 2129 dyocde
866 2041 944 2107 ‘sed
965 2040 1113 2126 Μέγαρα
1135 2035 1174 2104 δέ
1195 2036 1243 2103 sic

129 2152 167 2208 ut
187 2133 280 2237 alnov
301 2141 339 2210 δέ
359 2165 388 2208 ν.
399 2141 517 2210 Lehrs.
541 2143 677 2226 Quaest.
689 2145 742 2209 40.
785 2139 925 2230 Διγλαδή
949 2163 1050 2206 unum
1073 2139 1107 2204 iu
1129 2138 1243 2204 ultima

129 2252 301 2311 accentum
323 2242 442 2311 habere
466 2245 597 2311 tradunt
622 2247 803 2313 Herodian.
831 2245 873 2311 de
897 2245 979 2309 Ace.
1003 2242 1090 2308 Adv.
1112 2266 1146 2330 p.
1168 2240 1242 2307 279.

128 2344 172 2412 Τ.
196 2342 250 2436 lll.
271 2343 378 2414 Cram.
401 2356 434 2414 et
454 2347 616 2414 Arcadius
642 2348 713 2415 183.
739 2347 840 2435 idque
864 2346 1017 2413 convenit
1037 2343 1243 2432 potissimum

128 2445 189 2513 ubi
212 2445 361 2514 absolute
383 2448 517 2535 ponitur
537 2472 597 2539 pro
621 2449 775 2516 adverbio
797 2446 915 2537 δήλους,
941 2471 1007 2534 quo
1030 2460 1154 2513 veteres
1175 2466 1244 2512 non

127 2557 280 2629 utuntur,
306 2549 395 2616 velut
413 2550 488 2640 Iph.
510 2551 554 2618 A.
577 2552 669 2618 1366.
693 2549 819 2642 δηλαδὴ
842 2550 971 2639 ξανθῆς
993 2547 1147 2638 ἒθείρης,
1180 2568 1242 2613 nec

126 2674 241 2719 rarum
270 2646 423 2742 δηλονότι
451 2651 514 2719 hoc
543 2653 718 2720 adverbiali
738 2652 904 2719 intellectu
925 2673 1047 2736 nempe,
1081 2654 1242 2726 οιόιινιιυι,

127 2743 274 2851 exempli
295 2775 394 2821 causa
415 2749 562 2822 σώσουσι
580 2751 733 2844 δηλονότι
754 2755 894 2822 Luciau.
916 2754 1004 2822 Dial.
1021 2750 1194 2821 Mar.Xll.
1211 2753 1242 2820 2.

127 2857 202 2928 Sed
229 2855 283 2922 bic
310 2855 516 2924 Jacobitzius
544 2857 640 2923 unius
671 2856 745 2922 c'od.
776 2857 968 2923 auctoritate
996 2856 1123 2933 divisit,
1153 2855 1244 2942 quod

128 2980 234 3046 saepe
254 2958 400 3026 fecerunt
423 2959 573 3025 Platonis
602 2958 743 3025 editores
766 2971 943 3045 praeeunte
964 2958 1062 3024 Astio
1084 2957 1119 3023 in
1142 2954 1243 3022 Com-

127 3072 229 3128 ment
252 3062 295 3127 ad
314 3061 413 3128 Polit.
435 3061 509 3128 635.
553 3061 774 3130 Schneiderus
802 3061 845 3125 ad
871 3058 942 3126 civ.
965 3059 1007 3124 T.
1030 3058 1053 3124 l.
1079 3057 1150 3124 164.
1175 3079 1244 3123 non

127 3173 233 3250 negat
260 3162 391 3230 codices
414 3164 568 3252 jungenti
597 3163 708 3250 potius
744 3185 841 3247 quam
870 3159 1035 3250 separanti
1061 3159 1243 3245 suffragari,

129 3264 192 3331 sed
217 3262 302 3329 banc
328 3264 577 3335 consensionem
609 3289 629 3331 a
654 3264 939 3354 grammaticorum
972 3262 1163 3330 auctoritate
1192 3283 1243 3326 re·

128 3364 229 3454 petit3
257 3387 421 3454 „prorsus
444 3369 530 3435 enim
558 3394 579 3437 a
603 3391 680 3436 vero
703 3367 877 3435 abhorrere
906 3366 1080 3433 Platonem
1104 3363 1242 3430 aliumve

128 3465 334 3557 „probatum
365 3469 556 3558 scriptorem
581 3473 711 3561 uspiam
738 3470 805 3537 duo
833 3482 900 3536 tam
931 3467 1101 3536 dissimilia
1128 3477 1244 3533 natura

128 3580 195 3651 „et
217 3569 365 3657 pondere
389 3571 549 3640 vocabula
583 3575 617 3640 in
642 3598 742 3640 unum
770 3573 930 3640 conflasse
965 3572 1012 3637 ita
1049 3581 1086 3637 ut
1113 3568 1243 3659 gravius

127 3684 298 3754 „accentu
320 3673 508 3760 privaretur.
517 3681 538 3715 ‘⁴
580 3679 673 3744 Haec
696 3688 804 3743 tamen
825 3674 907 3740 ratio
929 3696 996 3741 non
1016 3672 1142 3742 obstitit
1159 3696 1243 3759 quo·

127 3778 238 3844 minus
272 3771 472 3864 ὠςιτερανιί,
515 3771 772 3868 ὃςτιςδηντοτούν
809 3788 842 3844 et
873 3776 991 3843 similia
1027 3776 1245 3844 scriberentur

128 3881 304 3966 conjuncte
325 3899 392 3945 non
415 3902 544 3968 semper
560 3880 693 3967 quidem
714 3879 891 3968 sedsaepe
910 3891 947 3946 ut
958 3872 1110 3963 μονονού,
1123 3901 1243 3961 μονον-

202 4051 227 4118 1)
241 4048 337 4105 Schol.
352 4051 408 4106 Od.
424 4050 460 4106 Π.
474 4050 532 4104 338.
549 4045 594 4104 tea
609 4042 926 4121 νηιός-Ἀρισιοιγάνης
943 4039 1085 4114 ὄθιννηνός
1102 4039 1139 4103 ὥς
1154 4041 1182 4098 τὸ
1201 4041 1243 4098 ἐνὶ

129 4132 280 4209 μεγάροισι
295 4132 539 4209 (ἰννμμιγιέροισι).
559 4136 592 4191 Ιυ
604 4136 725 4192 Theocr.
737 4137 801 4192 XV.
818 4138 874 4190 128.
889 4136 945 4187 duo
958 4133 1040 4185 codd.
1055 4126 1245 4200 ὁρροδόονγγυς

120 4220 251 4368 ’ᾗδοὲνγῆ
272 4222 324 4366 21ζὲ
344 4221 431 4300 cippo
450 4223 508 4280 dixi
520 4222 550 4278 in
561 4222 703 4297 Aglaoph.
725 4225 785 4277 52⁰.
818 4221 906 4277 Plura
917 4215 1012 4274 attulit
1023 4215 1189 4290 Spitzuarus
1206 4216 1244 4270 ad
