2736 4778
176 332 243 399 Dr:
263 331 535 400 PABATHESI
556 330 617 397 ET
642 331 917 400 SCRIPTURA.
941 330 980 397 C.
992 333 1053 399 IV.
1069 334 1095 418 l.
1109 334 1138 398 1.
1166 338 1242 409 602

121 516 235 594 adsto,
262 510 402 595 sinodis,
423 508 591 603 ’(ὶνιοτοίς,Ι
619 510 741 599 ἇποψέ
765 514 822 581 καὶ
847 514 889 582 ιὰ
910 512 1152 603 παραπλήσια,
1182 517 1242 582 sed

123 616 293 683 desiderat
310 616 372 706 τὴν
390 612 514 704 ἀκριβῆ
536 611 713 697 ἀπόδειξιν
733 611 781 683 δι’
805 605 845 706 ἧς
864 615 903 681 τὸ
926 614 1161 696 δισταζόμενον
1181 622 1242 706 τῆς

121 715 310 799 σιοτάξοως
330 713 591 805 ποριογροὶφετο·
613 717 648 783 τί
664 715 726 803 γὰρ
743 712 872 802 μᾶλλόν
894 715 963 783 ἐστι
982 714 1021 780 τὸ
1040 711 1110 781 ἀπὸ
1127 711 1197 802 ὀψέ
1206 719 1243 801 ²)

122 815 168 883 roi
186 840 224 884 τι
240 813 345 901 ὅμοια
363 813 424 885 olo
440 817 523 904 μέρη
541 814 642 904 λόγου
661 809 748 905 ἤπερ
767 817 820 893 1’ν,·
843 839 922 903 ergo
938 816 1126 883 addendum
1141 817 1243 884 luisse

125 916 390 1006 praepositiones
425 938 499 985 eum
533 916 716 985 carentibus
732 929 829 983 ‘oasu
861 919 895 983 in
928 939 1028 983 unum
1059 918 1244 985 coalescere

124 1018 196 1085 sivo
224 1029 261 1085 ut
291 1017 381 1085 brevi
409 1029 488 1106 post
517 1019 596 1085 dieit
624 1019 697 1085 337.
729 1016 765 1085 ui
796 1016 983 1102 προθέσεις
1010 1018 1045 1085 ἐν
1072 1012 1245 1098 &assitme

122 1113 212 1189 καθ’
241 1120 300 1187 l'vo
328 1120 559 1206 σχηματισμὸν
585 1118 900 1205 μεταλαμβάνοιτοι
928 1116 991 1184 hoo
1017 1129 1067 1184 est
1093 1114 1242 1186 ἕνοῦνται

123 1230 163 1287 ut
179 1220 257 1287 alibi
274 1221 419 1308 loquitur
435 1220 521 1287 Adv.
533 1220 607 1285 509.
651 1221 692 1285 In
712 1242 777 1305 quo
795 1220 876 1285 mihi
894 1221 1073 1287 sententiae
1092 1230 1243 1288 auctores

123 1320 369 1407 quodammodo
405 1306 547 1387 cavillari
580 1321 718 1386 videtur.
772 1322 819 1385 Hi
853 1323 939 1386 enim
970 1322 1058 1387 idem
1092 1322 1242 1388 dixerant

121 1420 233 1489 verbis
257 1422 340 1489 aliis.
383 1425 417 1488 A
441 1434 619 1511 praecepto
646 1422 720 1509 ipso
742 1422 891 1509 plurimis
918 1424 952 1488 in
977 1424 1058 1489 loois
1082 1422 1156 1490 libri
1179 1447 1242 1491 no·

123 1521 185 1591 stri
205 1523 286 1591 editi
311 1546 477 1611 manuque
500 1523 612 1610 scripti
641 1522 801 1588 dissident
822 1524 1083 1610 praepositiones
1106 1526 1241 1592 seorsim
1358 1557 1362 1566 ·

124 1624 267 1712 scriptas
285 1623 486 1703 exhibentes,
503 1626 595 1709 eujus
614 1625 793 1712 scripturae
812 1626 961 1712 exempla
978 1626 1148 1692 contrariis
1165 1649 1241 1714 per·

123 1724 228 1791 mixta
256 1746 277 1791 a
303 1724 462 1792 Fischero
489 1726 633 1791 Animm.
665 1726 707 1790 ad
732 1721 817 1793 Vell.
847 1726 888 1791 Τ.
913 1727 974 1794 IV.
1001 1726 1074 1792 229.
1110 1727 1241 1795 Sturzio

122 1825 214 1893 nial.
240 1827 372 1893 Maced.
400 1828 474 1893 209.
513 1828 651 1894 Winero
684 1829 829 1895 Gramm.
859 1828 901 1894 N.
932 1828 973 1893 T.
1003 1826 1076 1894 356.
1107 1838 1141 1893 et
1166 1828 1241 1895 486.

126 1922 170 1995 G.
192 1927 367 2015 Kruegero
389 1928 533 1997 Gramm.
556 1928 614 1995 Gr.
638 1929 677 1994 P.
699 1931 727 1994 Ι.
749 1930 844 1994 Faso.
867 1930 913 1994 11.
937 1928 1010 1994 295.
1033 1929 1128 2016 plura
1149 1952 1170 1995 a
1189 1952 1243 1995 me

125 2028 172 2095 ad
191 2028 271 2096 Phr.
290 2030 333 2095 46
354 2053 404 2117 sq.
428 2041 586 2117 congesta
608 2041 684 2095 sunt
704 2029 854 2117 neglecto
878 2042 985 2095 tamen
1005 2030 1187 2116 Apollonio
1209 2042 1242 2096 et

125 2129 256 2196 omissis
278 2129 367 2197 haud
389 2132 513 2219 pauois.
557 2131 623 2196 Hic
646 2144 753 2197 autem
771 2131 920 2217 quaestio
942 2129 1114 2196 habebitur
1133 2142 1242 2198 utrum

122 2228 248 2295 librarii
283 2232 489 2319 peccaverint
525 2234 709 2320 composita
746 2233 932 2298 dirimentes
967 2256 1009 2297 an
1042 2234 1242 2321 Apollonius

124 2343 216 2399 certa
237 2332 398 2417 quaedam
418 2332 647 2400 adverbiorum
666 2356 787 2420 genera
809 2332 850 2399 de
867 2335 942 2419 lege
963 2334 1126 2400 exemerit.
1171 2337 1241 2401 Ita·

124 2454 192 2519 que
208 2454 331 2519 genera
347 2433 421 2521 ipsa
439 2436 611 2502 contractis
631 2436 775 2522 undique
797 2436 1018 2523 exemplorum
1039 2437 1145 2523 oopiis
1162 2460 1242 2524 pro·

126 2533 205 2601 duei
235 2544 267 2601 et
295 2535 329 2600 in
357 2557 456 2621 quam
483 2537 639 2623 quodque
668 2537 860 2625 scripturam
889 2536 1095 2623 propendeat
1122 2536 1251 2622 inquiri·
1290 2624 1293 2629 ι

125 2634 545 2723 oportebit„eonsiderata
570 2641 729 2725 cujusque
751 2638 1002 2725 significatione,
1028 2637 1241 2731 derivatione,

125 2737 369 2804 construetione
392 2749 425 2804 et
446 2738 474 2803 si
496 2762 561 2824 qua
583 2740 647 2805 alia
674 2741 867 2806 diversitatis
891 2740 1013 2806 indicia
1040 2740 1240 2828 deprehendi

125 2838 266 2925 possint.
309 2840 386 2905 Hae
406 2839 460 2904 via
479 2863 548 2907 rem
570 2840 756 2906 ahsolutum
781 2842 820 2906 iri
847 2865 914 2908 non
936 2843 1152 2930 spondemus,
1183 2844 1241 2908 sed

125 2939 323 3018 tentabitur3
349 2954 384 3008 ut
406 2947 548 3027 quimus,
571 2944 678 3025 ajunt,
704 2946 830 3026 quoodo
853 2954 888 3008 ut
909 2947 1053 3008 volumus
1076 2947 1241 3011 nonlicet.

125 3040 281 3109 Ceterum
305 3034 371 3108 non
394 3044 499 3109 solum
522 3043 700 3130 scripturae
727 3042 832 3129 gratia
854 3039 907 3106 hio
934 3042 1130 3128 suscipietur
1150 3043 1243 3110 labor

127 3143 190 3209 sed
214 3143 309 3209 simul
335 3154 372 3209 ut
395 3145 553 3211 sermonis
583 3144 707 3229 antiqui
731 3153 764 3208 et
787 3142 901 3209 novitii
925 3143 1093 3209 diversitas
1119 3145 1153 3215 in
1178 3144 1241 3211 hoo

125 3265 260 3329 quoque
276 3266 398 3330 genere
412 3245 633 3331 usurpationis
650 3244 932 3310 animadvertatur.
956 3243 1242 3327 Quemadmodum

126 3344 214 3412 enim
234 3344 334 3410 latina
356 3346 560 3412 consuetudo
583 3346 725 3412 extincto
747 3346 828 3412 flore
851 3344 1056 3429 eloquentiae
1078 3346 1159 3411 fines
1182 3370 1241 3412 an·

126 3446 264 3531 tiquitus
288 3445 483 3513 constitutos
505 3447 709 3512 multifarium
734 3446 910 3523 transiluit,
934 3446 980 3510 ita
1003 3446 1100 3511 etiam
1122 3447 1241 3515 Graeci

125 3570 193 3633 quo
222 3547 354 3634 longius
383 3546 424 3612 ah
453 3546 509 3613 illo
538 3548 669 3634 fastigio
699 3548 917 3623 defluxerunt,
952 3567 991 3612 eo
1019 3546 1153 3614 effusius
1181 3547 1243 3617 hae

125 3647 348 3737 componendi
372 3649 519 3716 libertate
542 3648 592 3714 usi
617 3659 702 3714 sunt.

195 3922 225 3986 2)
239 3920 303 3974 llos
319 3938 406 3991 quum
423 3917 658 3975 anoeeedeutibus
676 3935 834 3989 repugnare
854 3917 983 3972 videatur
1000 3919 1035 3973 ab
1050 3917 1111 3972 oa
1125 3917 1242 3972 Schnei-

123 4007 195 4060 dero
215 4004 244 4058 in
256 4004 410 4060 Comment
425 4007 462 4059 do
474 4003 569 4074 Apoll.
584 4005 681 4074 Synth.
700 4012 729 4057 et
746 4002 889 4057 Parathesi
910 4005 1042 4075 (Ephem.
1056 4000 1161 4056 Seient.
1174 4002 1241 4055 Ant.

123 4108 192 4145 ann.
207 4091 281 4145 18⁴³.
298 4091 333 4145 N.
345 4093 385 4145 81.
399 4107 426 4161 p.
441 4089 515 4156 611.)
535 4097 563 4142 et
582 4088 743 4143 Skrzeczlra
760 4096 856 4142 nostro
876 4087 904 4141 in
924 4090 1083 4143 Observatt.
1103 4086 1132 4140 in
1145 4087 1239 4159 Apoll.

125 4176 166 4229 de
182 4173 267 4230 Pron.
286 4193 313 4247 p.
334 4176 373 4230 lb.
394 4174 423 4228 in
445 4172 614 4229 eontrarium
635 4171 753 4227 vertitur
775 4172 941 4244 interposita
965 4170 1116 4242 negatione
1141 4178 1169 4227 rt
1186 4173 1243 4247 γὰρ

125 4256 287 4330 οὐμᾶλλον
305 4258 334 4315 τὸ
353 4258 408 4315 ἀπὸ
424 4258 482 4330 ὀψέ
491 4289 534 4315 -.
559 4259 594 4313 Id
613 4257 735 4314 cuimodi
754 4257 789 4311 sit
807 4266 907 4329 postea
925 4257 1092 4312 videbimus.

176 4365 310 4411 Loheok,
325 4365 414 4404 Patbol.
992 4361 1034 4426 39
