2736 4778
178 376 250 448 126
540 368 862 436 DISSERTATIO
893 369 922 432 1.

173 557 285 632 mittit3
302 555 399 620 Timo
416 563 524 617 autem
540 553 575 618 in
592 552 680 618 exitu
696 552 876 617 hexametri
888 552 1025 616 fortasse
1040 573 1108 616 non
1124 547 1291 618 ἐλάσσονα

173 660 375 736 σκινδαψοῖσ
395 653 526 738 scripsit
547 654 607 718 sed
624 653 715 737 quod
733 675 840 738 aeque
856 653 1010 719 usitatum
1027 664 1079 717 est
1096 649 1289 735 κινόἀψοιο.

172 760 261 823 Ante
283 753 361 822 σκιά
381 776 458 818 vero
481 764 514 818 et
539 754 682 818 derivata
704 752 856 828 σκίαινα,
878 755 1050 838 σκίουρος,
1076 763 1207 818 constat
1228 775 1289 817 vo·

173 859 275 924 oalem
294 856 425 921 brevem
446 876 547 941 saepe
564 854 787 942 nonproduci
804 865 838 918 et
854 854 929 919 huic
945 875 1077 940 quoque
1091 846 1291 941 principium

174 960 359 1045 assignatur
387 955 534 1053 tenuius:
562 951 642 1023 σκιά
669 955 765 1042 παρὰ
791 956 830 1022 τὸ
851 953 914 1021 κίω
940 955 978 1021 τὸ
1003 949 1185 1023 bonaso
1209 958 1291 1022 πλε·

173 1063 309 1144 ονασμῷ
335 1061 395 1124 τοῦ
423 1080 445 1124 o
469 1053 489 1143 ἡ
511 1058 811 1123 σονακολουθσῡσα
837 1056 918 1122 ΕΜ.
942 1055 1014 1135 717,
1036 1057 1088 1121 33.
1120 1052 1288 1120 Chosrob.

173 1160 209 1224 in
229 1159 351 1223 Psalm.
377 1156 450 1233 135,
471 1155 501 1220 8.
528 1157 695 1241 quomodo
723 1156 822 1222 latine
848 1155 971 1222 assidui
998 1157 1135 1222 comites
1160 1159 1290 1223 umbros

173 1269 346 1334 vocantur3
363 1257 414 1322 vel
432 1258 542 1344 potius
560 1281 580 1322 a
595 1257 787 1336 mobilitate,
804 1281 880 1322 nam
896 1255 1035 1340 κίνυγμα
1047 1257 1290 1345 Glossographi

173 1363 427 1448 interpretantur
449 1357 548 1426 σκιάν
568 1359 687 1424 Parall.
713 1359 762 1424 72.
787 1365 887 1425 κινεῖν
913 1370 1021 1424 autem
1045 1371 1079 1425 et
1104 1358 1188 1426 κίειν
1207 1382 1289 1425 oon·

173 1473 328 1549 generata
349 1471 441 1536 sunt3
471 1457 685 1538 Schneidero,
708 1461 765 1545 qui
785 1459 868 1524 illud
890 1482 965 1525 cum
985 1461 1101 1528 σκὲπω
1122 1460 1291 1547 componit

174 1587 203 1630 v.
227 1562 352 1628 Techn.
374 1562 427 1626 37.
457 1547 607 1625 subvenit
630 1561 778 1626 Platonis
807 1561 929 1626 locutio
955 1561 1053 1628 σκιὰν
1080 1561 1137 1627 καί
1162 1563 1290 1648 σκέπην

174 1665 332 1744 παρέχειν
354 1661 440 1725 Tim.
464 1661 515 1724 76.
536 1663 581 1727 D.
611 1673 643 1727 et
667 1661 839 1727 verborum
866 1661 1072 1743 ἐπισκιάζειν
1098 1672 1132 1726 et
1156 1661 1289 1728 ἑπισκε·

175 1762 294 1844 στάζειν
326 1762 415 1847 apud
447 1762 638 1847 interpretes
668 1762 703 1828 S.
732 1762 768 1828 S.
800 1762 1001 1848 synonymia.
1057 1762 1125 1830 Sed
1154 1761 1290 1862 reddam

175 1875 282 1930 cetera
311 1863 605 1928 Grammaticorum
634 1863 839 1928 testimonia:
876 1861 1043 1948 σκάριφος
1072 1864 1130 1930 καί
1159 1862 1290 1950 κάρφος

174 1965 253 2033 Sch.
268 1964 370 2030 Arist.
390 1965 497 2029 Rann.
515 1964 607 2029 1534.
631 1964 672 2029 de
697 1987 762 2050 quo
786 1964 853 2028 dixi
876 1964 910 2027 in
927 1964 1047 2028 Parsll.
1064 1964 1159 2027 294.-
1179 1962 1290 2044 Σκνίψ

174 2067 230 2134 καί
252 2065 334 2151 κνίψ
356 2063 453 2132 οὐδὲν
473 2066 629 2151 διαφέρει
652 2061 672 2152 ἢ
694 2064 797 2150 μόνον
817 2065 902 2130 κατὰ
926 2062 1034 2131 κλίσιν
1053 2065 1164 2151 Epim.
1174 2063 1203 2131 I.
1215 2063 1288 2129 391.

175 2168 266 2253 quod
298 2167 467 2231 confirmat
495 2165 730 2250 Theognostus
760 2165 842 2232 Can.
866 2165 945 2241 135,
969 2166 1020 2229 31.
1049 2164 1153 2250 σκνίψ
1183 2160 1202 2230 ὁ
1230 2165 1291 2244 μὲν

169 2264 401 2352 Ἀριστοτέλης
425 2265 509 2340 μετὰ
531 2269 590 2332 τοῦ
605 2255 644 2335 ο
661 2269 764 2352 λέγει,
792 2264 824 2332 οὶ
847 2267 884 2332 δὲ
907 2265 1023 2332 λοιποί
1042 2263 1160 2351 χωρίς,
1190 2266 1291 2351 idque

174 2367 418 2434 convenientius
440 2366 603 2453 primitivo
625 2365 722 2448 κνίζιο
742 2365 861 2431 Parall.
876 2366 947 2428 114.
971 2363 1140 2451 σκόρδυλα
1154 2402 1192 2416 -·
1207 2364 1289 2434 ἔνιοι

173 2465 318 2554 κορδίλη
339 2470 422 2533 Hes.
440 2467 494 2532 eui
515 2468 640 2531 nomini
661 2489 761 2551 quum
783 2465 965 2551 subjectum
986 2464 1029 2529 sit
1048 2469 1115 2532 πᾶν
1137 2465 1174 2532 τὸ
1196 2490 1291 2534 cusa·

173 2568 382 2650 οτραμμίνον
399 2568 492 2635 Suid.
510 2569 708 2634 traducimur
726 2569 768 2634 ad
786 2559 918 2654 ίίρδημα
937 2569 1057 2649 olomuc
1075 2566 1142 2631 sive
1160 2563 1290 2653 νολύπη

173 2691 203 2732 v.
225 2668 327 2732 Proll.
352 2669 423 2732 124.
449 2681 481 2732 et
503 2670 574 2734 127.
618 2669 767 2752 Κάμωνα
797 2668 885 2752 λέγει
914 2667 973 2751 τὴν
993 2664 1186 2750 σκαμωνίαν
1209 2662 1287 2733 κατ’

175 2766 304 2833 ἔνδειαν
327 2773 386 2833 νοῦ
411 2759 434 2837 d
458 2769 535 2837 soh.
558 2771 631 2835 Nic.
655 2771 711 2835 Al.
732 2770 807 2834 484.
833 2780 866 2834 et
892 2789 959 2831 non
988 2767 1115 2832 diversa
1140 2768 1291 2833 videntur

175 2867 407 2952 andronymica
430 2869 556 2952 Κάμιον
577 2882 610 2935 et
631 2854 774 2954 Σκάμων
793 2881 886 2957 pater
905 2869 1077 2955 Sapphus,
1100 2892 1197 2954 quem
1215 2871 1287 2934 He·

173 2969 309 3034 rodotus
331 2968 640 3055 Σκαμανόριίνυμον
664 2984 767 3037 vocat.
812 2971 889 3036 Alia
909 2970 1000 3056 apud
1018 2969 1287 3057 Glossographos

172 3071 325 3156 leguntur
345 3071 426 3137 loeis
446 3073 580 3138 diversis
599 3074 659 3138 sed
676 3084 838 3161 potestate
860 3072 992 3138 eadem:
1013 3069 1146 3149 Λάνεις
1167 3067 1188 3160 ἡ
1210 3097 1289 3141 σκυ-

172 3173 255 3259 τάλη
278 3167 299 3258 ἢ
323 3174 418 3258 παρὰ
442 3179 609 3262 Δωριεῦσι
638 3177 768 3258 λέγεται
794 3173 938 3257 contrite]
964 3174 1072 3257 Etym.
1095 3173 1163 3236 Me.
1184 3173 1289 3238 Bastii

173 3275 214 3338 ad
231 3275 332 3359 Greg.
344 3275 417 3338 388.
439 3273 553 3354 λάκοις
575 3272 594 3363 ἡ
616 3273 760 3353 κιόεαλις
777 3275 870 3342 Suid.
887 3273 950 3339 nisi
971 3272 1036 3339 hoc
1054 3271 1096 3338 ab
1115 3273 1178 3341 alio
1197 3274 1288 3360 prin-

172 3375 260 3459 'oipio
284 3372 401 3440 κόπτω
426 3385 536 3439 natum
563 3387 613 3439 est
638 3398 668 3440 v.
689 3376 791 3441 Proll.
814 3376 866 3440 97.
908 3375 1069 3460 Ejusdem
1090 3385 1188 3440 notae
1213 3387 1290 3440 sunt

175 3475 239 3538 duo
255 3475 363 3561 vulpis
379 3476 511 3540 nomina
526 3473 670 3564 καφαίρρ
690 3488 723 3541 et
739 3476 919 3564 σκαφιόρη,
941 3476 1068 3565 reddor]
1090 3487 1122 3540 et
1139 3473 1290 3564 σκιόάφη

173 3573 272 3639 Proll.
286 3577 359 3640 292.
372 3587 405 3640 et
419 3600 502 3662 quae
518 3578 607 3643 idem
624 3578 759 3663 praebet
773 3579 961 3664 Hesychius
982 3576 1099 3644 κελλόν
1119 3575 1289 3661 sterpeta,

173 3675 309 3740 σκελλόν
333 3679 605 3762 διεοιραμμένον,
630 3677 749 3761 κόρνος
769 3691 803 3745 et
825 3675 965 3762 σκόρνος
987 3673 1007 3764 ἡ
1031 3679 1289 3764 κεντρομυρσίνιρ

173 3775 242 3840 sive
259 3770 459 3862 ὀξινμιιρσίνη
480 3800 611 3844 ruscum
630 3781 697 3845 sive
719 3791 756 3844 ut
775 3800 862 3845 nunc
883 3788 1003 3842 vocant
1023 3800 1137 3844 tuscus
1158 3777 1288 3843 aculea-

173 3886 240 3954 tus,
266 3875 322 3961 qui
344 3898 444 3960 quum
466 3879 562 3943 etiam
582 3878 804 3967 μορσάκανθα
828 3877 1024 3964 appelletur,
1046 3879 1080 3944 in
1101 3880 1290 3945 memoriam

172 3979 259 4042 venit
289 3977 400 4041 cardui
430 3998 534 4062 genus
562 3980 615 4044 cui
640 4001 760 4045 nomen
789 3971 930 4061 ι’ίκορνα,
960 3990 1126 4067 postremo
1154 3978 1291 4044 verbum

171 4078 311 4161 Κίμψαι
335 4077 461 4164 ἐρεῖσαι
487 4102 546 4164 pro
569 4079 734 4166 σκίμψαι,
759 4078 810 4143 eui
834 4103 917 4165 quae
939 4083 1112 4166 conjuncta
1134 4092 1210 4145 sunt
1230 4103 1292 4144 vo-

174 4175 288 4242 eabula
307 4180 414 4245 omnia
435 4179 539 4267 sigma
555 4181 656 4245 fixum
679 4191 711 4245 et
732 4190 769 4244 ut
785 4179 832 4247 sic
853 4182 958 4247 dicam
976 4182 1150 4249 indelebile
1168 4182 1293 4257 habent

174 4279 305 4354 exduce
316 4301 444 4366 scapus,
456 4284 634 4367 σκῆπτρον,
646 4279 785 4362 σκίσων,
793 4280 963 4369 σκίμπους
975 4285 1069 4370 παρὰ
1082 4283 1120 4351 τὸ
1132 4281 1294 4367 οκίμνεσιο
