2736 4778
174 354 250 429 eae
469 343 790 416 nrssnsrnrro
815 342 864 409 11.
906 310 1009 408 nr.-

177 541 231 605 ιιελ
258 557 328 601 τισι
353 537 563 621 συμιοντνζναι
585 529 623 599 da
648 535 708 609 τοῦ
741 529 867 619 ἥρωος,
892 549 970 595 nem
990 526 1055 593 hoc
1079 525 1301 613 ipsumnnno

176 635 345 723 vulgatum
372 646 423 700 est
452 634 577 721 Odyse
603 631 666 701 VI.
696 631 770 697 302.
820 631 876 697 Ι)ε
904 628 1072 716 adjectivis
1093 649 1154 716 per
1172 626 1301 733 gradus

176 736 275 802 motis
298 747 428 823 praeter
449 734 531 801 alioe
551 732 684 821 scripsit
703 732 947 855 Phiioxenns‚
947 731 1036 797 unde
1056 729 1219 814 quaedam
1238 749 1301 795 ex-

178 848 291 939 cerpta
311 837 443 904 suntin
463 837 544 902 EM.
566 836 641 913 220,
666 834 719 900 25.
745 833 789 902 τά
815 830 866 911 είς
892 855 954 921 ρος
978 854 1173 921 συγιρττικα
1160 824 1217 920 ἢ
1238 827 1303 899 διὰ

177 945 237 1009 τοί·
259 966 279 1007 ο
300 937 432 1024 λέγεται
451 934 475 1025 ἢ
497 935 555 1004 διὰ
575 940 635 1004 τοῦ
650 962 698 1017 ω,
728 931 812 1004 ὅθεν
838 933 877 1002 τὸ
905 928 1111 1020 γεραίτερος,
1141 926 1304 1050 uocales·

179 1064 254 1129 ρος,
284 1038 480 1159 φιλρίτερος
506 1035 593 1106 κατὰ
622 1037 803 1162 capitonis
820 1033 954 1122 γέγονεν
983 1027 1055 1099 out
1076 1033 1136 1100 τοῦ
1157 1025 1303 1151 podard-

179 1164 278 1226 τερος
302 1163 359 1206 και
350 1134 600 1224 φιλαιότερος
621 1139 764 1207 καὶτῶν
785 1131 923 1221 ὁμοίων.
957 1127 1104 1202 ’Όθεν’
1084 1128 1302 1219 αμαρτάνον·

179 1265 233 1309 σιν
258 1265 292 1307 υι
279 1235 463 1323 (λέγοντες
483 1234 701 1321 μεσαίτατος,
732 1237 947 1327 φιλαίτατος,
979 1229 1302 1321 άσμεναίτατοςῦθ).

185 1336 280 1408 Otto
304 1333 535 1418 Φιλόξενος’
504 1361 554 1415 εις
574 1337 616 1405 τά
637 1333 840 1424 συγκριτινά.
873 1339 1100 1438 HQmm
1121 1337 1304 1424 explanata

181 1452 232 1508 est
257 1440 371 1507 oratio
420 1438 462 1504 In
483 1438 589 1526 prima
609 1451 703 1527 parte
728 1439 912 1505 terminatio
934 1463 1067 1528 αιτερος
1085 1460 1143 1504 nm
1133 1436 1302 1524 adjecti·

179 1565 294 1609 vorum
324 1541 437 1628 generi
469 1541 682 1628 permittitur,
713 1541 804 1627 quod
827 1540 1009 1658 positivum
1035 1539 1170 1608 habet
1159 1563 1195 1605 ιιι
1223 1564 1303 1620 αιος

181 1654 364 1710 exeuntem.
407 1640 451 1706 Id
471 1643 604 1728 egregie
620 1642 771 1710 convenit
785 1643 892 1730 primo
910 1643 1080 1709 allatorum
1096 1639 1302 1730 γεραίτερος,

180 1746 288 1811 minus
320 1742 466 1808 seeundo
499 1740 713 1831 μισαίτερος,
748 1766 824 1809 nam
854 1749 996 1830 μεσαῖος
1026 1765 1094 1809 non
1122 1751 1215 1808 extat
1238 1742 1302 1809 sed

180 1845 281 1912 modo
304 1842 542 1909 substantivum
561 1842 601 1910 τό
618 1844 767 1927 μέσαιυν,
793 1868 928 1933 prorsus
945 1867 1022 1913 vero
1039 1845 1207 1912 discordet
1224 1865 1303 1910 curn

182 1946 288 2013 tertio.
334 1945 447 2028 Quare
471 1944 630 2032 suspicari
651 1944 731 2011 libet
748 1959 826 2032 post
843 1947 1037 2035 γεραίτερος
1053 1945 1215 2013 excidisse
1234 1944 1303 2011 alia

175 2050 286 2135 justae
323 2046 527 2113 formationis
554 2047 704 2135 exemplo
735 2045 953 2135 παλαίτερος,
987 2045 1218 2132 σχολαίτερος,
1246 2045 1301 2112 his

182 2161 291 2217 autem
310 2149 483 2234 subjuncta
508 2170 581 2214 esse
601 2147 701 2215 verba
720 2144 804 2217 ὅθεν
824 2142 1071 2236 ἁμαρτάνουσιν
1095 2145 1128 2214 σί
1149 2146 1304 2232 λέγοντες

181 2248 383 2340 φιλαίτατος
410 2250 469 2316 καὶ
502 2244 756 2332 ὀσμεναίτατος,
791 2249 856 2316 hoo
889 2261 941 2315 est
973 2259 1088 2316 eontra
1115 2248 1303 2335 analogiam

184 2361 337 2440 peccant3
365 2372 441 2415 nem
468 2371 530 2414 usu
561 2349 640 2415 satis
669 2349 882 2436 comprobata
914 2360 990 2416 sunt
1017 2360 1050 2416 et
1078 2350 1160 2416 haec
1181 2360 1216 2414 et
1236 2349 1305 2416 slis

182 2475 267 2539 quae
288 2452 334 2517 illi
356 2451 445 2517 varie
468 2461 638 2516 excusent:
659 2444 888 2517 ίόιαίτατον
867 2451 938 2519 απὸ
963 2456 1025 2518 τοῦ
1046 2447 1134 2531 ἰδία,
1161 2445 1304 2518 ίόιιότα·

181 2579 240 2622 τον
269 2547 355 2621 dd'
336 2553 406 2620 απὸ
437 2576 496 2619 του
524 2546 614 2630 ίόιος
639 2549 757 2615 Thom.
781 2550 820 2618 τὸ
842 2549 1042 2673 μρχοίτατος
1063 2577 1173 2643 τροπρ
1198 2553 1257 2619 τοῦ
1280 2576 1303 2619 o

183 2654 232 2730 είς
260 2680 282 2718 α
308 2651 510 2735 μυχοίτατος
536 2653 700 2737 γίγονε-
711 2650 749 2716 τὸ
777 2649 981 2735 μεσαίτατον
1002 2649 1084 2719 καθ’
1116 2647 1303 2741 ὁμοιότητα

182 2759 241 2821 τοῦ
263 2750 471 2838 γεραίτερος,
493 2751 694 2840 περαίτερος
713 2752 866 2819 Eustath.
890 2752 989 2832 1905,
1011 2755 1064 2820 35.
1088 2775 1227 2839 quorum
1247 2753 1303 2819 nl-

183 2854 298 2920 timum
319 2852 374 2916 alii
395 2852 532 2919 fortasse
556 2875 576 2917 a
596 2852 751 2919 feminino
778 2855 868 2940 τείρει
897 2854 965 2921 sive
989 2854 1116 2940 περαία
1137 2855 1303 2921 duxerunt

182 2966 219 3023 ut
238 2957 455 3022 Buttmannus
479 2977 611 3042 quoque
632 2955 776 3022 Gramm.
798 2955 839 3021 Τ.
861 2955 908 3021 11.
930 2956 1004 3022 347.
1036 2967 1068 3020 et
1089 2955 1305 3022 consimiliter

181 3058 292 3146 Epim.
311 3059 339 3125 1.
355 3059 430 3123 428.
447 3058 490 3127 τὰ
506 3055 700 3146 συγκριτικὰ
719 3055 756 3137 ἐξ
776 3051 949 3139 ὀνομάτων
965 3055 1103 3144 γίνεται,
1127 3051 1302 3142 ὀξύτερος·

183 3156 254 3228 άπὸ
276 3157 444 3247 ῥημάτων,
472 3160 647 3246 φέρτερος·
675 3154 743 3226 άπὸ
772 3157 989 3246 προθέσεων,
1017 3155 1200 3246 πρότερος·
1225 3151 1298 3222 άπὸ

182 3256 420 3348 ἐπιρρημάτων
441 3259 661 3344 παλαίτερος·
694 3271 727 3324 et
750 3259 883 3346 Fragm.
915 3259 1000 3324 Lex.
1033 3258 1076 3323 ab
1106 3261 1302 3324 Hermanno

183 3360 262 3426 editi
285 3384 317 3426 n.
342 3360 392 3425 77.
418 3383 452 3447 ρ.
473 3359 547 3426 330.
570 3352 640 3426 άπὸ
666 3363 726 3425 τοῦ
754 3360 846 3446 πρωί
873 3358 998 3446 γίνεται
1026 3360 1212 3445 πρωίτερον
1242 3357 1304 3426 καί

183 3457 254 3527 άπὸ
281 3465 341 3548 τῆς
358 3459 493 3550 πρωίας
509 3458 750 3545 πρωιαίτερον·
775 3454 845 3527 άπὸ
867 3464 929 3526 τοῦ
950 3454 1021 3540 ὀψέ
1036 3454 1207 3546 ὀψίτερον,
1226 3452 1303 3526 άπὸ

182 3565 243 3646 τῆς
271 3555 377 3647 ὀψίας
404 3557 616 3647 ὀψιαίτερον.
659 3558 729 3628 Sed
751 3553 912 3646 ὀψίτερον
933 3561 1071 3648 propius
1091 3571 1142 3626 est
1159 3560 1299 3639 aeolico,

182 3670 219 3724 ut
255 3659 296 3725 ab
327 3662 509 3747 Apollonio
535 3673 684 3739 vocatur,
717 3653 797 3749 ὀψι,
829 3661 882 3727 cui
909 3661 1062 3728 convenit
1092 3658 1169 3751 ἱίψι,
1207 3661 1304 3728 unde

183 3762 422 3847 comparativus
450 3758 625 3848 ὀψίτερος,
657 3762 717 3829 sed
743 3763 772 3828 is
804 3762 957 3828 incertior
983 3763 1061 3849 quia
1088 3762 1123 3827 in
1152 3762 1297 3829 Theocr,

181 3863 279 3932 VIII.
309 3862 362 3928 46.
395 3863 579 3949 complures
613 3865 710 3929 codd.
742 3860 908 3952 ὑψότερος
940 3864 1096 3931 exhibent
1124 3863 1167 3930 ab
1197 3864 1306 3929 altera

183 3965 329 4032 adverbii
350 3965 454 4031 forma
479 3958 567 4050 ὑψοῦ
590 3964 723 4029 ductum
743 3975 780 4029 ut
795 3962 837 4029 ab
856 3957 959 4051 ἀγχοῦ
980 3960 1160 4052 άγχότερος
1180 3964 1301 4044 solum,

182 4091 249 4134 non
276 4064 460 4154 άγχίιερος,
489 4065 674 4152 pariterque
703 4065 768 4130 fixa
798 4075 874 4130 sunt
901 4064 1054 4155 ῥηίτερος
1075 4077 1108 4132 et
1129 4064 1304 4154 λωίτερος,

181 4204 516 4219 m*

253 4286 300 4354 34)
319 4287 368 4342 Sic
387 4286 515 4343 SturaIus
534 4303 587 4358 pro
605 4277 825 4360 ὀρσενινιόιιιτος.
