<?xml version="1.0" encoding="UTF-8"?>
<!DOCTYPE html PUBLIC "-//W3C//DTD XHTML 1.0 Transitional//EN"
    "http://www.w3.org/TR/xhtml1/DTD/xhtml1-transitional.dtd">
<html xmlns="http://www.w3.org/1999/xhtml" xml:lang="en" lang="en">
 <head>
  <title>
</title>
<meta http-equiv="Content-Type" content="text/html;charset=utf-8" />
  <meta name='ocr-system' content='tesseract 3.04.00' />
  <meta name='ocr-capabilities' content='ocr_page ocr_carea ocr_par ocr_line ocrx_word'/>
</head>
<body>
  <div class='ocr_page' id='page_1' title='image "./pathologiaegrae00lobegoog_0020.png"; bbox 0 0 2736 4778; ppageno 0'>
   <div class='ocr_carea' id='block_1_1' title="bbox 415 305 1192 429">
    <p class='ocr_par' dir='ltr' id='par_1_1' title="bbox 415 305 1192 429">
     <span class='ocr_line' id='line_1_1' title="bbox 415 305 1192 429; baseline -0.005 -46"><span class='ocrx_word' id='word_1_1' title='bbox 415 308 626 383; x_wconf 77' lang='lat' dir='ltr'>PATHOL.</span> <span class='ocrx_word' id='word_1_2' title='bbox 651 305 849 384; x_wconf 81' lang='lat' dir='ltr'>PROOEM.</span> <span class='ocrx_word' id='word_1_3' title='bbox 947 418 953 429; x_wconf 36' lang='grc' dir='ltr'><strong><em>Ι</em></strong></span> <span class='ocrx_word' id='word_1_4' title='bbox 1167 310 1192 396; x_wconf 68' lang='grc'><em>1</em></span> 
     </span>
    </p>
   </div>
   <div class='ocr_carea' id='block_1_2' title="bbox 76 493 1196 2423">
    <p class='ocr_par' dir='ltr' id='par_1_2' title="bbox 76 493 1196 2423">
     <span class='ocr_line' id='line_1_2' title="bbox 77 493 1190 593; baseline 0.002 -24"><span class='ocrx_word' id='word_1_5' title='bbox 77 504 207 569; x_wconf 82' lang='lat' dir='ltr'>mutatis</span> <span class='ocrx_word' id='word_1_6' title='bbox 232 503 413 582; x_wconf 74' lang='lat' dir='ltr'>adhibitae,</span> <span class='ocrx_word' id='word_1_7' title='bbox 443 500 651 588; x_wconf 74' lang='grc' dir='ltr'><strong><em>μεσημβρία,</em></strong></span> <span class='ocrx_word' id='word_1_8' title='bbox 673 498 808 591; x_wconf 84' lang='grc' dir='ltr'><strong><em>ἀνδρός,</em></strong></span> <span class='ocrx_word' id='word_1_9' title='bbox 839 505 957 588; x_wconf 86' lang='lat' dir='ltr'>quibus</span> <span class='ocrx_word' id='word_1_10' title='bbox 985 493 1190 593; x_wconf 80' lang='lat' dir='ltr'>supersederi</span> 
     </span>
     <span class='ocr_line' id='line_1_3' title="bbox 78 598 1192 695; baseline 0.004 -22"><span class='ocrx_word' id='word_1_11' title='bbox 78 617 208 694; x_wconf 88' lang='lat' dir='ltr'>poterat</span> <span class='ocrx_word' id='word_1_12' title='bbox 228 605 255 671; x_wconf 90' lang='lat' dir='ltr'>si</span> <span class='ocrx_word' id='word_1_13' title='bbox 278 606 407 670; x_wconf 87' lang='lat' dir='ltr'>nativae</span> <span class='ocrx_word' id='word_1_14' title='bbox 427 624 525 668; x_wconf 83' lang='lat' dir='ltr'>voces</span> <span class='ocrx_word' id='word_1_15' title='bbox 545 605 630 690; x_wconf 84' lang='grc' dir='ltr'><strong><em>μέση</em></strong></span> <span class='ocrx_word' id='word_1_16' title='bbox 652 598 760 692; x_wconf 77' lang='grc' dir='ltr'><strong><em>ἡμέρα</em></strong></span> <span class='ocrx_word' id='word_1_17' title='bbox 776 604 827 670; x_wconf 87' lang='lat' dir='ltr'>vel</span> <span class='ocrx_word' id='word_1_18' title='bbox 845 608 1029 694; x_wconf 75' lang='grc' dir='ltr'><strong><em>μεσημερέα</em></strong></span> <span class='ocrx_word' id='word_1_19' title='bbox 1045 610 1097 695; x_wconf 88' lang='lat' dir='ltr'>(ut</span> <span class='ocrx_word' id='word_1_20' title='bbox 1111 617 1192 695; x_wconf 84' lang='grc' dir='ltr'><strong><em>θερ·</em></strong></span> 
     </span>
     <span class='ocr_line' id='line_1_4' title="bbox 76 699 1192 796; baseline 0.004 -24"><span class='ocrx_word' id='word_1_21' title='bbox 76 708 236 794; x_wconf 80' lang='grc' dir='ltr'><strong><em>μημερέα,</em></strong></span> <span class='ocrx_word' id='word_1_22' title='bbox 252 704 453 790; x_wconf 77' lang='grc' dir='ltr'><strong><em>μεσομρνέα)</em></strong></span> <span class='ocrx_word' id='word_1_23' title='bbox 470 716 502 768; x_wconf 90' lang='lat' dir='ltr'>et</span> <span class='ocrx_word' id='word_1_24' title='bbox 518 699 636 788; x_wconf 78' lang='grc' dir='ltr'><strong><em>ἀνέρος</em></strong></span> <span class='ocrx_word' id='word_1_25' title='bbox 652 715 797 771; x_wconf 85' lang='lat' dir='ltr'>servatae</span> <span class='ocrx_word' id='word_1_26' title='bbox 811 706 957 772; x_wconf 80' lang='lat' dir='ltr'>fuissent.</span> <span class='ocrx_word' id='word_1_27' title='bbox 995 708 1076 776; x_wconf 86' lang='lat' dir='ltr'>Illae</span> <span class='ocrx_word' id='word_1_28' title='bbox 1092 709 1192 796; x_wconf 84' lang='lat' dir='ltr'>igitur</span> 
     </span>
     <span class='ocr_line' id='line_1_5' title="bbox 79 805 1193 896; baseline 0.004 -22"><span class='ocrx_word' id='word_1_29' title='bbox 79 809 286 874; x_wconf 89' lang='lat' dir='ltr'>continentur</span> <span class='ocrx_word' id='word_1_30' title='bbox 302 805 479 870; x_wconf 87' lang='lat' dir='ltr'>rationibus</span> <span class='ocrx_word' id='word_1_31' title='bbox 491 806 664 888; x_wconf 78' lang='lat' dir='ltr'>canonicis,</span> <span class='ocrx_word' id='word_1_32' title='bbox 679 829 761 892; x_wconf 86' lang='lat' dir='ltr'>quas</span> <span class='ocrx_word' id='word_1_33' title='bbox 772 808 966 896; x_wconf 84' lang='lat' dir='ltr'>Artigraphi</span> <span class='ocrx_word' id='word_1_34' title='bbox 981 809 1015 874; x_wconf 91' lang='lat' dir='ltr'>in</span> <span class='ocrx_word' id='word_1_35' title='bbox 1026 812 1193 878; x_wconf 82' lang='lat' dir='ltr'>elementis</span> 
     </span>
     <span class='ocr_line' id='line_1_6' title="bbox 80 906 1191 998; baseline 0.005 -23"><span class='ocrx_word' id='word_1_36' title='bbox 80 911 216 985; x_wconf 82' lang='lat' dir='ltr'>docent3</span> <span class='ocrx_word' id='word_1_37' title='bbox 236 909 311 986; x_wconf 87' lang='lat' dir='ltr'>hee,</span> <span class='ocrx_word' id='word_1_38' title='bbox 331 908 406 993; x_wconf 87' lang='lat' dir='ltr'>quia</span> <span class='ocrx_word' id='word_1_39' title='bbox 422 909 605 995; x_wconf 85' lang='lat' dir='ltr'>praeceptis</span> <span class='ocrx_word' id='word_1_40' title='bbox 623 906 858 975; x_wconf 82' lang='lat' dir='ltr'>universalibus</span> <span class='ocrx_word' id='word_1_41' title='bbox 876 910 1109 998; x_wconf 83' lang='lat' dir='ltr'>comprehendi</span> <span class='ocrx_word' id='word_1_42' title='bbox 1126 926 1191 979; x_wconf 86' lang='lat' dir='ltr'>troo</span> 
     </span>
     <span class='ocr_line' id='line_1_7' title="bbox 80 1011 1193 1099; baseline 0.004 -24"><span class='ocrx_word' id='word_1_43' title='bbox 80 1021 231 1099; x_wconf 81' lang='lat' dir='ltr'>possunt,</span> <span class='ocrx_word' id='word_1_44' title='bbox 251 1011 421 1096; x_wconf 87' lang='lat' dir='ltr'>separatim</span> <span class='ocrx_word' id='word_1_45' title='bbox 438 1020 616 1075; x_wconf 81' lang='lat' dir='ltr'>tractantur</span> <span class='ocrx_word' id='word_1_46' title='bbox 632 1011 665 1076; x_wconf 93' lang='lat' dir='ltr'>in</span> <span class='ocrx_word' id='word_1_47' title='bbox 681 1011 882 1098; x_wconf 84' lang='lat' dir='ltr'>pathologia.</span> <span class='ocrx_word' id='word_1_48' title='bbox 918 1015 1043 1080; x_wconf 90' lang='lat' dir='ltr'>Verum</span> <span class='ocrx_word' id='word_1_49' title='bbox 1060 1011 1094 1078; x_wconf 89' lang='lat' dir='ltr'>in</span> <span class='ocrx_word' id='word_1_50' title='bbox 1107 1014 1193 1080; x_wconf 88' lang='lat' dir='ltr'>Dio·</span> 
     </span>
     <span class='ocr_line' id='line_1_8' title="bbox 80 1111 1193 1205; baseline 0.004 -28"><span class='ocrx_word' id='word_1_51' title='bbox 80 1112 186 1177; x_wconf 88' lang='lat' dir='ltr'>medis</span> <span class='ocrx_word' id='word_1_52' title='bbox 208 1111 421 1198; x_wconf 80' lang='lat' dir='ltr'>explicatione</span> <span class='ocrx_word' id='word_1_53' title='bbox 442 1112 523 1177; x_wconf 90' lang='lat' dir='ltr'>illud</span> <span class='ocrx_word' id='word_1_54' title='bbox 546 1134 678 1198; x_wconf 91' lang='lat' dir='ltr'>quoque</span> <span class='ocrx_word' id='word_1_55' title='bbox 698 1113 858 1201; x_wconf 86' lang='lat' dir='ltr'>displicet,</span> <span class='ocrx_word' id='word_1_56' title='bbox 881 1116 972 1200; x_wconf 90' lang='lat' dir='ltr'>quod</span> <span class='ocrx_word' id='word_1_57' title='bbox 991 1115 1109 1181; x_wconf 76' lang='lat' dir='ltr'>affecta</span> <span class='ocrx_word' id='word_1_58' title='bbox 1130 1140 1193 1205; x_wconf 92' lang='lat' dir='ltr'>op··</span> 
     </span>
     <span class='ocr_line' id='line_1_9' title="bbox 80 1213 1192 1301; baseline 0.006 -22"><span class='ocrx_word' id='word_1_59' title='bbox 80 1214 177 1301; x_wconf 89' lang='lat' dir='ltr'>ponit</span> <span class='ocrx_word' id='word_1_60' title='bbox 193 1213 287 1278; x_wconf 87' lang='lat' dir='ltr'>rectis</span> <span class='ocrx_word' id='word_1_61' title='bbox 306 1224 404 1298; x_wconf 89' lang='lat' dir='ltr'>atque</span> <span class='ocrx_word' id='word_1_62' title='bbox 422 1214 536 1292; x_wconf 85' lang='lat' dir='ltr'>solitis,</span> <span class='ocrx_word' id='word_1_63' title='bbox 552 1215 646 1300; x_wconf 87' lang='lat' dir='ltr'>quasi</span> <span class='ocrx_word' id='word_1_64' title='bbox 663 1215 744 1281; x_wconf 87' lang='lat' dir='ltr'>haec</span> <span class='ocrx_word' id='word_1_65' title='bbox 763 1216 829 1280; x_wconf 93' lang='lat' dir='ltr'>duo</span> <span class='ocrx_word' id='word_1_66' title='bbox 845 1215 944 1282; x_wconf 86' lang='lat' dir='ltr'>verba</span> <span class='ocrx_word' id='word_1_67' title='bbox 959 1215 1046 1282; x_wconf 92' lang='lat' dir='ltr'>idem</span> <span class='ocrx_word' id='word_1_68' title='bbox 1066 1229 1192 1286; x_wconf 86' lang='lat' dir='ltr'>sonent.</span> 
     </span>
     <span class='ocr_line' id='line_1_10' title="bbox 79 1312 1193 1405; baseline 0.004 -21"><span class='ocrx_word' id='word_1_69' title='bbox 79 1317 149 1384; x_wconf 87' lang='lat' dir='ltr'>Sed</span> <span class='ocrx_word' id='word_1_70' title='bbox 170 1327 292 1382; x_wconf 89' lang='lat' dir='ltr'>rectum</span> <span class='ocrx_word' id='word_1_71' title='bbox 314 1327 365 1381; x_wconf 90' lang='lat' dir='ltr'>est</span> <span class='ocrx_word' id='word_1_72' title='bbox 382 1317 489 1381; x_wconf 79' lang='lat' dir='ltr'>dicere</span> <span class='ocrx_word' id='word_1_73' title='bbox 508 1317 669 1405; x_wconf 76' lang='grc' dir='ltr'><strong><em>πατέρος,</em></strong></span> <span class='ocrx_word' id='word_1_74' title='bbox 694 1316 824 1383; x_wconf 90' lang='lat' dir='ltr'>solitum</span> <span class='ocrx_word' id='word_1_75' title='bbox 842 1340 918 1385; x_wconf 88' lang='lat' dir='ltr'>vero</span> <span class='ocrx_word' id='word_1_76' title='bbox 939 1316 1076 1405; x_wconf 64' lang='grc' dir='ltr'><strong><em>πατρός,</em></strong></span> <span class='ocrx_word' id='word_1_77' title='bbox 1098 1312 1193 1388; x_wconf 84' lang='lat' dir='ltr'>ideo·</span> 
     </span>
     <span class='ocr_line' id='line_1_11' title="bbox 80 1417 1191 1511; baseline 0.004 -26"><span class='ocrx_word' id='word_1_78' title='bbox 80 1442 144 1505; x_wconf 89' lang='lat' dir='ltr'>que</span> <span class='ocrx_word' id='word_1_79' title='bbox 166 1419 397 1485; x_wconf 84' lang='lat' dir='ltr'>adnumeratur</span> <span class='ocrx_word' id='word_1_80' title='bbox 418 1426 488 1498; x_wconf 85' lang='grc' dir='ltr'><strong><em>τοῖς</em></strong></span> <span class='ocrx_word' id='word_1_81' title='bbox 509 1417 704 1487; x_wconf 73' lang='grc' dir='ltr'><strong><em>πεπονθόσι</em></strong></span> <span class='ocrx_word' id='word_1_82' title='bbox 723 1418 803 1486; x_wconf 83' lang='grc' dir='ltr'>ΕΜ.</span> <span class='ocrx_word' id='word_1_83' title='bbox 818 1420 890 1499; x_wconf 78' lang='grc'>741,</span> <span class='ocrx_word' id='word_1_84' title='bbox 905 1421 958 1487; x_wconf 81' lang='grc'>48.</span> <span class='ocrx_word' id='word_1_85' title='bbox 980 1422 1191 1511; x_wconf 82' lang='lat' dir='ltr'>Moschopui.</span> 
     </span>
     <span class='ocr_line' id='line_1_12' title="bbox 79 1517 1193 1608; baseline 0 -19"><span class='ocrx_word' id='word_1_86' title='bbox 79 1522 223 1589; x_wconf 83' lang='lat' dir='ltr'>Gramm.</span> <span class='ocrx_word' id='word_1_87' title='bbox 246 1545 280 1608; x_wconf 88' lang='lat' dir='ltr'>p.</span> <span class='ocrx_word' id='word_1_88' title='bbox 303 1521 354 1586; x_wconf 88' lang='grc'>28.</span> <span class='ocrx_word' id='word_1_89' title='bbox 372 1517 575 1607; x_wconf 81' lang='grc' dir='ltr'><strong><em>Ἠἀονάμην,</em></strong></span> <span class='ocrx_word' id='word_1_90' title='bbox 604 1519 632 1583; x_wconf 88' lang='lat' dir='ltr'>si</span> <span class='ocrx_word' id='word_1_91' title='bbox 656 1542 697 1586; x_wconf 85' lang='lat' dir='ltr'>ex</span> <span class='ocrx_word' id='word_1_92' title='bbox 717 1519 841 1588; x_wconf 86' lang='lat' dir='ltr'>ratione</span> <span class='ocrx_word' id='word_1_93' title='bbox 864 1523 1089 1601; x_wconf 84' lang='lat' dir='ltr'>aestimamus,</span> <span class='ocrx_word' id='word_1_94' title='bbox 1118 1524 1193 1590; x_wconf 86' lang='lat' dir='ltr'>ber·</span> 
     </span>
     <span class='ocr_line' id='line_1_13' title="bbox 78 1620 1193 1704; baseline 0.003 -16"><span class='ocrx_word' id='word_1_95' title='bbox 78 1623 193 1688; x_wconf 87' lang='lat' dir='ltr'>barum</span> <span class='ocrx_word' id='word_1_96' title='bbox 216 1634 281 1699; x_wconf 85' lang='lat' dir='ltr'>est,</span> <span class='ocrx_word' id='word_1_97' title='bbox 308 1633 346 1685; x_wconf 89' lang='lat' dir='ltr'>ut</span> <span class='ocrx_word' id='word_1_98' title='bbox 366 1644 386 1686; x_wconf 98' lang='lat' dir='ltr'>a</span> <span class='ocrx_word' id='word_1_99' title='bbox 406 1620 625 1689; x_wconf 83' lang='lat' dir='ltr'>Grammatico</span> <span class='ocrx_word' id='word_1_100' title='bbox 648 1622 689 1687; x_wconf 90' lang='lat' dir='ltr'>de</span> <span class='ocrx_word' id='word_1_101' title='bbox 703 1623 837 1689; x_wconf 85' lang='lat' dir='ltr'>Barbar.</span> <span class='ocrx_word' id='word_1_102' title='bbox 858 1635 1006 1700; x_wconf 83' lang='lat' dir='ltr'>vocatur,</span> <span class='ocrx_word' id='word_1_103' title='bbox 1029 1634 1063 1689; x_wconf 89' lang='lat' dir='ltr'>et</span> <span class='ocrx_word' id='word_1_104' title='bbox 1082 1622 1193 1704; x_wconf 60' lang='lat' dir='ltr'>anien</span> 
     </span>
     <span class='ocr_line' id='line_1_14' title="bbox 79 1724 1196 1815; baseline 0.004 -26"><span class='ocrx_word' id='word_1_105' title='bbox 79 1724 130 1789; x_wconf 87' lang='lat' dir='ltr'>sin</span> <span class='ocrx_word' id='word_1_106' title='bbox 152 1747 194 1789; x_wconf 85' lang='lat' dir='ltr'>ex</span> <span class='ocrx_word' id='word_1_107' title='bbox 216 1724 461 1801; x_wconf 84' lang='lat' dir='ltr'>consuetudine,</span> <span class='ocrx_word' id='word_1_108' title='bbox 486 1725 626 1790; x_wconf 86' lang='lat' dir='ltr'>atticum.</span> <span class='ocrx_word' id='word_1_109' title='bbox 672 1724 740 1792; x_wconf 87' lang='lat' dir='ltr'>Sed</span> <span class='ocrx_word' id='word_1_110' title='bbox 759 1727 962 1792; x_wconf 83' lang='lat' dir='ltr'>consuetudo</span> <span class='ocrx_word' id='word_1_111' title='bbox 980 1747 1047 1792; x_wconf 91' lang='lat' dir='ltr'>non</span> <span class='ocrx_word' id='word_1_112' title='bbox 1065 1742 1196 1815; x_wconf 83' lang='lat' dir='ltr'>semper</span> 
     </span>
     <span class='ocr_line' id='line_1_15' title="bbox 79 1826 1195 1914; baseline 0.002 -22"><span class='ocrx_word' id='word_1_113' title='bbox 79 1827 114 1891; x_wconf 91' lang='lat' dir='ltr'>in</span> <span class='ocrx_word' id='word_1_114' title='bbox 144 1826 262 1892; x_wconf 89' lang='lat' dir='ltr'>eodem</span> <span class='ocrx_word' id='word_1_115' title='bbox 294 1826 432 1911; x_wconf 82' lang='lat' dir='ltr'>vestigio</span> <span class='ocrx_word' id='word_1_116' title='bbox 466 1826 563 1890; x_wconf 90' lang='lat' dir='ltr'>stetit.</span> <span class='ocrx_word' id='word_1_117' title='bbox 618 1826 783 1911; x_wconf 87' lang='lat' dir='ltr'>Adjectivi</span> <span class='ocrx_word' id='word_1_118' title='bbox 815 1827 918 1893; x_wconf 75' lang='lat' dir='ltr'>forma</span> <span class='ocrx_word' id='word_1_119' title='bbox 949 1826 1113 1914; x_wconf 79' lang='lat' dir='ltr'>antiquior</span> <span class='ocrx_word' id='word_1_120' title='bbox 1144 1838 1195 1894; x_wconf 87' lang='lat' dir='ltr'>est</span> 
     </span>
     <span class='ocr_line' id='line_1_16' title="bbox 80 1926 1194 2016; baseline 0.002 -22"><span class='ocrx_word' id='word_1_121' title='bbox 80 1929 186 2008; x_wconf 83' lang='grc' dir='ltr'><strong><em>ξεῖνος</em></strong></span> <span class='ocrx_word' id='word_1_122' title='bbox 215 1926 275 1992; x_wconf 89' lang='lat' dir='ltr'>sed</span> <span class='ocrx_word' id='word_1_123' title='bbox 296 1926 337 1991; x_wconf 84' lang='lat' dir='ltr'>ab</span> <span class='ocrx_word' id='word_1_124' title='bbox 359 1949 421 1990; x_wconf 88' lang='lat' dir='ltr'>usu</span> <span class='ocrx_word' id='word_1_125' title='bbox 442 1927 630 2013; x_wconf 87' lang='lat' dir='ltr'>repudiata,</span> <span class='ocrx_word' id='word_1_126' title='bbox 658 1929 715 2014; x_wconf 94' lang='lat' dir='ltr'>qui</span> <span class='ocrx_word' id='word_1_127' title='bbox 738 1939 845 1995; x_wconf 84' lang='lat' dir='ltr'>tamen</span> <span class='ocrx_word' id='word_1_128' title='bbox 869 1929 962 2016; x_wconf 90' lang='lat' dir='ltr'>ponti</span> <span class='ocrx_word' id='word_1_129' title='bbox 987 1951 1106 1996; x_wconf 88' lang='lat' dir='ltr'>nomen</span> <span class='ocrx_word' id='word_1_130' title='bbox 1126 1953 1194 1997; x_wconf 91' lang='lat' dir='ltr'>non</span> 
     </span>
     <span class='ocr_line' id='line_1_17' title="bbox 79 2027 1195 2116; baseline 0.002 -22"><span class='ocrx_word' id='word_1_131' title='bbox 79 2029 224 2094; x_wconf 82' lang='lat' dir='ltr'>mutavit.</span> <span class='ocrx_word' id='word_1_132' title='bbox 269 2028 347 2111; x_wconf 80' lang='lat' dir='ltr'>Quo</span> <span class='ocrx_word' id='word_1_133' title='bbox 369 2027 504 2093; x_wconf 90' lang='lat' dir='ltr'>dubium</span> <span class='ocrx_word' id='word_1_134' title='bbox 523 2029 561 2093; x_wconf 89' lang='lat' dir='ltr'>fit</span> <span class='ocrx_word' id='word_1_135' title='bbox 579 2041 687 2094; x_wconf 87' lang='lat' dir='ltr'>utrum</span> <span class='ocrx_word' id='word_1_136' title='bbox 702 2027 858 2110; x_wconf 79' lang='grc' dir='ltr'><strong><em>Εἷῖξεωος</em></strong></span> <span class='ocrx_word' id='word_1_137' title='bbox 878 2030 1108 2116; x_wconf 83' lang='lat' dir='ltr'>interpolatum</span> <span class='ocrx_word' id='word_1_138' title='bbox 1131 2030 1195 2097; x_wconf 88' lang='lat' dir='ltr'>dici</span> 
     </span>
     <span class='ocr_line' id='line_1_18' title="bbox 81 2130 1195 2218; baseline -0.002 -21"><span class='ocrx_word' id='word_1_139' title='bbox 81 2140 232 2217; x_wconf 87' lang='lat' dir='ltr'>oporteat</span> <span class='ocrx_word' id='word_1_140' title='bbox 252 2153 294 2194; x_wconf 90' lang='lat' dir='ltr'>an</span> <span class='ocrx_word' id='word_1_141' title='bbox 315 2141 440 2194; x_wconf 88' lang='lat' dir='ltr'>rectum</span> <span class='ocrx_word' id='word_1_142' title='bbox 463 2140 496 2193; x_wconf 89' lang='lat' dir='ltr'>et</span> <span class='ocrx_word' id='word_1_143' title='bbox 517 2130 706 2215; x_wconf 85' lang='lat' dir='ltr'>legitimum.</span> <span class='ocrx_word' id='word_1_144' title='bbox 756 2131 874 2213; x_wconf 84' lang='lat' dir='ltr'>anue</span> <span class='ocrx_word' id='word_1_145' title='bbox 895 2141 1056 2218; x_wconf 87' lang='lat' dir='ltr'>perpetua</span> <span class='ocrx_word' id='word_1_146' title='bbox 1074 2140 1124 2195; x_wconf 86' lang='lat' dir='ltr'>est</span> <span class='ocrx_word' id='word_1_147' title='bbox 1147 2130 1195 2195; x_wconf 80' lang='lat' dir='ltr'>ai-</span> 
     </span>
     <span class='ocr_line' id='line_1_19' title="bbox 80 2230 1196 2299; baseline 0.003 -3"><span class='ocrx_word' id='word_1_148' title='bbox 80 2232 256 2297; x_wconf 88' lang='lat' dir='ltr'>fectionum</span> <span class='ocrx_word' id='word_1_149' title='bbox 281 2230 514 2297; x_wconf 85' lang='lat' dir='ltr'>contrariarum</span> <span class='ocrx_word' id='word_1_150' title='bbox 539 2231 746 2299; x_wconf 86' lang='lat' dir='ltr'>concertatio.</span> <span class='ocrx_word' id='word_1_151' title='bbox 788 2231 858 2297; x_wconf 88' lang='lat' dir='ltr'>Alii</span> <span class='ocrx_word' id='word_1_152' title='bbox 879 2243 1023 2298; x_wconf 84' lang='lat' dir='ltr'>veterum</span> <span class='ocrx_word' id='word_1_153' title='bbox 1044 2231 1196 2299; x_wconf 84' lang='lat' dir='ltr'>affectum</span> 
     </span>
     <span class='ocr_line' id='line_1_20' title="bbox 82 2331 1195 2423; baseline 0.005 -27"><span class='ocrx_word' id='word_1_154' title='bbox 82 2333 191 2398; x_wconf 87' lang='lat' dir='ltr'>dicere</span> <span class='ocrx_word' id='word_1_155' title='bbox 222 2332 329 2397; x_wconf 85' lang='lat' dir='ltr'>solent</span> <span class='ocrx_word' id='word_1_156' title='bbox 359 2331 520 2416; x_wconf 89' lang='lat' dir='ltr'>quidquid</span> <span class='ocrx_word' id='word_1_157' title='bbox 552 2355 571 2396; x_wconf 90' lang='lat' dir='ltr'>a</span> <span class='ocrx_word' id='word_1_158' title='bbox 599 2333 761 2419; x_wconf 89' lang='lat' dir='ltr'>primitivo</span> <span class='ocrx_word' id='word_1_159' title='bbox 791 2347 883 2423; x_wconf 88' lang='lat' dir='ltr'>parto</span> <span class='ocrx_word' id='word_1_160' title='bbox 913 2336 1022 2422; x_wconf 80' lang='lat' dir='ltr'>aliqua</span> <span class='ocrx_word' id='word_1_161' title='bbox 1053 2334 1195 2413; x_wconf 85' lang='lat' dir='ltr'>deflexit,</span> 
     </span>
    </p>
   </div>
   <div class='ocr_carea' id='block_1_3' title="bbox 80 2432 1293 2511">
    <p class='ocr_par' dir='ltr' id='par_1_3' title="bbox 80 2432 1293 2511">
     <span class='ocr_line' id='line_1_21' title="bbox 80 2432 1293 2511; baseline 0.002 -12"><span class='ocrx_word' id='word_1_162' title='bbox 80 2435 149 2500; x_wconf 90' lang='lat' dir='ltr'>sive</span> <span class='ocrx_word' id='word_1_163' title='bbox 167 2434 202 2498; x_wconf 92' lang='lat' dir='ltr'>id</span> <span class='ocrx_word' id='word_1_164' title='bbox 220 2434 374 2499; x_wconf 86' lang='lat' dir='ltr'>usitatum</span> <span class='ocrx_word' id='word_1_165' title='bbox 392 2446 442 2500; x_wconf 89' lang='lat' dir='ltr'>est</span> <span class='ocrx_word' id='word_1_166' title='bbox 458 2434 525 2499; x_wconf 88' lang='lat' dir='ltr'>sive</span> <span class='ocrx_word' id='word_1_167' title='bbox 544 2432 664 2500; x_wconf 84' lang='lat' dir='ltr'>abusu</span> <span class='ocrx_word' id='word_1_168' title='bbox 683 2434 898 2502; x_wconf 84' lang='lat' dir='ltr'>abalienatum</span> <span class='ocrx_word' id='word_1_169' title='bbox 916 2437 1098 2511; x_wconf 72' lang='lat' dir='ltr'>siveetiam</span> <span class='ocrx_word' id='word_1_170' title='bbox 1115 2458 1195 2504; x_wconf 87' lang='lat' dir='ltr'>con·</span> <span class='ocrx_word' id='word_1_171' title='bbox 1287 2462 1293 2468; x_wconf 92' lang='lat'>·</span> 
     </span>
    </p>
   </div>
   <div class='ocr_carea' id='block_1_4' title="bbox 35 2535 1199 4362">
    <p class='ocr_par' dir='ltr' id='par_1_4' title="bbox 72 2535 1199 4051">
     <span class='ocr_line' id='line_1_22' title="bbox 72 2535 1195 2624; baseline 0.004 -22"><span class='ocrx_word' id='word_1_172' title='bbox 72 2536 231 2623; x_wconf 84' lang='lat' dir='ltr'>jectando</span> <span class='ocrx_word' id='word_1_173' title='bbox 255 2536 412 2613; x_wconf 80' lang='lat' dir='ltr'>effictum3</span> <span class='ocrx_word' id='word_1_174' title='bbox 443 2559 507 2622; x_wconf 87' lang='lat' dir='ltr'>qua</span> <span class='ocrx_word' id='word_1_175' title='bbox 528 2535 562 2600; x_wconf 89' lang='lat' dir='ltr'>in</span> <span class='ocrx_word' id='word_1_176' title='bbox 583 2558 618 2601; x_wconf 92' lang='lat' dir='ltr'>re</span> <span class='ocrx_word' id='word_1_177' title='bbox 641 2559 741 2624; x_wconf 87' lang='lat' dir='ltr'>saepe</span> <span class='ocrx_word' id='word_1_178' title='bbox 764 2539 898 2605; x_wconf 89' lang='lat' dir='ltr'>modum</span> <span class='ocrx_word' id='word_1_179' title='bbox 922 2551 954 2606; x_wconf 93' lang='lat' dir='ltr'>et</span> <span class='ocrx_word' id='word_1_180' title='bbox 972 2540 1070 2606; x_wconf 87' lang='lat' dir='ltr'>finem</span> <span class='ocrx_word' id='word_1_181' title='bbox 1090 2551 1195 2606; x_wconf 82' lang='lat' dir='ltr'>trans-</span> 
     </span>
     <span class='ocr_line' id='line_1_23' title="bbox 81 2637 1197 2761; baseline 0.004 -56"><span class='ocrx_word' id='word_1_182' title='bbox 81 2652 168 2706; x_wconf 82' lang='lat' dir='ltr'>eunt</span> <span class='ocrx_word' id='word_1_183' title='bbox 217 2639 427 2736; x_wconf 66' lang='lat' dir='ltr'>Herodianus</span> <span class='ocrx_word' id='word_1_184' title='bbox 452 2640 545 2705; x_wconf 90' lang='lat' dir='ltr'>Mon.</span> <span class='ocrx_word' id='word_1_185' title='bbox 568 2640 674 2761; x_wconf 79' lang='lat' dir='ltr'>p.41.</span> <span class='ocrx_word' id='word_1_186' title='bbox 706 2637 807 2719; x_wconf 82' lang='grc' dir='ltr'><strong><em>μόνον</em></strong></span> <span class='ocrx_word' id='word_1_187' title='bbox 834 2641 870 2706; x_wconf 76' lang='grc' dir='ltr'>τὸ</span> <span class='ocrx_word' id='word_1_188' title='bbox 896 2642 1015 2728; x_wconf 71' lang='grc' dir='ltr'><strong><em>χείρων</em></strong></span> <span class='ocrx_word' id='word_1_189' title='bbox 1040 2642 1108 2730; x_wconf 82' lang='grc' dir='ltr'><strong><em>πρὸ</em></strong></span> <span class='ocrx_word' id='word_1_190' title='bbox 1135 2645 1197 2710; x_wconf 79' lang='grc' dir='ltr'>τοῦ</span> 
     </span>
     <span class='ocr_line' id='line_1_24' title="bbox 81 2732 1198 2833; baseline 0.002 -23"><span class='ocrx_word' id='word_1_191' title='bbox 81 2771 109 2810; x_wconf 93' lang='grc' dir='ltr'><strong><em>ω</em></strong></span> <span class='ocrx_word' id='word_1_192' title='bbox 133 2740 199 2824; x_wconf 77' lang='grc' dir='ltr'><strong><em>ἔχει</em></strong></span> <span class='ocrx_word' id='word_1_193' title='bbox 224 2741 262 2807; x_wconf 87' lang='grc' dir='ltr'><strong><em>τά</em></strong></span> <span class='ocrx_word' id='word_1_194' title='bbox 287 2762 322 2829; x_wconf 92' lang='grc' dir='ltr'><strong><em>ρ·</em></strong></span> <span class='ocrx_word' id='word_1_195' title='bbox 346 2738 454 2809; x_wconf 83' lang='grc' dir='ltr'><strong><em>αἴτιον</em></strong></span> <span class='ocrx_word' id='word_1_196' title='bbox 480 2742 517 2810; x_wconf 80' lang='grc' dir='ltr'>δέ</span> <span class='ocrx_word' id='word_1_197' title='bbox 542 2767 579 2806; x_wconf 86' lang='grc' dir='ltr'>το</span> <span class='ocrx_word' id='word_1_198' title='bbox 607 2739 738 2820; x_wconf 83' lang='grc' dir='ltr'><strong><em>πάθος,</em></strong></span> <span class='ocrx_word' id='word_1_199' title='bbox 772 2743 975 2829; x_wconf 83' lang='lat' dir='ltr'>significans.</span> <span class='ocrx_word' id='word_1_200' title='bbox 985 2741 1037 2809; x_wconf 90' lang='lat' dir='ltr'>vel</span> <span class='ocrx_word' id='word_1_201' title='bbox 1062 2732 1198 2833; x_wconf 79' lang='grc' dir='ltr'><strong><em>χωρέων</em></strong></span> 
     </span>
     <span class='ocr_line' id='line_1_25' title="bbox 80 2843 1195 2933; baseline 0.001 -22"><span class='ocrx_word' id='word_1_202' title='bbox 80 2855 283 2933; x_wconf 87' lang='lat' dir='ltr'>prototypon</span> <span class='ocrx_word' id='word_1_203' title='bbox 304 2865 376 2910; x_wconf 85' lang='lat' dir='ltr'>esse</span> <span class='ocrx_word' id='word_1_204' title='bbox 402 2846 452 2930; x_wconf 88' lang='lat' dir='ltr'>cuj</span> <span class='ocrx_word' id='word_1_205' title='bbox 455 2868 494 2910; x_wconf 89' lang='lat' dir='ltr'>us</span> <span class='ocrx_word' id='word_1_206' title='bbox 515 2843 638 2909; x_wconf 88' lang='lat' dir='ltr'>nullum</span> <span class='ocrx_word' id='word_1_207' title='bbox 656 2843 831 2930; x_wconf 81' lang='lat' dir='ltr'>vestigium</span> <span class='ocrx_word' id='word_1_208' title='bbox 853 2855 956 2924; x_wconf 86' lang='lat' dir='ltr'>extat,</span> <span class='ocrx_word' id='word_1_209' title='bbox 983 2845 1035 2910; x_wconf 85' lang='lat' dir='ltr'>vel</span> <span class='ocrx_word' id='word_1_210' title='bbox 1051 2845 1195 2931; x_wconf 79' lang='grc' dir='ltr'><strong><em>χερείων,</em></strong></span> 
     </span>
     <span class='ocr_line' id='line_1_26' title="bbox 80 2945 1195 3034; baseline -0.002 -22"><span class='ocrx_word' id='word_1_211' title='bbox 80 2948 170 3013; x_wconf 84' lang='lat' dir='ltr'>unde</span> <span class='ocrx_word' id='word_1_212' title='bbox 190 2947 309 3030; x_wconf 70' lang='grc' dir='ltr'><strong><em>χείρων</em></strong></span> <span class='ocrx_word' id='word_1_213' title='bbox 330 2956 436 3011; x_wconf 90' lang='lat' dir='ltr'>ortum</span> <span class='ocrx_word' id='word_1_214' title='bbox 458 2968 529 3012; x_wconf 84' lang='lat' dir='ltr'>esse</span> <span class='ocrx_word' id='word_1_215' title='bbox 549 2945 638 3010; x_wconf 91' lang='lat' dir='ltr'>nullo</span> <span class='ocrx_word' id='word_1_216' title='bbox 665 2947 815 3033; x_wconf 84' lang='lat' dir='ltr'>exemplo</span> <span class='ocrx_word' id='word_1_217' title='bbox 841 2946 1054 3012; x_wconf 84' lang='lat' dir='ltr'>demonstrari</span> <span class='ocrx_word' id='word_1_218' title='bbox 1075 2955 1195 3034; x_wconf 78' lang='lat' dir='ltr'>potest.</span> 
     </span>
     <span class='ocr_line' id='line_1_27' title="bbox 82 3044 1196 3133; baseline -0.005 -16"><span class='ocrx_word' id='word_1_219' title='bbox 82 3050 152 3118; x_wconf 86' lang='lat' dir='ltr'>Sed</span> <span class='ocrx_word' id='word_1_220' title='bbox 174 3048 276 3113; x_wconf 90' lang='lat' dir='ltr'>multo</span> <span class='ocrx_word' id='word_1_221' title='bbox 305 3047 461 3112; x_wconf 86' lang='lat' dir='ltr'>audacius</span> <span class='ocrx_word' id='word_1_222' title='bbox 484 3057 534 3112; x_wconf 86' lang='lat' dir='ltr'>est</span> <span class='ocrx_word' id='word_1_223' title='bbox 557 3048 647 3132; x_wconf 89' lang='lat' dir='ltr'>quod</span> <span class='ocrx_word' id='word_1_224' title='bbox 672 3048 760 3112; x_wconf 89' lang='lat' dir='ltr'>idem</span> <span class='ocrx_word' id='word_1_225' title='bbox 785 3048 879 3132; x_wconf 82' lang='lat' dir='ltr'>fingit</span> <span class='ocrx_word' id='word_1_226' title='bbox 905 3071 939 3133; x_wconf 90' lang='lat' dir='ltr'>p.</span> <span class='ocrx_word' id='word_1_227' title='bbox 941 3047 1013 3112; x_wconf 91' lang='grc'>22.</span> <span class='ocrx_word' id='word_1_228' title='bbox 1035 3046 1137 3126; x_wconf 77' lang='grc' dir='ltr'><strong><em>μόνον</em></strong></span> <span class='ocrx_word' id='word_1_229' title='bbox 1157 3044 1196 3111; x_wconf 76' lang='lat' dir='ltr'>r&#39;d</span> 
     </span>
     <span class='ocr_line' id='line_1_28' title="bbox 81 3136 1198 3234; baseline -0.006 -16"><span class='ocrx_word' id='word_1_230' title='bbox 81 3151 173 3233; x_wconf 69' lang='grc' dir='ltr'><strong><em>ὕψος</em></strong></span> <span class='ocrx_word' id='word_1_231' title='bbox 188 3147 258 3218; x_wconf 81' lang='grc' dir='ltr'>ἀπὸ</span> <span class='ocrx_word' id='word_1_232' title='bbox 276 3155 336 3217; x_wconf 84' lang='grc' dir='ltr'>τοῦ</span> <span class='ocrx_word' id='word_1_233' title='bbox 352 3136 568 3229; x_wconf 70' lang='grc' dir='ltr'><strong><em>υάρχέμενον</em></strong></span> <span class='ocrx_word' id='word_1_234' title='bbox 585 3146 650 3228; x_wconf 80' lang='grc' dir='ltr'><strong><em>ἔχει</em></strong></span> <span class='ocrx_word' id='word_1_235' title='bbox 667 3146 910 3234; x_wconf 77' lang='grc' dir='ltr'><strong><em>ἐπιφερόμενον</em></strong></span> <span class='ocrx_word' id='word_1_236' title='bbox 926 3148 1076 3212; x_wconf 77' lang='grc' dir='ltr'><strong><em>διπλοῦν</em></strong></span> <span class='ocrx_word' id='word_1_237' title='bbox 1089 3138 1198 3212; x_wconf 73' lang='grc' dir='ltr'><strong><em>αιτιοτ</em></strong></span> 
     </span>
     <span class='ocr_line' id='line_1_29' title="bbox 83 3239 1199 3335; baseline -0.014 -13"><span class='ocrx_word' id='word_1_238' title='bbox 83 3257 120 3323; x_wconf 81' lang='grc' dir='ltr'>δέ</span> <span class='ocrx_word' id='word_1_239' title='bbox 142 3253 179 3320; x_wconf 73' lang='grc' dir='ltr'>τὸ</span> <span class='ocrx_word' id='word_1_240' title='bbox 202 3251 332 3332; x_wconf 85' lang='grc' dir='ltr'><strong><em>πάθος·</em></strong></span> <span class='ocrx_word' id='word_1_241' title='bbox 358 3250 481 3316; x_wconf 90' lang='lat' dir='ltr'>scilicet</span> <span class='ocrx_word' id='word_1_242' title='bbox 505 3259 599 3335; x_wconf 81' lang='lat' dir='ltr'>trope</span> <span class='ocrx_word' id='word_1_243' title='bbox 622 3246 787 3312; x_wconf 73' lang='lat' dir='ltr'>aeolica‘r</span> <span class='ocrx_word' id='word_1_244' title='bbox 770 3247 857 3331; x_wconf 73' lang='grc' dir='ltr'><strong><em>έψος</em></strong></span> <span class='ocrx_word' id='word_1_245' title='bbox 879 3268 939 3333; x_wconf 93' lang='lat' dir='ltr'>pro</span> <span class='ocrx_word' id='word_1_246' title='bbox 962 3239 1054 3333; x_wconf 67' lang='grc' dir='ltr'><strong><em>’ἔρνος</em></strong></span> <span class='ocrx_word' id='word_1_247' title='bbox 1076 3244 1199 3313; x_wconf 82' lang='lat' dir='ltr'>factum·</span> 
     </span>
     <span class='ocr_line' id='line_1_30' title="bbox 82 3345 1195 3444; baseline -0.004 -23"><span class='ocrx_word' id='word_1_248' title='bbox 82 3367 185 3444; x_wconf 87' lang='lat' dir='ltr'>putat,</span> <span class='ocrx_word' id='word_1_249' title='bbox 208 3354 271 3420; x_wconf 92' lang='lat' dir='ltr'>hoc</span> <span class='ocrx_word' id='word_1_250' title='bbox 292 3364 399 3439; x_wconf 86' lang='lat' dir='ltr'>autem</span> <span class='ocrx_word' id='word_1_251' title='bbox 420 3345 504 3416; x_wconf 88' lang='lat' dir='ltr'>ab’&#39;</span> <span class='ocrx_word' id='word_1_252' title='bbox 483 3376 577 3419; x_wconf 83' lang='grc' dir='ltr'><strong><em>οπτω</em></strong></span> <span class='ocrx_word' id='word_1_253' title='bbox 599 3375 637 3416; x_wconf 90' lang='grc' dir='ltr'>το</span> <span class='ocrx_word' id='word_1_254' title='bbox 658 3351 773 3434; x_wconf 83' lang='grc' dir='ltr'><strong><em>βλέπω</em></strong></span> <span class='ocrx_word' id='word_1_255' title='bbox 794 3359 831 3414; x_wconf 91' lang='lat' dir='ltr'>ut</span> <span class='ocrx_word' id='word_1_256' title='bbox 845 3348 1010 3416; x_wconf 87' lang='lat' dir='ltr'>Choerob.</span> <span class='ocrx_word' id='word_1_257' title='bbox 1027 3347 1195 3417; x_wconf 80' lang='lat' dir='ltr'>iuPsulm.</span> 
     </span>
     <span class='ocr_line' id='line_1_31' title="bbox 82 3451 1196 3542; baseline -0.003 -19"><span class='ocrx_word' id='word_1_258' title='bbox 82 3458 134 3534; x_wconf 83' lang='lat'>99,</span> <span class='ocrx_word' id='word_1_259' title='bbox 158 3458 210 3522; x_wconf 90' lang='grc'>22.</span> <span class='ocrx_word' id='word_1_260' title='bbox 233 3456 324 3542; x_wconf 94' lang='lat' dir='ltr'>quod</span> <span class='ocrx_word' id='word_1_261' title='bbox 351 3455 397 3519; x_wconf 88' lang='lat' dir='ltr'>illi</span> <span class='ocrx_word' id='word_1_262' title='bbox 420 3476 587 3540; x_wconf 90' lang='lat' dir='ltr'>nunquam</span> <span class='ocrx_word' id='word_1_263' title='bbox 613 3452 646 3517; x_wconf 87' lang='lat' dir='ltr'>in</span> <span class='ocrx_word' id='word_1_264' title='bbox 667 3464 808 3519; x_wconf 90' lang='lat' dir='ltr'>mentem</span> <span class='ocrx_word' id='word_1_265' title='bbox 829 3451 971 3517; x_wconf 81' lang='lat' dir='ltr'>venisset</span> <span class='ocrx_word' id='word_1_266' title='bbox 992 3451 1056 3517; x_wconf 91' lang='lat' dir='ltr'>nisi</span> <span class='ocrx_word' id='word_1_267' title='bbox 1078 3452 1196 3520; x_wconf 80' lang='lat' dir='ltr'>Gram-</span> 
     </span>
     <span class='ocr_line' id='line_1_32' title="bbox 83 3554 1197 3642; baseline -0.001 -18"><span class='ocrx_word' id='word_1_268' title='bbox 83 3559 189 3624; x_wconf 85' lang='lat' dir='ltr'>matici</span> <span class='ocrx_word' id='word_1_269' title='bbox 208 3558 350 3624; x_wconf 85' lang='lat' dir='ltr'>officium</span> <span class='ocrx_word' id='word_1_270' title='bbox 368 3567 604 3642; x_wconf 81' lang='lat' dir='ltr'>esseputasset</span> <span class='ocrx_word' id='word_1_271' title='bbox 622 3556 765 3621; x_wconf 79' lang='lat' dir='ltr'>omniun</span> <span class='ocrx_word' id='word_1_272' title='bbox 782 3554 1023 3633; x_wconf 88' lang='lat' dir='ltr'>vocabulorum,</span> <span class='ocrx_word' id='word_1_273' title='bbox 1042 3567 1197 3641; x_wconf 79' lang='lat' dir='ltr'>quantum</span> 
     </span>
     <span class='ocr_line' id='line_1_33' title="bbox 82 3657 1198 3748; baseline 0.001 -23"><span class='ocrx_word' id='word_1_274' title='bbox 82 3661 152 3726; x_wconf 82' lang='lat' dir='ltr'>fieri</span> <span class='ocrx_word' id='word_1_275' title='bbox 175 3669 305 3748; x_wconf 89' lang='lat' dir='ltr'>posset,</span> <span class='ocrx_word' id='word_1_276' title='bbox 336 3657 505 3744; x_wconf 85' lang='lat' dir='ltr'>analogias</span> <span class='ocrx_word' id='word_1_277' title='bbox 534 3668 566 3723; x_wconf 90' lang='lat' dir='ltr'>et</span> <span class='ocrx_word' id='word_1_278' title='bbox 589 3657 759 3724; x_wconf 85' lang='lat' dir='ltr'>affinitates</span> <span class='ocrx_word' id='word_1_279' title='bbox 789 3659 970 3724; x_wconf 82' lang='lat' dir='ltr'>ostendere.</span> <span class='ocrx_word' id='word_1_280' title='bbox 1021 3657 1110 3724; x_wconf 89' lang='lat' dir='ltr'>Huic</span> <span class='ocrx_word' id='word_1_281' title='bbox 1131 3682 1198 3726; x_wconf 89' lang='lat' dir='ltr'>nou</span> 
     </span>
     <span class='ocr_line' id='line_1_34' title="bbox 82 3755 1198 3847; baseline 0 -21"><span class='ocrx_word' id='word_1_282' title='bbox 82 3761 218 3826; x_wconf 90' lang='lat' dir='ltr'>multum</span> <span class='ocrx_word' id='word_1_283' title='bbox 241 3762 369 3826; x_wconf 88' lang='lat' dir='ltr'>diversa</span> <span class='ocrx_word' id='word_1_284' title='bbox 390 3769 440 3824; x_wconf 88' lang='lat' dir='ltr'>est</span> <span class='ocrx_word' id='word_1_285' title='bbox 460 3755 631 3847; x_wconf 87' lang='lat' dir='ltr'>Apollonii</span> <span class='ocrx_word' id='word_1_286' title='bbox 651 3759 733 3824; x_wconf 90' lang='lat' dir='ltr'>ratio</span> <span class='ocrx_word' id='word_1_287' title='bbox 756 3761 798 3825; x_wconf 94' lang='lat' dir='ltr'>de</span> <span class='ocrx_word' id='word_1_288' title='bbox 818 3761 905 3825; x_wconf 83' lang='lat' dir='ltr'>Adv.</span> <span class='ocrx_word' id='word_1_289' title='bbox 926 3760 999 3826; x_wconf 80' lang='lat'>603.</span> <span class='ocrx_word' id='word_1_290' title='bbox 1022 3759 1060 3826; x_wconf 84' lang='grc' dir='ltr'>τὸ</span> <span class='ocrx_word' id='word_1_291' title='bbox 1084 3765 1198 3828; x_wconf 76' lang='grc' dir='ltr'><strong><em>κεῖθεν</em></strong></span> 
     </span>
     <span class='ocr_line' id='line_1_35' title="bbox 83 3855 1197 3950; baseline -0.004 -19"><span class='ocrx_word' id='word_1_292' title='bbox 83 3861 151 3931; x_wconf 81' lang='grc' dir='ltr'>ὑπὸ</span> <span class='ocrx_word' id='word_1_293' title='bbox 170 3862 287 3943; x_wconf 81' lang='grc' dir='ltr'><strong><em>πάθος</em></strong></span> <span class='ocrx_word' id='word_1_294' title='bbox 306 3863 425 3930; x_wconf 73' lang='grc' dir='ltr'><strong><em>πίπτει</em></strong></span> <span class='ocrx_word' id='word_1_295' title='bbox 444 3863 499 3928; x_wconf 84' lang='grc' dir='ltr'>καὶ</span> <span class='ocrx_word' id='word_1_296' title='bbox 517 3859 554 3926; x_wconf 76' lang='lat' dir='ltr'>ed</span> <span class='ocrx_word' id='word_1_297' title='bbox 574 3855 805 3929; x_wconf 67' lang='grc' dir='ltr'><strong><em>ὄπισθεν-καὶ</em></strong></span> <span class='ocrx_word' id='word_1_298' title='bbox 826 3862 863 3928; x_wconf 84' lang='grc' dir='ltr'>τὸ</span> <span class='ocrx_word' id='word_1_299' title='bbox 883 3863 1003 3950; x_wconf 84' lang='grc' dir='ltr'><strong><em>νέρθεν</em></strong></span> <span class='ocrx_word' id='word_1_300' title='bbox 1019 3858 1078 3928; x_wconf 74' lang='grc' dir='ltr'>δύο</span> <span class='ocrx_word' id='word_1_301' title='bbox 1096 3859 1197 3948; x_wconf 73' lang='grc' dir='ltr'><strong><em>πάθρ</em></strong></span> 
     </span>
     <span class='ocr_line' id='line_1_36' title="bbox 84 3959 1199 4051; baseline -0.005 -18"><span class='ocrx_word' id='word_1_302' title='bbox 84 3960 270 4045; x_wconf 78' lang='grc' dir='ltr'><strong><em>ἀνεδέξατο.</em></strong></span> <span class='ocrx_word' id='word_1_303' title='bbox 325 3964 411 4030; x_wconf 87' lang='lat' dir='ltr'>Nam</span> <span class='ocrx_word' id='word_1_304' title='bbox 440 3963 518 4050; x_wconf 87' lang='lat' dir='ltr'>quia</span> <span class='ocrx_word' id='word_1_305' title='bbox 547 3963 646 4051; x_wconf 77' lang='lat' dir='ltr'>vulgo</span> <span class='ocrx_word' id='word_1_306' title='bbox 678 3961 859 4049; x_wconf 75' lang='grc' dir='ltr'><strong><em>ἑτέρωθεν,</em></strong></span> <span class='ocrx_word' id='word_1_307' title='bbox 893 3959 1138 4051; x_wconf 74' lang='grc' dir='ltr'><strong><em>ἀμφοτέρωθεν</em></strong></span> <span class='ocrx_word' id='word_1_308' title='bbox 1166 3972 1199 4027; x_wconf 88' lang='lat' dir='ltr'>ot</span> 
     </span>
    </p>

    <p class='ocr_par' dir='ltr' id='par_1_5' title="bbox 35 4064 1199 4362">
     <span class='ocr_line' id='line_1_37' title="bbox 84 4064 1199 4154; baseline -0.003 -21"><span class='ocrx_word' id='word_1_309' title='bbox 84 4066 207 4133; x_wconf 83' lang='lat' dir='ltr'>aeolice</span> <span class='ocrx_word' id='word_1_310' title='bbox 236 4064 392 4154; x_wconf 79' lang='grc' dir='ltr'><strong><em>κηνάθεν,</em></strong></span> <span class='ocrx_word' id='word_1_311' title='bbox 424 4066 534 4132; x_wconf 88' lang='lat' dir='ltr'>dorico</span> <span class='ocrx_word' id='word_1_312' title='bbox 561 4071 711 4154; x_wconf 83' lang='grc' dir='ltr'><strong><em>τηνῶθεν</em></strong></span> <span class='ocrx_word' id='word_1_313' title='bbox 739 4066 871 4146; x_wconf 83' lang='lat' dir='ltr'>dieitur,</span> <span class='ocrx_word' id='word_1_314' title='bbox 902 4066 952 4131; x_wconf 90' lang='lat' dir='ltr'>his</span> <span class='ocrx_word' id='word_1_315' title='bbox 981 4073 1199 4131; x_wconf 84' lang='lat' dir='ltr'>consentanea</span> 
     </span>
     <span class='ocr_line' id='line_1_38' title="bbox 35 4157 1197 4257; baseline -0.003 -21"><span class='ocrx_word' id='word_1_316' title='bbox 35 4157 40 4163; x_wconf 48' lang='grc'><em>“</em></span> <span class='ocrx_word' id='word_1_317' title='bbox 83 4167 336 4236; x_wconf 83' lang='lat' dir='ltr'>comminiscitur</span> <span class='ocrx_word' id='word_1_318' title='bbox 357 4168 517 4257; x_wconf 86' lang='lat' dir='ltr'>principia</span> <span class='ocrx_word' id='word_1_319' title='bbox 539 4167 697 4249; x_wconf 80' lang='grc' dir='ltr'><strong><em>κεινόθεν,</em></strong></span> <span class='ocrx_word' id='word_1_320' title='bbox 717 4165 891 4237; x_wconf 79' lang='grc' dir='ltr'><strong><em>ἀπέσωθεν</em></strong></span> <span class='ocrx_word' id='word_1_321' title='bbox 906 4177 966 4233; x_wconf 82' lang='lat' dir='ltr'>eto.</span> <span class='ocrx_word' id='word_1_322' title='bbox 989 4176 1073 4251; x_wconf 86' lang='lat' dir='ltr'>qua&#39;a</span> <span class='ocrx_word' id='word_1_323' title='bbox 1090 4188 1197 4254; x_wconf 86' lang='lat' dir='ltr'>neque</span> 
     </span>
     <span class='ocr_line' id='line_1_39' title="bbox 82 4269 1198 4362; baseline 0 -26"><span class='ocrx_word' id='word_1_324' title='bbox 82 4270 236 4360; x_wconf 83' lang='lat' dir='ltr'>leguntur</span> <span class='ocrx_word' id='word_1_325' title='bbox 252 4292 404 4358; x_wconf 87' lang='lat' dir='ltr'>usquam</span> <span class='ocrx_word' id='word_1_326' title='bbox 434 4294 542 4360; x_wconf 85' lang='lat' dir='ltr'>noque</span> <span class='ocrx_word' id='word_1_327' title='bbox 573 4294 692 4362; x_wconf 78' lang='lat' dir='ltr'>graeco</span> <span class='ocrx_word' id='word_1_328' title='bbox 722 4271 861 4338; x_wconf 88' lang='lat' dir='ltr'>sermoni</span> <span class='ocrx_word' id='word_1_329' title='bbox 890 4269 1000 4358; x_wconf 75' lang='lat' dir='ltr'>affingi</span> <span class='ocrx_word' id='word_1_330' title='bbox 1015 4280 1115 4358; x_wconf 75' lang='lat' dir='ltr'>‘opus</span> <span class='ocrx_word' id='word_1_331' title='bbox 1148 4278 1198 4337; x_wconf 89' lang='lat' dir='ltr'>est</span> 
     </span>
    </p>
   </div>
   <div class='ocr_carea' id='block_1_5' title="bbox 0 0 1376 4778">
    <p class='ocr_par' dir='ltr' id='par_1_6' title="bbox 0 0 1376 4778">
     <span class='ocr_line' id='line_1_40' title="bbox 0 0 1376 4778; baseline 0 0"><span class='ocrx_word' id='word_1_332' title='bbox 0 0 1376 4778; x_wconf 95' lang='lat' dir='ltr'> </span> 
     </span>
    </p>
   </div>
  </div>
 </body>
</html>
