2736 4778
139 365 205 433 un
226 360 447 433 suasore
467 359 613 429 uanis
634 358 856 431 vocans.
877 358 918 431 c.
931 362 992 435 lv.
1008 367 1035 452 ς.
1044 363 1077 433 4.
1106 364 1189 443 ουν

65 549 172 616 babile
193 549 231 614 fit
252 541 491 633 μελαγχαίοης,
517 542 706 634 μιλύνθριξ
728 556 871 625 matera,
903 568 1050 636 syncope
1068 550 1179 639 potins

64 660 210 719 coartata
229 668 330 734 quarn
352 667 428 712 cum
447 644 644 711 nominativo
663 646 819 736 copulata
839 668 922 713 esse.
964 648 1077 715 Unum
1095 651 1180 719 hauc

62 754 225 819 rationem
240 745 369 834 respuit
384 744 644 833 monosyllabum
661 752 741 829 πᾶν,
762 745 948 826 πάνοπλος,
970 747 1182 840 παναληθής,

67 854 127 919 sed
147 854 212 919 hoc
233 870 355 915 nomeu
381 857 450 914 toto
471 868 591 936 genere
619 849 714 915 exlex
742 860 777 916 et
800 848 981 915 solitarium
1004 860 1055 916 est
1078 870 1118 917 ao
1140 872 1184 919 ue

67 954 196 1038 integre
226 950 361 1036 quidem
395 950 600 1038 componitur
628 952 688 1018 ssd
719 950 819 1039 alpha
854 960 1017 1039 correpto.
1057 952 1185 1019 Eorum

69 1075 157 1138 quae
174 1053 235 1118 rho
258 1072 434 1119 consonam
454 1051 488 1117 in
510 1051 600 1118 exitu
620 1051 751 1131 hubent,
775 1054 840 1119 duo
856 1051 1020 1119 interdum
1037 1053 1184 1121 vocalem

69 1155 104 1219 in
126 1154 338 1220 commissura
357 1153 510 1219 amittunt
533 1152 605 1236 χείρ
631 1165 665 1218 et
684 1158 763 1242 πῦρ.
806 1154 995 1243 Dupliciter
1019 1155 1105 1222 enim
1130 1155 1183 1221 di·

67 1256 154 1320 citur
168 1251 400 1341 χειρόνιπτρον
419 1254 488 1320 sive
509 1250 699 1339 χοιρόνιβον
719 1266 753 1320 et
771 1254 936 1342 χέρνιμμα
959 1256 1029 1322 sivo
1048 1253 1190 1347 χέρνιψ,

66 1351 262 1443 χειρύβολον
287 1363 321 1420 et
347 1350 538 1439 χιρβύλιον,
571 1356 662 1442 quod
687 1357 745 1424 Du
767 1355 913 1445 cangius
940 1380 967 1426 s.
988 1354 1184 1446 Χορόβολον

68 1457 173 1522 affert.
215 1456 269 1521 Ac
291 1454 387 1520 simili
408 1455 508 1522 modo
537 1478 633 1524 casus
660 1458 798 1525 secundi
824 1458 1008 1546 analogiam
1038 1480 1182 1545 aequum

67 1569 121 1622 tur
141 1555 302 1641 adjectiva
323 1553 548 1646 πυροῤῥαχής,
571 1554 760 1647 πυροερχής
781 1560 834 1646 (ut
844 1554 1064 1648 κουροτρόφος,
1075 1566 1185 1648 θηρο-

67 1656 172 1741 νόμος
199 1658 276 1743 eto.)
305 1656 493 1744 omissaque
519 1660 624 1726 vocali
654 1658 828 1750 πυραυχὴς
856 1670 890 1726 et
916 1671 1073 1748 sequente
1102 1682 1183 1729 con·

68 1780 150 1824 sona
170 1756 336 1846 πυρδοής,
361 1757 548 1851 πυρφόρος,
573 1785 649 1828 nam
670 1760 750 1828 haec
774 1783 907 1848 quoque
933 1762 1066 1850 ypsilon
1085 1762 1184 1831 breve

70 1861 189 1926 habere
216 1861 370 1927 videntur
397 1872 434 1926 ut
462 1863 571 1928 estin
598 1862 800 1951 simplicibus
831 1873 907 1930 ante
934 1862 994 1930 rho
1025 1876 1184 1950 sequente

68 1983 215 2027 consona
235 1958 368 2047 κύρβις,
391 1958 530 2049 Σύρτις,
558 1961 692 2050 κύριος,
722 1961 863 2051 μύροος,
887 1960 1031 2045 θύρσος,
1058 1960 1185 2053 ρύροαι

68 2062 228 2149 Apollon.
248 2062 296 2128 Π.
317 2060 371 2128 59.
394 2061 522 2150 φύροον
541 2062 616 2129 Nic.
627 2064 683 2130 Al.
700 2065 775 2130 693.
796 2060 915 2149 κύρσαι
936 2064 1078 2131 Hesiod.
1090 2065 1186 2153 Opp.

68 2165 144 2230 689.
176 2163 291 2246 Quint.
310 2163 414 2229 x111.
443 2163 517 2229 394.
549 2163 654 2251 Soph.
686 2163 775 2232 Oed.
806 2163 846 2231 Ο.
868 2164 1009 2251 247.“)
1058 2165 1128 2234 Sed
1150 2167 1187 2233 in

68 2264 228 2352 Aeschyli
258 2264 385 2332 senario
409 2262 549 2330 iambico
575 2265 695 2352 legitur
721 2266 820 2332 etiam
847 2259 1044 2353 πυραύοτρς
1068 2267 1185 2337 eadem

70 2390 224 2434 mensum
248 2388 314 2453 qna
340 2366 431 2456 apud
451 2367 635 2432 Homerum
658 2365 859 2455 Πυραίχμης
883 2364 1028 2432 Paeonis
1055 2390 1186 2450 nomen,

71 2470 136 2535 hoc
163 2480 213 2535 est
235 2470 398 2557 producta
424 2468 530 2556 prima
555 2469 607 2534 vel
635 2469 712 2554 qnia
738 2467 773 2531 iu
805 2468 893 2532 arsin
923 2466 1038 2532 incidit
1064 2468 1117 2534 vel
1143 2471 1188 2536 ad

70 2572 284 2640 imitationem
306 2571 505 2637 nominativi.
550 2570 698 2636 Transeo
728 2590 816 2634 nunc
845 2568 889 2633 ad
917 2568 1054 2634 alterum
1082 2593 1188 2658 genus

69 2674 162 2759 quod
173 2674 253 2740 EM.
278 2672 396 2738 eodem
420 2672 492 2738 loco
518 2693 592 2737 cnm
612 2671 774 2757 adjectivo
795 2670 900 2755 μύλας
921 2669 1088 2750 edisserit3
1110 2695 1187 2760 per·

69 2775 122 2861 git
142 2775 229 2840 enim
249 2769 297 2852 ὡς
326 2774 402 2858 (scr.
428 2773 501 2860 καὶ)
530 2769 611 2841 ὅταν
638 2769 786 2858 εὕρωμεν
811 2769 992 2859 δρυπετής,
1028 2767 1097 2841 ano
1127 2780 1190 2865 τῆς

68 2879 152 2963 δρῦς
172 2870 310 2955 eii-laiac
331 2872 470 2961 λέγομεν
491 2864 590 2953 εἶναι,
622 2870 660 2940 sd
690 2873 728 2941 δὲ
754 2867 1011 2958 δρυοκολάπτης
1038 2868 1109 2943 ἀπὸ
1129 2880 1189 2964 τῆς

70 2979 210 3062 γενικῆς.
255 2974 324 3042 Sed
347 2973 433 3040 hunc
455 2974 573 3041 refellit
591 2973 749 3062 prosodia
770 2970 911 3036 nominis
934 2969 1101 3061 δρυπειής
1122 2974 1190 3043 sive

68 3089 107 3142 ut
125 3077 275 3164 plerique
297 3077 443 3143 scribunt
465 3074 650 3163 δρυπεπής.
688 3074 730 3139 Id
752 3070 839 3137 enim
861 3070 909 3137 sic
929 3080 968 3134 ut
988 3069 1189 3160 δρύφακτον,

71 3173 241 3266 ὑφορβός,
265 3175 428 3265 συβιύοης,
458 3172 640 3260 ἰχθυβύλος
659 3173 792 3264 ypsilon
825 3171 923 3237 breve
952 3170 1066 3252 habet,
1100 3175 1192 3259 quod

70 3279 205 3364 longum
215 3277 300 3343 loret
311 3276 339 3342 si
350 3276 431 3344 haec
443 3298 517 3343 cum
528 3276 717 3344 nominandi
728 3297 808 3344 casn
816 3273 1001 3361 composita
1013 3278 1138 3341 esseut¹
1147 3280 1191 3362 ⁴),

74 3377 191 3462 Itaque
216 3376 381 3465 duplicem
402 3378 519 3444 homm
543 3377 776 3463 adjectivorum
794 3378 934 3446 formam
951 3376 1192 3463 cognoscimus,

69 3500 171 3543 unam
191 3478 323 3567 plenam
345 3477 549 3566 similemque
570 3479 705 3566 genitivi
724 3474 990 3566 δρυοκολάπτης,
1012 3472 1192 3570 ύοφορβύς,

72 3573 281 3660 ἀχλυόπεζυ,
314 3575 535 3669 ἶχδυολύμρς,
565 3573 782 3669 δρρυόοκιος,
818 3578 956 3644 alteram
982 3579 1030 3647 sic
1058 3592 1097 3649 ut
1124 3583 1194 3652 dixi

71 3678 280 3745 deminutum.
324 3679 404 3746 Pari
427 3679 606 3746 mobilitate
627 3702 712 3766 quae
732 3702 852 3746 nomen
874 3679 1195 3769 brachycatalectum

71 3780 107 3844 in
128 3782 292 3869 principio
315 3780 446 3860 habent,
469 3781 533 3847 huc
553 3782 631 3849 illuc
653 3794 855 3849 commeant:
879 3780 1113 3875 βοτρυορόρος
1134 3794 1195 3872 βο-

143 3968 189 4037 lt)
201 3968 282 4023 llaec
294 3968 384 4022 verba
397 3965 445 4039 qui
458 3965 708 4039 properispomeua
722 3967 829 4023 facium
846 3977 980 4042 respectu
994 3966 1195 4040 praesentium,

71 4069 129 4107 nou
152 4062 285 4124 reputant
314 4051 506 4108 conditionem
530 4052 629 4107 mutari
657 4070 773 4109 accessu
798 4051 1015 4109 consonantium
1040 4071 1067 4107 r.
1090 4051 1192 4109 Parall.

70 4139 122 4191 40⁹
134 4154 187 4291 ⁸3)
200 4222 286 4286 Quod
299 4221 426 4287 Quintus
444 4216 581 4294 δρυτόμος
595 4229 640 4277 ter
657 4240 710 4295 pro
730 4223 842 4295 dactylo
860 4240 927 4278 usus
947 4229 1001 4289 est,
1027 4222 1080 4279 ersi
1098 4224 1194 4297 potius

72 4308 207 4364 effectum
219 4309 333 4363 videtur
344 4325 428 4380 quam
439 4305 582 4378 synaeresi
593 4326 620 4362 v.
633 4308 762 4379 Koechly
775 4311 812 4362 ad
824 4308 846 4364 1.
858 4306 918 4364 25⁰.

925 4383 990 4462 209
