2736 4778
133 343 175 410 78
516 342 793 411 nissnnrnmo
816 342 870 412 VL

130 507 321 571 eontrarium
342 511 393 572 est
413 505 735 573 Herodienideoreto
763 507 803 573 do
824 504 932 573 Diebr.
954 504 1027 572 283,
1052 502 1106 589 10,
1131 522 1266 575 mnem-

128 609 263 675 linornm
285 611 317 674 in
339 612 375 682 ἶ,
399 612 485 689 ’ῖνῐξ
507 611 688 677 exeuntium
710 612 729 681 ἆ
759 610 887 693 longum
909 629 989 691 esse,
1011 608 1098 693 qnod
1124 612 1268 692 apparot

131 714 294 779 rensibus
317 717 418 780 suetis
449 711 658 802 Ἀκαρνᾶνες,
688 709 881 799 Βύρυτᾶνες,
910 711 1097 793 {isenburc
1121 719 1199 794 ebt„
1233 719 1266 779 et

129 815 193 881 huo
223 818 319 882 etium
350 815 476 896 Zodrsq
507 816 796 883 transformondnm
829 824 888 898 eet,
921 819 1005 900 qnod
1037 816 1266 900 (ioettlmgins

130 919 223 986 uiiert
244 923 315 987 Aoo
327 920 379 987 63.
422 920 678 1002 Proprroxytoni,
701 920 785 1002 quod
795 921 1138 1003 normannusposuit,
1160 938 1265 987 unum

129 1024 230 1089 simile
252 1025 395 1090 novimus
414 1021 579 1103 Γίνδαιες,
602 1021 686 1104 quod
707 1022 860 1090 Herodoti
881 1024 970 1091 codd.
991 1024 1142 1106 plerique
1162 1038 1265 1108 ogge-

13 1140 16 1145 ·
129 1134 205 1193 runt
226 1125 504 1211 [eiPoroll.190].
547 1125 677 1190 illorum
699 1127 796 1192 trium
817 1129 920 1210 gentis
941 1128 1066 1194 lonieee
1088 1128 1264 1195 nominum

129 1230 288 1313 quodnam
305 1229 559 1312 antiquissimum
581 1231 631 1311 sit,
654 1231 742 1295 uarie
758 1230 946 1297 decernitur.
967 1231 1117 1297 Eustetlu
1126 1228 1263 1298 eom

125 1327 248 1412 Ἰάονες
282 1334 394 1416 diolysi
415 1333 565 1398 Boeotico
598 1352 636 1399 ex
649 1326 762 1413 ’Ίωνες
792 1330 1052 1416 uansfiguratum
1081 1335 1261 1415 existimet,

130 1435 310 1519 Stephanus
332 1456 407 1504 vero
439 1434 475 1504 ἐκ
508 1438 565 1503 τοῦ
583 1431 676 1502 ’idos
709 1437 746 1503 τὸ
767 1432 847 1517 loir,
881 1437 939 1503 sed
965 1435 1034 1503 deri
1061 1442 1190 1520 potest,
1225 1442 1264 1504 nt

130 1540 242 1605 eodem
264 1541 369 1606 seculo
405 1540 445 1606 ob
468 1540 538 1606 eliis
559 1539 653 1605 aliter
675 1539 825 1622 appellati
848 1540 920 1620 sint
953 1540 1130 1607 cuiusmodi
1153 1546 1261 1609 mett·

129 1644 343 1709 schematismi
368 1649 401 1709 et
422 1643 715 1725 paraschemstismi
742 1648 970 1724 eogrrosoimtrn
991 1643 1196 1725 potissimum
1219 1658 1260 1709 ex

81 1822 84 1839 Ι
129 1746 368 1829 endronymicie
412 1746 500 1812 Haeo
511 1747 668 1812 Homerus
690 1765 752 1811 uno
773 1744 867 1811 modo
889 1747 1051 1812 terminat:
1064 1741 1258 1829 Ἀλκμάων,

58 1997 65 2005 -
125 1947 285 2036 Ἀμυθάν,
303 1951 418 2019 Παιάν
440 1959 496 2020 out
517 1953 603 2019 aliud
625 1953 813 2033 huiusmodi,
836 1958 1024 2035 gentemque
1035 1952 1256 2029 Tbessalierm

129 2073 191 2121 non
217 2053 377 2134 Αἰνιᾶνες
408 2061 501 2121 vorot
532 2057 589 2123 sed
615 2053 761 2149 Ἐνιῆνεζ.
827 2054 985 2133 Quantum
1017 2054 1167 2122 libentiae
1199 2054 1256 2123 ulii

129 2158 203 2225 huic
224 2161 332 2242 generi
357 2159 540 2240 tribuerint,
573 2178 650 2242 pree
683 2149 798 2225 ceteris
829 2159 1001 2224 ostendunt
1021 2159 1085 2223 duo
1105 2156 1256 2225 fobnloss

128 2263 256 2327 nomine
278 2262 316 2329 τὸ
328 2264 504 2328 Ποσειδῶν
527 2259 760 2350 διαιρούμενοι
782 2258 938 2350 φυλάττω
952 2262 990 2328 τὸ
1003 2265 1037 2332 ὧι
1051 2258 1254 2329 Ποσειδάων

130 2361 378 2444 Ποσειδάωνος·
391 2365 428 2431 τὸ
441 2365 478 2434 δὲ
493 2363 613 2455 Τυφών
629 2366 702 2449 (sic)
715 2365 899 2433 συστέλλειε
915 2365 1061 2451 Topeiros
1076 2364 1256 2452 Τυφάονος

129 2467 297 2550 Emito.
320 2468 369 2534 38.
425 2468 509 2534 Illud
541 2469 581 2535 ab
603 2469 741 2535 Homero
776 2469 817 2534 od
844 2473 967 2533 eeteros
996 2467 1156 2548 epioornm
1178 2486 1254 2550 pro·

129 2577 280 2652 purgatum
312 2577 376 2651 est,
414 2572 498 2637 unde
532 2577 726 2637 contractum
759 2572 884 2636 videtur
915 2571 1131 2653 trisyllabum,
1167 2571 1251 2653 quod

130 2675 265 2737 sermoni
299 2674 424 2754 ponitus
458 2672 586 2739 infixum
620 2682 677 2739 est.
736 2674 818 2740 Huic
851 2674 1085 2759 Choerobosuns
1112 2671 1187 2739 299.
1209 2673 1251 2740 26

130 2776 290 2858 subiungit
305 2781 436 2864 Τυφῶν,
460 2777 544 2859 quod
566 2779 598 2843 in
620 2777 708 2842 libris
731 2795 827 2858 saepe
850 2782 941 2843 oouto
964 2776 1071 2842 finitur
1083 2795 1169 2857 sono,
1193 2778 1250 2843 sed

27 2873 30 2876 ⁴
130 2877 435 2945 onoumtleotendum
457 2899 528 2946 esse
551 2882 663 2947 docent
675 2879 888 2961 Grammatici,
912 2901 939 2945 v.
949 2879 1186 2946 Elomm.l230
1198 2880 1249 2964 [el

128 2983 229 3064 pute
240 2983 477 3069 n.3et327ex]‚
493 2985 586 3069 idque
599 2984 898 3062 eonvenitdieeresi,
921 3003 985 3066 quo
1000 2990 1109 3049 tonum
1128 2983 1249 3049 retrahi

95 3121 97 3125 ·
129 3085 1251 3169 disunt‚Rhem.188.VolubilioremformamadoptaruntHomerooetote

128 3190 269 3270 proximi.
285 3190 442 3257 Homerus
454 3193 522 3272 ipse
534 3210 595 3256 non
611 3187 764 3277 Torpo'orr
776 3191 863 3270 dixit
876 3191 932 3255 sed
948 3185 1099 3279 Τυφωὲι.
1116 3188 1250 3256 Duobus

128 3293 213 3361 nisce
247 3293 398 3359 Choerob.
420 3294 440 3358 l.
467 3313 492 3359 o.
527 3293 634 3359 subdit
665 3294 826 3383 synthetn
843 3289 1048 3381 Ἀγλαοφῶν,
1068 3287 1249 3370 Ἶπποκῶν,

127 3397 296 3481 Argiuom
320 3397 412 3483 παρὰ
435 3397 472 3461 τὸ
497 3395 608 3485 κρείω,
631 3397 714 3461 unde
731 3403 780 3461 est
791 3415 903 3461 nomen
914 3397 1037 3477 plenius
1050 3395 1250 3483 Δεξικρέων.

127 3499 196 3563 lloo
218 3499 258 3563 od
281 3517 416 3580 sequens
439 3506 534 3580 ooput
555 3499 709 3581 pertinet3
728 3493 926 3586 Ἀγλαοφῶν
936 3518 999 3564 non
1011 3498 1150 3580 dubium,
1172 3500 1249 3582 quin

127 3601 238 3665 eodem
260 3603 352 3665 modo
375 3604 581 3684 compositum
604 3602 646 3666 sit
660 3620 721 3683 quo
734 3586 862 3688 εῧφαὴς
879 3603 1084 3684 obproprium
1095 3597 1248 3690 Εὖφάης.

127 3703 287 3769 Poeticum
320 3701 512 3792 Δημοφόων
546 3706 591 3769 sic
623 3710 659 3769 ut
685 3705 894 3782 liettardum,
924 3700 1133 3785 Ἱπποθόων,
1166 3722 1250 3787 quae

127 3808 326 3873 Herodianus
349 3806 432 3871 Mon.
448 3806 487 3870 10
510 3808 553 3888 (p.
565 3808 606 3870 27
618 3808 668 3890 L.)
691 3808 753 3872 hue
774 3806 901 3887 confert,
925 3807 1056 3873 diectosi
1077 3808 1249 3874 tribuendo

127 3915 208 3990 sunt,
226 3911 319 3993 vulgo
341 3914 470 3990 recepta
480 3913 654 3997 Δημοφῶν
665 3915 723 3976 eto
737 3912 818 3975 crasi
831 3910 871 3994 [v.
885 3912 911 3997 ς.
924 3910 943 3975 5
955 3911 1023 3995 IV].
1047 3910 1111 3976 Sed
1121 3913 1247 3978 univer-

127 4031 197 4077 sum
208 4033 308 4095 genus
320 4010 598 4096 exposuiinProll.
611 4010 662 4077 40.
676 4050 713 4060 -
737 4010 775 4077 ln
798 4014 884 4078 exitu
901 4014 995 4079 huius
1018 4015 1248 4097 disquisitionis

33 4181 36 4185 ,
127 4117 268 4181 succurit·
287 4118 419 4199 simplex
438 4111 606 4193 Ἰαωλκός,
640 4135 702 4197 quo
724 4116 785 4181 duo
819 4118 1030 4199 antiquissimi
1061 4124 1176 4200 poetae
1197 4119 1248 4185 usi

126 4221 209 4296 sunt,
221 4223 255 4283 et
269 4220 379 4284 eodem
391 4224 523 4286 occentu
532 4213 662 4297 Ἰωλκός
674 4216 755 4300 [Vol
768 4218 784 4283 l
795 4218 883 4304 405}
893 4258 928 4267 —-
945 4219 979 4284 Si
989 4214 1203 4309 nomen'olpoq
1215 4224 1248 4288 in

125 4334 186 4384 usu
196 4319 295 4385 fuisse
306 4323 514 4402 constaretid
525 4341 564 4388 ex
572 4313 681 4408 ἄωρος
693 4328 835 4388 eoactum
847 4323 1022 4390 diceremus
1032 4326 1138 4406 potins
1149 4344 1247 4408 quern
