2736 4778
137 316 213 390 246
430 308 750 378 DISSERTATIO
779 308 825 374 II.
870 308 910 373 P.
931 307 961 373 I.

135 496 235 582 longe
268 494 427 561 diversam
456 492 577 560 habere
608 494 737 560 ridetur
773 493 933 581 originem
966 492 1203 581 comprimendi
1237 518 1260 562 a

136 598 300 689 primitivo
315 600 406 681 βλεῖν
421 596 457 661 id
473 606 523 663 est
538 596 683 679 θλίβειν,
707 592 881 679 βλιμάζειν
896 608 1064 682 acceptam
1081 616 1112 661 v.
1129 595 1259 663 Techn.

137 701 188 766 13.
211 708 244 764 et
263 698 315 764 85.
352 698 408 765 De
435 696 633 785 quibusdam
659 694 731 761 aliis
750 696 897 781 quaestio
916 709 967 762 est
985 696 1155 782 cujusnam
1173 707 1258 765 tern-

135 800 226 889 poris
242 800 317 866 sint.
347 801 442 867 Φένια
458 802 616 886 σογκοπῇ
633 801 720 887 pani,
738 796 978 885 διπλασιασμῷ
997 800 1115 887 πέσσω
1128 794 1260 883 ὁμοίως

134 906 184 991 τῷ
213 903 318 970 κέκλω
344 901 454 989 Epim.
485 901 514 966 I.
545 898 621 977 165,
649 898 701 964 27.
744 898 823 962 Hoc
846 897 951 966 νέκλιο
974 920 1032 964 cur
1050 920 1118 965 non
1140 911 1254 988 putem

135 1024 155 1069 e
183 1003 306 1071 κειέλω
335 1013 483 1069 coactum
511 1024 584 1067 esse
613 999 678 1065 alio
702 998 776 1064 loco
800 998 941 1085 explicui
964 998 1091 1066 Techn.
1115 1002 1187 1067 111.
1201 1002 1254 1087 ¹¹)

134 1104 322 1170 Praesentis
353 1103 539 1190 exemplum
569 1124 671 1167 unum
695 1113 745 1167 est
777 1099 944 1187 πέφνουσι
975 1100 1123 1189 Oppian.
1151 1126 1181 1170 v.
1212 1104 1255 1169 ad

133 1206 256 1271 Buttm.
285 1205 358 1271 237.
392 1204 452 1269 sed
485 1227 677 1293 sponsorem
707 1203 885 1269 introducit
916 1202 996 1267 EM.
1023 1202 1102 1279 501,
1130 1202 1183 1269 31.
1213 1200 1253 1271 od

133 1304 238 1390 μόνον
262 1306 319 1373 διὰ
334 1310 396 1373 τοῦ
407 1295 434 1372 ἶ
449 1305 595 1390 γίνονται
617 1302 649 1373 oi
667 1302 911 1385 διπλασιασμοὶ
933 1299 1019 1371 ἀλλὰ
1034 1302 1092 1369 καὶ
1115 1302 1171 1371 διὰ
1191 1310 1254 1372 τοῦ

134 1394 162 1474 ἶ
172 1406 262 1492 μένιο
281 1412 355 1493 μναῖ
375 1407 503 1493 μέμνιο,
527 1406 616 1497 φέναι
639 1410 711 1495 quei
734 1405 930 1495 niqvcestl·
958 1404 1066 1483 οὕτως
1085 1400 1253 1492 Ἡρωδια-

132 1506 190 1586 νὸς
211 1504 246 1575 έν
267 1513 317 1596 τῷ
338 1507 419 1597 περὶ
442 1511 644 1593 araeden).
689 1507 745 1576 Sic
772 1507 869 1572 etiam
889 1503 1143 1571 Choeroboscus
1165 1505 1251 1573 Can.

133 1608 206 1687 624,
235 1609 288 1675 26.
311 1606 398 1677 Ἀπὸ
429 1614 489 1676 τοῦ
520 1610 612 1677 πέσω
637 1603 655 1672 ὁ
677 1610 781 1690 μέσος
804 1603 961 1690 ἀόριστος
983 1603 1166 1694 ἐπετόμην,
1190 1634 1252 1675 πε-

131 1711 255 1777 τέσθαι
282 1710 340 1776 καὶ
368 1714 523 1798 σσγκοπῇ
551 1708 699 1776 merear
728 1708 809 1773 EM.
832 1708 911 1787 363,
938 1708 990 1773 29.
1014 1707 1168 1792 idemque
1191 1708 1248 1775 de-

132 1809 223 1875 finite
250 1809 411 1898 praecipit
436 1809 648 1874 Herodianus
677 1809 720 1874 nd
750 1810 789 1875 Il.
819 1808 880 1876 IV.
913 1808 984 1874 126.
1016 1819 1049 1874 et
1069 1822 1251 1894 sequuntur

131 1911 280 1999 plerique
307 1923 492 1977 nostrorum
519 1910 691 1976 doctorum
716 1935 746 1976 v.
772 1910 964 1979 Schneider.
995 1909 1039 1974 ad
1067 1910 1153 1977 Plat.
1177 1910 1248 1979 civ.

132 2012 174 2077 Τ.
202 2013 231 2078 Ι.
262 2013 399 2098 13314)
449 2012 514 2078 His
544 2012 693 2079 nonnulli
719 2022 891 2102 apponunt
917 2012 1111 2077 defectivum
1132 2008 1249 2097 ἔτεμον

131 2109 438 2203 ἇναδιπλασιασμρῖ
466 2114 631 2198 ἐνέτεμον,
664 2119 817 2204 σιιγιιοπῇ
847 2110 983 2196 ι”τετμον
1011 2110 1089 2180 Sch.
1115 2112 1155 2178 Il.
1185 2114 1246 2183 IV.

130 2214 204 2279 293.
240 2215 299 2279 sed
331 2214 395 2280 hoo
427 2216 565 2281 fortasse
597 2214 795 2303 principium
825 2214 875 2278 sui
898 2213 983 2298 juris
1013 2211 1111 2278 hahet
1137 2214 1246 2301 τέτμον

131 2336 152 2379 a
173 2315 280 2394 τέμνω
300 2315 399 2402 longe
421 2316 584 2381 diversum
607 2340 636 2381 v.
661 2315 787 2381 Techn.
808 2314 880 2379 119.
895 2307 1019 2381 Ἕτλεν
1035 2309 1250 2401 Ἀρίσταρχος

130 2412 167 2481 ἔκ
189 2420 249 2482 τοῦ
273 2412 392 2483 έπελεν
412 2417 583 2505 depromis
605 2414 781 2499 δεχόμενος
803 2414 914 2483 Schol.
936 2414 975 2480 Il.
1002 2416 1088 2482 vict
1105 2414 1144 2481 Il.
1160 2414 1247 2481 XII.

132 2518 182 2581 11.
213 2516 462 2600 περιειλιῗμενος
492 2517 575 2583 κατὰ
604 2512 774 2605 συγκοπήν
800 2517 880 2582 ΕΜ.
907 2515 985 2594 664,
1007 2516 1059 2583 36.
1101 2516 1142 2582 In
1166 2514 1244 2584 Sch.

129 2618 217 2684 Vict.
248 2618 288 2682 Il.
312 2617 414 2683 XXI.
442 2619 516 2684 343.
544 2616 727 2702 μέμβλεται
763 2619 912 2706 σιγιισπι)
947 2618 1004 2684 καί
1033 2617 1246 2702 πλεονασμός

130 2718 224 2783 deest
254 2719 383 2783 tertium
414 2716 571 2806 ornrotp',
606 2718 696 2803 quod
726 2730 863 2806 apparet
892 2741 910 2784 e
937 2718 1010 2784 cod.
1041 2720 1140 2786 Voss.
1162 2720 1243 2785 ΕΜ.

128 2819 202 2897 578,
214 2819 284 2918 -39ι
316 2818 488 2907 μεμέληιια
514 2818 570 2885 καὶ
600 2825 752 2909 σιιγκοπῇ
781 2822 934 2907 μέμλιμια
964 2820 1020 2886 noi
1041 2822 1245 2909 πλεονασμῷ

129 2926 189 2987 τοῦ
218 2929 253 3003 β,
289 2920 346 2988 καὶ
372 2922 602 3007 μέμβλεσέλαι·
632 2921 691 2986 sed
719 2932 769 2985 est
796 2943 951 3008 praesens
976 2943 1036 3008 pro
1054 2922 1191 3007 μέλεται
1214 2946 1245 2988 v.

129 3023 171 3088 ad
192 3025 313 3090 Buttm.
336 3024 408 3089 241.
432 3022 556 3090 Techn.
580 3024 650 3090 127.
663 3024 715 3106 Η)
740 3036 772 3089 et
789 3024 832 3088 ad
849 3023 937 3089 idem
954 3034 1083 3110 tempus
1104 3025 1246 3111 pertinet

199 3272 245 3339 11)
264 3269 422 3323 Verborum
444 3271 558 3339 κέλομαι
576 3278 604 3323 et
622 3273 736 3336 κλέομαι
755 3286 818 3323 cum
840 3268 952 3323 nomine
973 3270 1089 3329 κέλαδος
1109 3267 1243 3339 cognatio

127 3357 331 3428 qualiscunque
348 3371 404 3405 non
419 3369 453 3406 eo
467 3350 542 3406 valet
558 3361 588 3406 ut
600 3352 731 3424 Hesychii
748 3351 844 3423 glossa
859 3355 964 3408 Κλαιλεῑ
979 3358 1135 3425 φθέγγεται
1153 3350 1243 3425 suspi-

127 3442 202 3498 cioni
220 3441 365 3496 eximatur.

197 3545 242 3611 12)
256 3543 329 3597 Ηῑοε
342 3541 436 3597 Schol.
447 3541 564 3596 Aristot.
577 3558 606 3610 p.
618 3540 677 3592 287.
692 3537 769 3592 ducit
783 3538 951 3609 adjectivum
965 3539 1138 3612 duplicatum
1153 3537 1167 3594 ὁ
1180 3546 1245 3595 Ae-

126 3625 241 3699 aedqpew
256 3634 344 3690 λέξεσι
358 3633 455 3698 χρῖμαι
472 3631 601 3697 σκληραῖς
618 3629 664 3679 καλ
681 3632 823 3696 τροπικαῖς
836 3631 980 3696 πεαναέαν
991 3630 1082 3696 λέγων
1095 3623 1145 3694 τὴν
1157 3644 1242 3698 σανι-

125 3712 184 3783 uuir.
216 3712 397 3769 Probabilius
419 3732 487 3768 vcro
510 3722 589 3767 vetus
614 3711 808 3783 Lycophronis
831 3711 968 3783 interpres
992 3730 1009 3766 a
1030 3713 1094 3768 loco
1118 3716 1241 3784 quodam

125 3800 295 3858 Laconicae.

196 3895 240 3965 13)
259 3892 368 3948 Nomen
386 3889 450 3946 libri
467 3890 594 3945 additum
610 3900 653 3947 est
672 3891 701 3947 in
719 3893 784 3950 cod.
800 3890 888 3947 Paris.

194 4000 238 4067 11)
258 3994 375 4051 Photius
392 3997 493 4060 Πιῆιαι
512 3999 617 4048 πέτεται
632 3998 766 4064 (πέτηται)
786 3995 919 4050 norietum
937 3992 1078 4066 praesenti
1098 3993 1239 4065 interpre-

122 4093 196 4140 tatus
215 4093 258 4140 est
282 4082 354 4137 sicut
375 4079 579 4152 Glossogrephi
603 4081 703 4136 solent.
741 4080 838 4154 Krinrp
861 4086 998 4154 καταπέσῃ
1023 4081 1091 4134 Ηεε.
1116 4080 1239 4151 pertinet

124 4175 160 4225 ad
179 4171 305 4225 doricum
325 4171 430 4223 ἔπιτον.

194 4266 237 4333 15)
254 4265 412 4334 Hesychius
430 4264 660 4336 Μιταμέμρλιιαι
679 4257 908 4336 μεταμελὴσιιαι,
928 4263 1005 4332 quod
1024 4270 1134 4332 tempus
1153 4276 1237 4332 saepe
