2736 4778
286 353 344 420 DE
365 348 763 420 PROSGHEMATISMO.
806 349 878 419 Ru
900 348 1003 420 cm.
1026 352 1096 439 §.2
1184 351 1249 421 209

131 512 301 605 παράσχες
321 523 432 584 natum
452 521 606 600 putarunt
626 520 764 583 retracto
786 520 916 600 propter
938 511 1097 600 apocopen
1117 523 1250 584 accentu

130 627 167 687 ut
186 619 288 709 χωρίς
315 625 395 706 χῶρι
423 625 492 702 eta,
515 640 544 686 v.
566 619 682 687 Parall.
705 620 783 701 2503
821 625 916 703 atque
947 620 1009 687 hac
1040 621 1249 711 qualicunque

130 725 252 791 ratione
287 724 414 791 defendi
445 725 564 807 poterit
595 729 868 808 proparoxytonon
900 723 934 789 in
960 723 1112 806 principio
1134 726 1255 791 senarii

129 827 255 893 iambici
277 829 415 910 positum
436 827 512 893 Eur.
534 827 583 895 El.
607 824 671 893 762
688 827 785 912 (758)
810 826 941 910 ἔπισχε,
971 830 1096 913 τρανῶς
1118 822 1163 906 ὡς
1183 824 1250 912 μά·

131 937 212 1020 θῃς,
244 949 306 1012 quo
339 931 416 996 nihil
449 930 537 996 aliud
568 928 764 1013 significatur
797 949 892 1014 quam
921 929 1139 996 tristissimum
1171 931 1250 997 illud
1356 937 1357 942 ’

131 1032 272 1115 ἐπίσχες.
315 1034 447 1124 Interim
472 1032 641 1100 verborum
664 1031 811 1116 ἐπίσχειν
839 1038 873 1099 eb
894 1032 1025 1116 ἐπέχειν
1047 1030 1248 1115 significatio-

128 1155 185 1202 nes
208 1143 410 1203 naturatum
433 1137 493 1203 sibi
515 1137 710 1220 propinquae
732 1142 816 1217 sunt,
838 1141 875 1202 ut
895 1154 958 1201 non
973 1136 1089 1202 mirum
1111 1137 1155 1203 sit
1169 1137 1248 1203 alte·

128 1257 200 1304 rum
221 1239 388 1322 aliquando
415 1258 472 1323 pro
495 1241 596 1306 altero
622 1240 760 1322 positum
782 1258 863 1306 esse.
907 1238 958 1304 lta
979 1257 1077 1305 unum
1098 1239 1249 1322 relinqui-

128 1347 181 1407 tur
202 1344 432 1409 terminationis
459 1362 559 1427 purae
587 1330 764 1426 exemplum
796 1345 830 1408 in
851 1342 928 1407 Hes.
951 1339 1036 1407 Scut
1058 1339 1122 1408 mo
1138 1334 1247 1428 Ἆρες,

128 1443 243 1528 ἕπε’σχε
264 1447 364 1529 μέρος
387 1446 441 1512 καὶ
463 1451 593 1534 χεῖρας,
628 1447 685 1512 sed
717 1447 750 1511 id
778 1446 906 1512 sustulit
929 1444 1139 1526 Goettlingius
1174 1445 1248 1511 sub-

128 1551 241 1615 stituto
262 1550 450 1632 imperativo
466 1549 645 1631 praesentis
668 1547 805 1640 ἔπισχε,
817 1569 892 1610 μασι
904 1543 1025 1610 Graeci
1042 1547 1169 1631 antiqui
1185 1569 1248 1612 αοα
1324 1552 1327 1559 ’

127 1651 240 1716 lrabeat
273 1652 475 1738 imperalium
508 1650 736 1739 monosyllabon
770 1650 839 1713 aiei
867 1649 1111 1721 ιἰιῖααιαιιιιισε.
1168 1648 1248 1716 Cum

127 1756 238 1821 eodem
260 1756 467 1837 compositum
489 1755 628 1836 videtur,
651 1754 735 1837 qnod
758 1752 872 1819 Suidas
895 1772 934 1818 ex
956 1751 1084 1817 Cratino
1107 1751 1246 1836 (Fragm.

126 1856 195 1922 Vol.
218 1857 251 1922 Π
272 1858 306 1923 P.
328 1857 345 1923 Ι
367 1857 445 1942 206)
480 1864 512 1924 et
533 1858 692 1940 Eupolide
715 1854 809 1923 affert
842 1854 1003 1945 πρόσισχε
1036 1853 1074 1920 τὸ
1103 1852 1247 1943 πρόσεχε

126 1965 160 2024 et
181 1960 308 2026 aliunde
330 1960 435 2040 addit,
468 1960 654 2027 indicativos
677 1964 883 2047 παραοῖσχον
915 1964 948 2024 et
976 1952 1173 2041 ὑπίσχομαι,
1208 1976 1247 2023 ex

125 2081 187 2144 quo
210 2064 413 2146 corrigendus
441 2069 491 2128 est
513 2069 660 2128 accentus
682 2062 787 2128 Photii
814 2062 926 2128 eadem
941 2060 1110 2126 tradentis:
1128 2063 1246 2147 ilpun-

125 2163 196 2248 ι’σχε
231 2167 267 2233 τὸ
297 2164 447 2250 πρόσεχε.
505 2164 611 2233 Sicubi
646 2162 803 2251 παρέσχ’,
837 2160 969 2246 κασάσχ’
1003 2163 1186 2246 legerentur
1214 2164 1247 2229 in

124 2269 249 2348 metris,
283 2288 335 2335 res
358 2268 500 2336 coniecta
522 2274 640 2346 essem,
654 2267 714 2333 hac
746 2273 853 2353 autem
884 2266 1070 2350 probatione
1102 2265 1246 2332 detracta

123 2389 308 2438 revocamur
341 2373 382 2438 ad
404 2371 556 2437 Brunokii
577 2372 781 2452 sententiam,
817 2389 897 2454 pure
929 2369 1078 2436 exeuntia
1105 2368 1244 2434 librariis

94 2478 96 2484 ⁴
123 2475 310 2556 imputantis
332 2474 391 2541 hoo
413 2476 531 2541 maiore
554 2475 673 2556 speeie,
705 2475 792 2556 quod
812 2475 846 2540 bi
874 2467 1027 2560 παρασχε
1058 2472 1138 2539 adeo
1171 2477 1245 2537 ante

123 2579 264 2643 vocalem
287 2578 482 2660 scripserunt
504 2576 616 2643 Troad
639 2576 681 2642 82
704 2577 807 2661 etc.*)

211 2680 280 2765 §b
325 2680 551 2761 adverbiis,
586 2698 668 2763 quae
694 2681 788 2746 modo
818 2677 1028 2763 syllabamsf,
1054 2677 1147 2743 modo
1169 2677 1244 2743 sirn-

123 2783 278 2865 pleuTin
301 2784 387 2848 exitu
409 2784 536 2864 habeut,
558 2784 757 2865 grammatici
779 2784 880 2866 sigma
902 2801 923 2848 a
942 2787 1058 2848 natura
1079 2781 1243 2863 ingenera-
1357 2786 1363 2794 '

123 2893 206 2967 tum,
242 2886 299 2952 sed
321 2887 449 2951 licentia
470 2887 595 2968 poetica
617 2886 794 2951 detractum
821 2904 893 2952 esse
915 2885 1125 2963 constituuut3
1159 2885 1245 2966 quod

124 2990 152 3055 si
174 2995 260 3056 certo
282 2994 455 3070 constaret,
488 2988 543 3053 illa
574 2988 616 3054 ad
642 2988 777 3054 alteram
799 2986 996 3054 abactionem
1023 2986 1245 3053 transferenda

217 3229 246 3296 *)
272 3231 349 3283 Ησαα
369 3228 569 3298 μσσσμσαμιιιιιπ
594 3236 618 3301 et
647 3245 713 3297 ροισι
739 3229 853 3298 requitur·
877 3226 953 3284 tertio
979 3236 1002 3283 et
1029 3246 1095 3300 ριιαι
1121 3229 1245 3283 orderedit

92 3304 232 3385 1ἀισσριια
254 3319 346 3385 paucio
371 3317 453 3369 verbio
478 3315 582 3368 maturio
605 3316 658 3368 iam
684 3333 754 3368 anno
772 3314 839 3371 1854
853 3335 944 3386 propr.
962 3316 1072 3370 XXIII
1087 3317 1152 3370 Mat.
1178 3317 1244 3369 eddo

119 3405 228 3472 prodiit5
247 3401 607 3470 daueipromdeimptrotioio
617 3398 1178 3471 παράσχεςιιιίσι.ιὶὶειισιαιίοπαιππεπιπισ
1187 3403 1242 3471 qoi-
1283 3464 1293 3471 ⁶

121 3491 179 3560 dem
195 3493 335 3560 amaseorum
351 3489 480 3553 habemur,
497 3506 559 3542 raam
575 3488 772 3558 proprummatr'o
788 3488 859 3541 illim
866 3491 1068 3558 paragaudem
1085 3490 1175 3543 abduc
1190 3508 1243 3543 uon

121 3579 203 3630 verbm
220 3578 280 3631 tolie
297 3576 430 3644 discrepat,
448 3575 643 3645 mepliamem
659 3583 773 3628 mireum
788 3576 866 3628 verba
882 3582 963 3642 matr,
979 3577 1138 3639 ,Couaonarn
1155 3583 1242 3629 autern

121 3680 176 3716 non
193 3680 224 3716 ex
243 3662 423 3731 pleonasmo·‘.
467 3663 511 3715 Ex
536 3663 582 3716 illo
606 3679 658 3714 παπ
676 3661 789 3714 alituum
804 3662 905 3715 videtur
924 3672 1038 3732 repetere
1058 3662 1131 3715 bace:
1159 3664 1243 3728 „Cum

121 3751 233 3802 Hesiodi
258 3751 389 3817 scriptura
416 3745 531 3819 [ἔπισχε]
559 3751 684 3813 convenit
700 3750 763 3803 Eur.
782 3750 849 3802 Ηεα.
869 3745 921 3805 aab
948 3738 1035 3803 nabod
1063 3745 1189 3818 πάρασχε
1215 3751 1243 3799 in

121 3838 251 3904 principio
271 3837 367 3889 senarii
385 3837 506 3901 iambici,
532 3838 604 3904 quod
622 3852 713 3889 omnm
731 3835 792 3888 libri
810 3837 934 3890 exhibent
951 3844 978 3890 ot
995 3837 1160 3890 commendat
1177 3837 1241 3887 iam·

121 3924 181 3988 bna,
199 3927 222 3976 ri
241 3924 345 3991 quidem
365 3923 451 3989 rigma
467 3923 564 3977 mobile
583 3925 674 3977 eodem
691 3925 750 3976 inre
767 3930 816 3989 eet,
832 3940 886 3992 quo
907 3925 1041 3976 literarum
1051 3922 1241 3988 opheloystioa·

120 4026 178 4061 rum
196 4011 288 4064 altera.
322 4009 354 4060 Iu
372 4008 505 4060 adverbiis
532 4011 635 4077 quidem
662 3994 822 4078 quantopere
848 4027 880 4062 aa
902 4011 1011 4062 vacillet
1036 4022 1117 4074 supra
1135 4005 1241 4056 demon·

122 4105 232 4150 atratum
250 4103 299 4159 eet,
318 4097 365 4149 sed
384 4094 551 4147 declinabilia
568 4103 720 4149 constanter
737 4099 775 4148 ita
791 4098 942 4148 scribuntur
960 4101 989 4146 ut
1006 4096 1132 4160 inprom:
1150 4084 1241 4162 μύρου

121 4187 247 4252 γέμουσι,
266 4176 371 4236 κᾶπειτ’
391 4180 477 4247 ἔλεξε,
506 4177 589 4234 οὐδὲν
606 4185 727 4251 πέφυκε,
753 4177 857 4240 τούτοις
875 4176 975 4245 ἅπασι,
998 4183 1054 4237 τοῖς
1076 4170 1241 4246 βαρβάροισι

121 4276 148 4322 at
164 4270 266 4322 infinita
283 4271 355 4323 talia
391 4271 427 4322 m
442 4271 471 4321 in
487 4268 716 4336 bophthemimeri:
734 4267 861 4336 μαθοῦσι
876 4262 1006 4333 λήθομαι,
1025 4264 1133 4317 τεκοῦσι
1150 4280 1241 4335 φραν-

121 4360 201 4420 ιίσαι,
219 4358 330 4424 γυναιξὶ
344 4350 402 4424 χᾶν
420 4356 478 4428 δέῃ.
498 4355 602 4426 ἔφασκε
620 4355 699 4408 τοῦτο
718 4353 799 4426 doda,
812 4355 924 4421 οιαιεῖχε
942 4350 973 4422 σῇ
990 4351 1042 4422 βοῇ
1060 4349 1126 4406 eto.“

172 4440 288 4491 Lobeek,
301 4441 386 4485 rimor,
401 4439 428 4480 ll.
624 4468 628 4481 ,
1016 4417 1056 4486 14
