2736 4778
180 351 229 425 46
546 342 864 414 DISSERTATIO
894 345 923 411 1.

180 532 278 621 alpha
303 542 379 598 ante
403 529 489 595 delta
514 530 651 616 aspirari
674 531 792 597 dicitur
816 555 846 597 v.
868 530 985 597 Lehrs.
1008 530 1051 597 ad
1069 527 1195 596 Heron
1217 528 1290 597 261.

180 633 393 721 Argutiarum
414 640 598 717 captatores
616 633 783 719 Apollinis
804 631 973 720 epitheton
994 626 1134 722 ἂφὴτωρ
1158 630 1220 698 hoc
1242 643 1293 699 est

180 732 306 825 dolare
335 735 402 799 sive
431 729 573 822 ἶαφέτης
603 734 804 822 interpretati
833 747 909 800 sunt
936 730 1156 824 ὗποφήτορα,
1190 734 1292 819 idque

180 838 330 926 cupidius
361 834 503 923 amplexi
535 834 710 923 scriptores
738 836 872 922 quidam
898 836 1061 901 finxerunt
1087 834 1222 901 nomina
1250 836 1290 902 ab

178 937 346 1024 Hesychio
369 936 534 1002 custodita
551 931 757 1025 Ἀφητοραία
776 935 931 1020 μαντεία,
953 933 1143 1025 Συμφήτωρ
1161 934 1290 1018 μάντις.

178 1041 301 1109 Verum
322 1040 392 1122 jam
419 1038 496 1103 satis
521 1048 659 1124 apparet
686 1050 809 1123 quanta
835 1038 878 1103 sit
904 1060 1025 1115 rerum,
1056 1059 1139 1122 quas
1166 1036 1201 1102 in
1227 1036 1290 1104 hoc

179 1140 311 1207 tractavi
336 1160 499 1217 sermone,
524 1139 702 1227 implicatio
728 1152 762 1205 et
782 1138 990 1206 cohaerentia
1011 1149 1044 1205 et
1065 1161 1132 1224 quo
1153 1140 1289 1206 consilio

179 1266 253 1310 cum
274 1240 373 1329 alpha
391 1241 603 1328 pleonastico,
626 1242 718 1326 cujus
740 1264 839 1308 cauea
854 1241 935 1306 haec
953 1241 1058 1306 omnis
1077 1240 1225 1307 instituta
1241 1255 1291 1308 est

178 1345 369 1433 disputatio,
385 1344 608 1429 conjunxerim
624 1343 847 1429 significabile.
876 1344 985 1427 Hujus
1000 1354 1065 1407 tres
1082 1355 1291 1408 numerantur

178 1449 315 1536 species,
333 1469 400 1511 una
421 1447 606 1533 copulativa
626 1468 693 1510 non
714 1444 759 1509 ita
773 1444 882 1511 multis
905 1455 1022 1510 testata
1037 1443 1194 1531 exemplis
1212 1467 1288 1531 par·

178 1550 235 1616 tim
259 1548 515 1636 compositorum
539 1558 576 1613 ut
601 1540 744 1625 ἄκοιτις,
771 1545 879 1626 ἅπας,
905 1547 1023 1635 partim
1047 1568 1289 1634 paragogomm

176 1663 214 1717 ut
228 1647 372 1736 ἁθρόος,
394 1646 537 1728 ἁπλόος,
558 1647 668 1728 ἅπαξ,
687 1648 788 1713 altera
808 1647 975 1726 intentive,
997 1670 1094 1734 qnam
1109 1648 1144 1713 in
1160 1648 1288 1715 dubita·

177 1754 298 1820 tionem
318 1751 442 1827 vocavi,
464 1750 559 1815 tertia
584 1750 741 1836 privativa
759 1751 826 1816 sive
846 1749 1034 1838 derogativa
1049 1752 1102 1836 ⁴⁸)
1125 1773 1208 1836 quae
1230 1773 1291 1839 per

178 1866 281 1922 totum
297 1853 497 1921 Graecorum
511 1874 693 1918 sermonem
709 1851 827 1916 diffusa
842 1862 900 1917 est.
944 1852 1021 1920 Jam
1037 1850 1087 1917 his
1102 1853 1289 1938 praemissis
1305 1904 1309 1915 .

176 1957 372 2044 reliquarum
391 1955 553 2022 vocalium
573 1953 720 2020 tractatio
743 1951 872 2020 brevior
893 1953 954 2019 erit
975 1962 1008 2019 et
1027 1951 1162 2018 facilior.

634 2205 747 2274 CAP.
777 2206 823 2274 11.
1062 2305 1095 2320 .-

366 2325 417 2398 De
439 2327 679 2423 prestiosior
703 2326 890 2422 oplroercsr‘
912 2328 1044 2400 coculis
1069 2353 1097 2402 a.

261 2495 286 2578 ξ.
315 2496 343 2558 1.
388 2491 586 2580 Apollonius
617 2492 658 2558 de
683 2493 784 2559 Pron.
810 2515 844 2582 p.
868 2493 918 2559 74.
947 2495 1074 2581 epsilon
1104 2492 1184 2558 dicit
1214 2503 1289 2558 ante

176 2594 306 2663 vocales
333 2616 432 2681 saepe
457 2593 641 2660 redundare
672 2591 797 2676 ἔειπεν,
826 2591 953 2677 iborea,
982 2593 1091 2663 tedio»
1109 2594 1177 2660 sed
1203 2616 1288 2660 nnn-

178 2721 274 2784 quam
294 2707 369 2762 ante
386 2718 566 2774 consonam
589 2692 723 2782 ἐδείχθη
743 2695 805 2783 γὰρ
825 2687 871 2773 ὡς
888 2691 925 2760 τὸ
948 2694 1045 2776 ἐχθές
1062 2693 1289 2781 ἐντελέστερόν

177 2798 247 2867 ἔστι
269 2802 330 2866 τοῦ
348 2798 431 2880 χθές
454 2796 511 2865 καί
532 2798 568 2864 τὸ
594 2796 703 2865 ἐθέλω
724 2799 783 2863 τοῦ
806 2795 907 2863 θέλω.
950 2794 1004 2861 De
1027 2794 1124 2878 ἐχθές
1144 2797 1289 2883 loquitur

177 2900 211 2965 in
229 2899 311 2966 libro
333 2900 374 2965 de
396 2899 481 2965 adv.
503 2897 566 2964 556
588 2921 637 2985 sq.
659 2896 716 2962 ubi
735 2895 947 2983 Tryphonem
969 2896 1014 2960 ait
1033 2896 1119 2962 idem
1141 2920 1287 2984 pronun-

178 3001 281 3066 ciasse
303 2998 402 3085 idque
424 3000 590 3068 confirmat
610 3008 781 3089 praetextu
803 2997 1019 3084 etymologiae
1041 2995 1108 3083 εἴγε
1130 2999 1226 3085 παρὰ
1248 3001 1285 3068 ιὰ

178 3096 272 3179 ἐκτὸς
298 3104 359 3169 τοῦ
384 3103 504 3189 χρόνου
532 3099 745 3171 πεπτωκέναι
767 3098 804 3167 τὰ
830 3095 1027 3184 κατάστημα
1050 3096 1288 3188 ἐσχημάτισται

179 3194 225 3280 ὡς
243 3197 343 3284 ἔχθος
357 3203 399 3283 ¹).
441 3202 582 3270 Duobus
605 3202 802 3289 argumentis
824 3201 924 3266 utitur
942 3199 1022 3266 ΕΜ.
1046 3222 1079 3288 p.
1090 3200 1164 3283 405,
1182 3202 1234 3269 23.
1255 3214 1288 3268 et

177 3435 284 3493 XVIII.
304 3437 362 3489 ⁴87.
386 3437 438 3490 sed
461 3435 543 3490 aliam
567 3437 603 3490 ob
629 3451 739 3490 musam
763 3432 792 3490 ri
815 3431 909 3499 ἅλυσις
932 3435 1073 3508 tonsum
1096 3440 1136 3500 εις
1156 3436 1286 3510 mmm·

179 3522 294 3580 Scilicet
318 3538 380 3576 cmn
400 3519 483 3592 alpha
505 3519 642 3592 privativo
666 3518 844 3590 conjunctum
867 3522 975 3594 putavit
998 3530 1030 3577 ut
1052 3522 1141 3579 multi.
1177 3525 1287 3582 Nomen

177 3605 277 3679 ‹llv'rne
304 3605 476 3675 latinumque
500 3605 588 3661 llotor
607 3603 709 3659 Graeci
726 3603 831 3676 pariter
847 3607 1066 3680 interpretantur
1084 3607 1287 3686 ῥαβδοφόρους,

178 3695 293 3752 Ilotorea
309 3699 402 3748 nutam
421 3708 438 3744 s
454 3689 569 3759 ligando
588 3686 654 3743 dicti
671 3697 813 3761 putentur,

229 3781 277 3849 ⁴8)
294 3778 359 3834 Hoc
375 3792 477 3831 noman
494 3774 743 3847 aLexicographis
761 3777 862 3832 nostris
880 3778 1039 3848 neglectum
1057 3779 1142 3835 sumai
1161 3781 1287 3839 seheri.

179 3868 220 3926 sio
236 3867 318 3931 11.5‚
339 3863 395 3917 139.
416 3862 489 3930 (208.
508 3859 633 3924 Puteoli.)
654 3861 758 3914 eodem
782 3867 968 3936 praepostero
1004 3863 1046 3919 Ia
1064 3866 1239 3936 deropausa
1258 3875 1288 3924 et

179 3946 319 4028 στερητική
341 3943 509 4020 improbus,
528 3943 680 4008 Indoctus,
697 3961 903 4016 nonnunquam
923 3951 1014 4003 ettam
1032 3950 1183 4022 adjectiva
1203 3971 1288 4024 προς,

178 4035 272 4108 θειιαὴ
288 4040 436 4112 impotens
454 4029 487 4085 nl
509 4037 553 4083 ert
570 4027 657 4082 calda
672 4035 784 4100 potens.
821 4032 879 4084 Sed
897 4032 966 4086 haec
989 4041 1032 4088 est
1055 4034 1181 4105 αὐξητικὴ
1204 4048 1236 4093 ut
1259 4038 1287 4094 in

178 4126 231 4181 Ed.
248 4126 331 4181 Febr.
347 4118 459 4193 legitur.

250 4212 278 4281 ¹)
293 4207 375 4280 Παρὰ
393 4204 422 4262 τὸ
441 4197 516 4263 ἐκτός
534 4201 655 4270 ἔχθομαι
672 4200 718 4250 καὶ
737 4198 820 4266 ἔχθος
837 4198 866 4251 τὸ
884 4193 1036 4270 ἀπόβλητον
1053 4207 1099 4258 καὶ
1117 4205 1193 4269 lertio
1207 4206 1288 4278 ἡμῶν

179 4296 245 4356 ΕΜ.
271 4297 371 4367 Aeque
390 4288 476 4347 futilis
496 4294 541 4343 eat
558 4279 709 4353 originatio
727 4278 793 4336 Sch.
804 4280 906 4338 Aaron
916 4283 1008 4342 Prom.
1021 4289 1063 4344 ³⁷.
1082 4289 1158 4363 παρὰ
1176 4291 1205 4349 τὸ
1223 4296 1288 4367 ἔχω.
