2736 4778
177 351 242 417 DE
264 346 534 417 PROSTHESI
555 347 616 412 ET
640 344 902 414 APHAERESI.
936 345 975 412 C.
991 348 1069 416 VII.
1124 351 1196 424 1⁰5

80 533 160 600 ΕΜ.
187 556 205 598 e
233 531 402 617 Pamphili
428 529 590 614 glossario
618 527 712 592 affert
738 529 920 615 Κμέλτθρα
946 525 977 595 oi
1008 527 1103 597 ὄόκοι
1134 530 1197 598 hoo

82 643 132 698 est
160 632 270 698 trabes
299 631 395 707 teeti,
426 648 512 713 quae
540 626 582 692 ab
610 626 683 691 aliis
705 627 864 713 μέλαθρα
887 641 1050 696 vocantur.
1095 632 1198 714 Quod

80 734 252 799 Diodorus
284 729 398 796 scribit
424 729 485 796 IV.
513 727 564 792 56.
591 724 633 791 ab
658 728 862 814 Argonautis
883 739 1015 815 portum
1036 735 1199 816 quendam

81 834 126 897 ad
146 833 299 898 Formias
326 829 441 895 Italiae
465 827 664 915 appellatum
685 849 759 893 esse
778 824 916 916 Αἰήτην
939 830 998 895 τὸν
1016 835 1073 897 νῦν
1094 830 1201 921 Καιή-

81 957 142 1020 την
169 927 510 1017 προςαγορτυόμενον,
540 928 576 993 id
600 950 643 992 ne
671 927 827 996 Straboni
855 929 989 1015 quidem
1011 933 1201 1018 persuaderi

83 1031 196 1117 potuit
217 1031 364 1115 quamvis
384 1030 428 1095 ad
448 1029 636 1151 hujusmodi
655 1029 833 1115 mangonio
857 1033 1082 1121 geographiae
1105 1033 1200 1099 iabu-

84 1132 178 1194 losae
199 1142 249 1194 sat
272 1129 415 1217 prodivi.
447 1129 551 1216 Παρὰ
580 1127 616 1194 τὸ
647 1124 788 1218 ἆρπάζω
816 1126 1010 1214 ἆοπάλιμος
1039 1135 1098 1200 καὶ
1119 1159 1201 1220 καρ-

85 1229 236 1312 πάλιμος
255 1232 456 1318 πλεονασμῷ
475 1235 539 1298 τοῦ
557 1258 576 1294 κ
591 1230 649 1297 καὶ
668 1235 729 1316 τῆς
743 1233 786 1297 αλ
800 1232 880 1297 ΕΜ.
896 1233 971 1312 492,
987 1235 1039 1299 27.
1069 1235 1197 1301 Anecd.

81 1330 159 1394 Par.
190 1330 230 1394 T.
261 1331 307 1396 Π.
335 1330 387 1395 26.
418 1353 504 1415 quae
533 1330 707 1416 originatio
738 1332 946 1397 confirmatur
974 1336 1200 1402 convenientia

81 1429 228 1496 adverbii
247 1432 340 1496 latini
365 1435 484 1514 raptim
504 1432 540 1495 id
562 1442 612 1497 est
633 1426 813 1517 ἁρπαλέως
832 1432 988 1519 verbique
1008 1455 1117 1519 corpo,
1140 1438 1201 1502 sed

82 1531 162 1616 quia
184 1527 378 1617 ἁρπάλιμος
399 1554 467 1597 non
492 1533 666 1618 reperitur,
695 1531 877 1617 prosthesis
899 1535 1032 1621 proprie
1055 1536 1119 1600 dici
1140 1560 1199 1602 ne-

81 1633 163 1717 quit.
210 1631 356 1719 Καπάνη
377 1632 558 1697 Thessalos
585 1654 764 1719 usurpasse
790 1655 850 1718 pro
872 1627 986 1723 ἀπήνη
1006 1635 1200 1703 Athenaeus

82 1733 211 1799 Comici
241 1732 427 1799 testimonio
457 1733 632 1821 approbat.
675 1733 741 1798 Hio
763 1743 871 1798 autern
892 1734 1034 1800 inseram
1054 1748 1200 1804 veterum

82 1834 289 1918 quorundam
311 1833 353 1898 de
374 1855 519 1900 oonaona
540 1832 683 1919 syllabae
707 1856 793 1919 quaa
812 1835 930 1900 dicitur
945 1838 1199 1925 reduplicativae

83 1935 291 2010 sententiam,
322 1934 382 1998 etsi
407 1957 475 2000 non
504 1934 548 1999 ad
573 1935 686 2021 kappa
713 1936 819 1999 solum
846 1938 1004 2022 pertinet:
1041 1941 1201 2036 κέκτημαι

83 2030 216 2119 λέγει(
198 2061 217 2099 ο
243 2032 514 2118 Hpuomogss)
542 2035 598 2100 ὅτι
629 2035 714 2099 κατὰ
737 2035 949 2116 πλεονασμὸν
968 2042 1028 2102 τοῦ
1053 2065 1072 2102 κ
1093 2035 1203 2104 αἰολι-

84 2142 165 2214 κῶς
194 2134 231 2202 τὸ
268 2136 331 2220 γὰρ
360 2134 473 2201 κοινὸν
501 2131 639 2217 ἔκτημαι
671 2131 756 2208 ἐστὶ
784 2133 842 2198 καὶ
868 2134 907 2199 τὸ
930 2133 1150 2220 πέπαυσο’
1132 2138 1201 2206 απὸ

83 2241 143 2303 τοῦ
163 2233 330 2319 ἔπταμαι
353 2233 397 2301 τὰ
420 2232 484 2316 γὰρ
507 2226 577 2296 ἀπὸ
608 2234 669 2297 τοῦ
698 2257 736 2296 κτ
762 2227 823 2297 οὐκ
847 2226 1199 2320 ἇναόιπλασιαζονται,

85 2331 164 2404 otor
192 2335 233 2402 τὰ
261 2328 332 2403 απὸ
363 2339 425 2401 τοῦ
453 2359 500 2402 m
520 2333 600 2399 ΕΜ.
622 2333 696 2411 501,
717 2329 814 2397 26.’
793 2332 863 2399 απὸ
883 2339 944 2401 τοῦ
966 2362 1041 2403 πτω
1063 2336 1200 2406 ἔπτωκα

85 2435 141 2502 καὶ
168 2437 370 2520 πλεονασμῷ
397 2434 560 2502 πέπτωκα
584 2433 662 2511 662,
682 2434 735 2498 37.
785 2432 855 2499 Sed
881 2432 1046 2501 πέπτωκα
1073 2448 1107 2499 et
1138 2439 1201 2506 πέ-

85 2560 218 2620 πταμαι
241 2535 396 2600 differunt
417 2558 437 2599 a
459 2536 617 2621 κέκτημαι
645 2555 686 2599 eo
709 2533 801 2618 quod
827 2554 1006 2598 consonam
1033 2558 1201 2621 nunquam

85 2637 252 2713 amittunt,
283 2636 359 2702 huio
382 2647 490 2701 autem
511 2633 623 2720 kappa
645 2656 713 2700 non
735 2656 794 2721 per
815 2634 1042 2722 pleonasmum
1064 2638 1201 2725 apposi-

84 2749 155 2801 tum
184 2738 244 2802 sed
271 2760 312 2802 ex
338 2734 437 2801 verbo
460 2736 534 2823 ipso
562 2734 713 2800 iteratum
735 2757 807 2801 esse
828 2734 863 2799 in
885 2737 1004 2802 scholis
1028 2739 1200 2806 Gramma·

84 2839 225 2902 ticorum
256 2838 475 2923 posteriorum
501 2857 561 2923 pro
589 2848 677 2902 oerto
707 2835 863 2902 obtinuit:
891 2838 931 2904 τὸ
955 2837 1122 2926 ἐκτῆσθαι
1144 2837 1202 2908 ἆτ-

82 2936 179 3004 τικόν
205 2938 274 3004 ἐστι
306 2938 363 3004 καὶ
397 2934 531 3004 iuranda
561 2931 817 3023 ἆπσβληθέντσς
847 2942 906 3004 τοῦ
933 2937 1116 3025 συμφώνου
1143 2948 1203 3027 τῆς

84 3031 258 3123 αὐξήσεως
286 3033 332 3117 ὡς
364 3039 402 3106 τὸ
432 3038 531 3122 τυρὸς
558 3035 795 3130 &wiron-ahos
823 3035 879 3100 καὶ
901 3031 986 3101 ἅλλα
1008 3039 1102 3103 Eust.
1129 3040 1201 3119 759,

85 3140 139 3203 42.
170 3135 410 3224 ἒβλαστηκότες
438 3132 594 3224 ἀποβολῇ
627 3137 687 3199 τσῦ
716 3135 842 3216 βΕΜ.
870 3135 952 3213 508,
981 3137 1034 3202 30.
1064 3161 1203 3223 quorum

85 3250 260 3324 utrumque
274 3238 484 3325 reprehendit
500 3233 753 3302 Choerobosous
770 3233 852 3300 Can.
870 3234 944 3314 549,
962 3237 1014 3303 35.
1031 3237 1070 3305 τὸ
1087 3239 1204 3325 ἕγλυμ-

85 3344 181 3424 μένοι
212 3340 269 3405 καὶ
296 3337 535 3425 ἑβλαονηκόττς
560 3331 647 3420 παρ’
677 3331 843 3403 Εὐπόλιδι
869 3336 1048 3424 παράλογοί
1076 3340 1146 3408 ἔστι
1170 3365 1201 3408 v.

86 3440 233 3506 Meinek.
250 3439 344 3506 Com.
361 3441 416 3504 Fr.
432 3439 472 3504 P.
491 3439 519 3504 I.
537 3438 598 3503 561
616 3458 665 3522 aq.
705 3437 774 3504 Sed
793 3437 882 3504 idem
902 3440 1024 3506 aoristo
1046 3444 1201 3524 secundo,

86 3542 165 3627 quia
185 3540 285 3627 vulgo
307 3564 375 3607 non
395 3538 595 3627 duplicatur,
625 3538 738 3625 kappa
765 3540 1022 3626 praepositivum
1050 3545 1127 3610 addi
1151 3547 1201 3611 di-

87 3652 183 3708 eunt:
210 3641 370 3709 ἐκάδοντσ
397 3641 453 3706 καὶ
477 3638 691 3728 προςελεύσσι
717 3645 776 3706 τοῦ
795 3628 820 3705 ἶ
840 3640 1019 3709 κεκάδοντο
1039 3643 1149 3731 Epim.
1172 3648 1201 3712 Ι.

86 3745 160 3809 244.
190 3742 268 3808 alibi
296 3763 373 3806 vero
400 3739 520 3806 reotins
541 3737 639 3820 κάμω
662 3741 719 3806 καί
741 3736 1045 3832 ἂναὸιπλασκασμῷ
1067 3744 1201 3828 κτκάμω

88 3842 134 3924 ὡς
155 3843 283 3926 λαλάχω
305 3843 335 3908 Ι.
357 3841 431 3908 243.
457 3840 499 3907 do
525 3862 591 3926 quo
619 3841 782 3926 posterius
812 3843 946 3908 dicetur.
989 3847 1065 3911 Hac
1095 3857 1204 3910 autem

158 4095 203 4162 17)
223 4096 254 4148 ἓν
271 4098 309 4163 τῷ
327 4099 390 4165 περὶ
409 4096 510 4148 παθῶν
527 4091 823 4158 suaseramus.
844 4094 962 4150 Aeolico
976 4091 1202 4167 πεπτερὺγωμαν,

87 4181 167 4251 quod
183 4178 231 4233 illa
248 4196 311 4233 curn
326 4183 465 4250 πέπναμαι
480 4180 598 4245 confert,
615 4177 703 4234 simile
723 4185 765 4231 est
778 4176 1031 4248 Ἀναπεπιοημένσι
1043 4199 1095 4250 pro
1108 4179 1204 4237 ciram.

87 4265 210 4335 Heryeh.
