2736 4778
428 1238 852 1384 annonarum

562 1492 690 1501 *ο

82 1625 315 1729 Quaestionem
335 1632 427 1723 nob'is
448 1659 642 1740 propositam
664 1659 874 1737 Quintilianus
895 1662 912 1728 1
934 1664 962 1729 5.
986 1664 1026 1729 17
1050 1665 1198 1730 extremis

80 1762 172 1826 lineis
200 1761 400 1826 adumbravit
432 1762 515 1826 inter
547 1762 627 1826 alias
660 1761 779 1830 formae
805 1766 952 1847 propriae
980 1767 1200 1833 derelictiones

80 1863 220 1929 referens
243 1864 485 1948 complexionem
508 1869 540 1929 et
555 1862 748 1951 diocoiopem,
772 1887 906 1949 quarum
917 1871 1046 1951 apponit
1057 1872 1217 1955 exempla

81 1968 195 2033 Latina
217 1967 377 2031 Phaethon
403 1967 592 2049 bisyllabum
625 1975 658 2032 et
683 1967 845 2053 Europai,
878 1971 1028 2053 additque
1061 1973 1146 2038 illam
1180 1993 1197 2037 a

83 2067 212 2135 Graecis
235 2066 439 2158 συναλοιφὴν
461 2069 626 2148 nominari,
647 2069 728 2137 hanc
744 2068 916 2157 διαίρεσιν.
952 2073 1112 2139 Diaeresis
1125 2076 1199 2153 sive,

82 2177 117 2236 ut
129 2172 182 2236 alii
194 2179 315 2254 vocant,
339 2173 467 2256 dialysis
486 2188 600 2254 nomen
620 2173 725 2238 inuno
737 2192 851 2256 genere
864 2173 1000 2240 defixum
1011 2176 1200 2258 minimeque

82 2274 262 2356 ambignum
284 2281 342 2356 est,
365 2275 422 2341 sed
444 2274 542 2338 hlrerc
558 2274 725 2340 admodum
739 2277 901 2360 soluteque
913 2285 1046 2361 vagatur
1055 2279 1199 2360 alterum,

83 2378 167 2458 quod
189 2377 398 2454 Quintilianus
422 2397 441 2442 a
464 2377 600 2442 daeresi
622 2377 699 2442 nihil
722 2378 881 2445 diversum
896 2381 1044 2446 habuisse
1060 2381 1199 2459 videtum

83 2480 226 2546 subtilior
254 2499 328 2546 vero
358 2482 535 2563 disputator
559 2477 797 2565 ¹Choeroboscus¹
817 2481 891 2546 Can.
914 2480 986 2547 846.
1010 2485 1029 2550 5
1058 2484 1199 2565 synaloe·
1277 2532 1279 2536 ⁷

81 2583 163 2664 phac
190 2589 341 2665 tanquam
363 2584 470 2666 generi
493 2583 647 2665 superiori
673 2588 795 2665 septem
817 2584 944 2649 subiicit
967 2586 1101 2667 species,
1135 2592 1201 2651 tres

83 2687 248 2768 simplices³
272 2686 432 2778 ἔκθλιψιν
454 2682 537 2770 (κατ’
563 2684 667 2770 ἐμοῦ),
689 2691 804 2774 κρᾶσιν
826 2682 990 2770 (τούμόν),
1014 2695 1202 2774 συιαίρεσιν

84 2791 193 2872 (παῖς.)
217 2827 252 2835 -
278 2796 414 2870 quatuor
436 2783 636 2869 coniunctae,
666 2788 828 2871 ἔκθλιψιν
856 2790 910 2854 καὶ
934 2794 1051 2876 κρᾶσιν
1072 2787 1199 2876 (κάγώ),
1309 2880 1311 2884 ³

84 2890 243 2978 ἔκθλιψιν
277 2892 332 2958 καὶ
356 2915 386 2958 σι
397 2891 544 2978 ναῖρεσιν
566 2887 834 2976 (ἐμοῦποδὺιει),
868 2897 986 2981 κρᾶσιν
1013 2891 1068 2958 καὶ
1090 2897 1201 2958 unvai·

84 3017 175 3080 (ιεσιιι
197 2989 231 3077 (ὁ
255 2990 408 3074 αἰπόλος,
432 2990 592 3082 ᾦπόλος),
618 2994 777 3080 ἔκθλιψιν
800 2994 855 3060 καὶ
877 2998 994 3080 κρᾶσιν
1016 2992 1070 3059 καὶ
1088 2993 1202 3059 συναί-

84 3122 174 3183 poco
208 3091 382 3184 (ᾡπόλοι),
421 3097 534 3179 quibus
567 3097 658 3178 paria
690 3096 837 3178 leguntur
876 3096 908 3159 in
943 3095 1074 3177 losephi
1105 3096 1202 3161 Rhac.

86 3199 219 3282 Synopsi
246 3218 278 3275 a,
296 3199 404 3265 XVIII
425 3199 489 3266 567
518 3199 552 3266 T.
575 3199 624 3264 111
651 3199 699 3265 ed.
721 3198 838 3278 Wala,
871 3197 1064 3279 Moschopul.
1088 3198 1202 3281 Opusc.

85 3322 114 3384 p.
138 3300 180 3368 30
202 3303 250 3368 ed.
273 3302 362 3380 Tita,
383 3302 520 3384 Epimer.
544 3302 646 3369 cram.
670 3301 704 3367 T.
727 3301 837 3380 1371,
861 3301 956 3366 schol.
980 3301 1106 3383 Dionys.
1130 3299 1203 3380 697,

85 3406 179 3481 Exco.
200 3405 300 3485 Paris.
333 3412 406 3487 post
429 3405 559 3488 drogon.
582 3404 669 3486 678„
688 3404 790 3470 ¹Drac.
816 3403 876 3469 157
900 3422 961 3485 sq„
994 3403 1076 3476 Mar.⁴
1097 3403 1203 3468 Victo-

85 3508 211 3575 rinusI
239 3509 281 3574 20
306 3526 337 3590 p.
359 3507 402 3572 88
431 3508 481 3573 ed.
512 3506 660 3575 Gaisford
680 3513 747 3577 etc.
802 3506 892 3571 Hanc
925 3506 1204 3588 praescriptionem

86 3629 222 3693 sequens
244 3610 454 3694 synaloephae
475 3611 601 3676 nomine
627 3628 690 3674 non
719 3610 759 3675 de
781 3628 844 3684 una
865 3609 972 3691 aliqua
993 3608 1106 3674 harum
1129 3606 1203 3674 affe·

86 3715 225 3781 ctionum
246 3721 328 3794 utar,
352 3715 409 3780 sed
426 3700 601 3796 generatim
622 3713 663 3778 dc
684 3712 838 3793 omnibus,
861 3712 1001 3795 singulas
1014 3717 1120 3777 autem
1133 3729 1204 3793 pro·

86 3817 164 3898 priis
187 3817 359 3900 designabo
380 3817 566 3885 nominibus.
610 3814 677 3882 Nec
698 3822 805 3882 amen
832 3834 941 3883 omnes
965 3814 1130 3882 scribendo
1152 3831 1205 3878 ex-

87 3937 211 4001 sequar,
235 3921 363 3985 sedeas
380 3920 481 4000 modo,
504 3919 753 4001 quibusvoooles
766 3918 1003 3984 eiusdemvocis
1016 3921 1159 3982 coartant
1200 3967 1207 3981 .

89 4019 261 4087 Omittetur
283 4023 379 4106 igitur
400 4023 537 4104 primum
560 4022 662 4102 elisio,
691 4029 759 4087 tum
782 4040 835 4102 ea,
870 4039 933 4103 qua
954 4019 1071 4085 vocalis
1093 4018 1207 4101 prioris

88 4124 230 4190 vocabuli
254 4125 449 4209 opprimitur,
472 4119 552 4191 τόδ’
575 4123 677 4202 ἐστι’,
700 4128 768 4190 tum
791 4123 905 4202 altera,
928 4140 1009 4203 quae
1030 4115 1123 4186 hodie
1145 4139 1206 4186 non
1333 4130 1335 4134 “

89 4227 285 4294 incommode
306 4227 475 4310 prodelisio
499 4226 621 4307 dicitur,
645 4233 723 4295 ποῦ
742 4222 836 4307 'ortt
861 4223 980 4305 doo'ot,
1004 4242 1138 4306 quarum
1153 4223 1207 4290 illa

91 4330 282 4410 apostropho
304 4332 454 4412 signatur,
477 4331 555 4395 haec
577 4328 739 4408 coronide;
775 4329 887 4394 deinde
910 4345 1026 4477 omncs⁸
1041 4326 1206 4408 synthctae
