2736 4778
209 307 273 373 nn
295 301 565 403 Pnosrimm
586 299 649 365 nr
671 301 935 372 mannase
968 300 1098 370 οισι.
1154 302 1226 377 ιιι

104 492 206 559 ,ΡιιιιΙί
232 487 394 577 apostoli,
423 483 515 568 quod
535 476 706 549 εὗόυνασεῖ
733 481 798 547 dici
821 484 974 568 oportuit.
1017 485 1068 549 Ea
1093 484 1224 550 demum

107 589 299 679 aphaeresis
323 585 389 650 dici
411 582 533 669 poterit
540 605 549 657 ;
571 580 631 644 sed
652 579 749 644 codd
770 580 893 649 variant
912 584 1059 664 δικαιοῖ,
1081 587 1222 662 δυνατεῖ,

107 692 261 760 δύναται.
312 686 408 751 Idem
436 703 512 748 vero
539 678 729 746 adverbium
756 680 991 747 versificatores
1019 696 1225 770 praeponunt

107 814 178 856 non
204 800 270 852 tam
291 785 334 849 ad
349 783 529 867 juvandum
551 780 749 847 intellectum
771 803 871 865 quam
893 783 1063 868 explendis
1084 788 1224 853 numeris

109 902 149 955 ut
174 883 388 973 εὕρναμπτος
412 881 560 967 μάκελλα
586 903 647 967 pro
674 881 816 968 simplici
842 878 998 971 γναμπτή
1025 905 1056 948 ν.
1076 885 1224 953 Wemik

109 991 157 1054 ad
178 985 305 1072 Tryph.
332 1006 362 1048 v.
383 982 455 1048 205.
481 982 532 1048 vel
560 983 656 1048 etiam
682 982 760 1066 quia
787 983 829 1048 ad
856 983 1095 1051 formationem
1111 1008 1224 1057 neees-

114 1090 237 1153 sarium
255 1096 304 1152 eet
320 1096 356 1150 ut
373 1077 511 1171 ar’ippvoc
531 1078 636 1169 κόροι]
651 1083 754 1148 Anth.
765 1082 854 1152 XIV
855 1132 864 1150 .
878 1085 948 1152 149.
969 1085 1005 1149 id
1024 1095 1074 1151 est
1094 1088 1224 1178 κεφαλὴ

114 1185 247 1274 ἀρνεία,
280 1181 425 1263 εἷῖιππος
456 1177 538 1262 ὄνυξ
568 1204 629 1269 pro
662 1181 802 1263 ἵππειος
833 1185 942 1251 Nonn.
968 1186 1122 1255 XXVII.
1152 1189 1224 1257 188.

112 1282 259 1374 εὔθηρος
281 1281 379 1371 ἇοιδή
402 1284 552 1371 Oppian.
576 1282 660 1368 Cyn.
682 1283 710 1347 I.
729 1284 782 1348 46.
813 1307 896 1370 quae
923 1288 1033 1374 paullo
1059 1300 1137 1376 post
1164 1313 1223 1358 vo·

107 1397 201 1453 catur
215 1382 355 1474 θήρειος
373 1380 473 1472 ἀοιδή
489 1385 536 1450 11.
548 1384 600 1448 58.
618 1378 787 1463 εὐκαμπὲς
803 1387 969 1470 δρέπανον
984 1390 1084 1454 Ηοιιι.
1097 1405 1157 1458 ete.
1168 1394 1221 1478 13)

108 1488 200 1572 quod
233 1497 373 1573 apparet
404 1486 514 1558 etiam⁴
533 1486 568 1550 in
599 1480 769 1569 disjunctis
798 1486 894 1574 φέρει
922 1487 980 1555 τὸν
1010 1481 1171 1577 εὔπτερον
1200 1489 1223 1559 ἁ

106 1585 296 1673 πτερόεσσα
326 1584 429 1651 Anth.
452 1585 516 1650 IX.
545 1586 617 1650 122.
666 1584 842 1650 Nominum
872 1587 1096 1672 propriorum,
1126 1612 1222 1677 prae·

107 1688 219 1753 sertim
246 1686 510 1774 peregrinorum,
543 1685 659 1771 regula
686 1685 798 1751 deest:
824 1680 1002 1770 Ἀσσύριος
1032 1699 1065 1753 et
1091 1687 1222 1778 Σύριος,

107 1787 200 1872 quod
220 1787 268 1851 illi
289 1786 462 1872 postponit
483 1786 594 1852 Schol.
617 1785 661 1851 ad
681 1786 907 1853 Hor.0d.11.
927 1789 976 1866 11,
996 1789 1023 1853 1.
1041 1810 1121 1874 quae
1137 1812 1223 1860 auno

107 1889 207 1971 Syria
227 1890 346 1954 dicitur
367 1890 443 1954 otim
464 1890 574 1954 addita
595 1888 717 1969 syllaba
728 1889 863 1970 Assyria
882 1893 1119 1956 nominabatur.
1148 1887 1221 1957 ’Λν-

105 1987 231 2073 τίσαρα
255 1985 402 2055 ἐπίνειον
424 1990 593 2074 Δαεηνῶν.
632 1982 842 2070 Ἡρωδιανὸς
857 1982 1055 2074 Ἀντισάρη·
1077 1987 1165 2067 τινὲς
1186 1989 1224 2056 δὲ

111 2089 241 2174 Τισάρη
267 2083 436 2173 γράφουσι
465 2085 581 2171 Steph.
603 2084 747 2149 Laconis
776 2106 896 2149 nomen
918 2085 1036 2164 Χίονις
1062 2086 1096 2150 in
1120 2088 1221 2155 Paus.

107 2189 173 2253 111.
196 2187 252 2264 14,
273 2189 305 2253 3.
332 2179 497 2270 Ἄγχιονις
518 2184 682 2262 scribitur,
710 2185 800 2269 quod
821 2185 968 2271 plerique
994 2187 1223 2274 corrigendum

108 2297 242 2373 putant,
270 2286 462 2354 Siebelisius
493 2285 639 2351 defendit
662 2297 798 2373 propter
822 2284 985 2352 licentiam
1007 2288 1084 2355 huic
1108 2292 1221 2377 generi

106 2410 308 2454 concessam.
342 2379 504 2472 Ἴσμαρος
525 2383 626 2466 πόλις
652 2383 801 2475 Θρᾴκης,
829 2378 852 2474 ἢ
874 2391 928 2455 νῦν
949 2387 1138 2472 Μαρώνεια
1161 2419 1221 2460 κα-

108 2491 216 2555 λεῖται
242 2490 325 2554 Hes.
351 2486 404 2552 oui
433 2487 644 2574 appellationi
672 2487 767 2572 quasi
796 2487 959 2573 praeludit
987 2512 1108 2556 nomen
1134 2494 1221 2578 regis

105 2589 257 2655 Maronis
280 2583 320 2666 ὃς
337 2580 496 2672 Ἴσμαρον
518 2580 740 2677 ἀμφιβεβήκει
766 2587 834 2654 Od.
856 2589 920 2653 IX.
945 2589 1016 2655 198.
1060 2593 1221 2660 Aescula-

109 2692 200 2777 pium
231 2689 411 2776 Lycophro
445 2688 537 2754 1054.
571 2681 700 2754 Ἤπιον
731 2688 908 2753 nominavit
940 2691 1171 2779 etymologiam
1202 2716 1223 2761 a

107 2791 338 2859 Grammaticis
355 2789 559 2855 decantatam
577 2809 728 2872 sequens.
764 2787 920 2873 Ignotum
942 2788 1136 2872 εεεὙάλιος
1156 2819 1221 2862 πο-

107 2890 244 2975 λεμικός
264 2891 320 2958 καὶ
335 2885 502 2968 Ἐνυάλιος
518 2888 611 2956 Suid.
655 2889 774 2956 Dicam
794 2910 881 2954 nunc
901 2889 942 2955 de
960 2891 1092 2974 syllabis
1113 2894 1220 2960 mobi-

104 2991 204 3067 libus,
227 3013 364 3074 quamm
382 2989 488 3076 prima
506 2990 600 3056 litera
622 3000 672 3055 est
693 3011 854 3064 consona,
877 2990 1026 3074 proxima
1046 2994 1177 3060 vocalis.

191 3090 293 3156 XIX
336 3089 393 3155 Ad
414 3089 495 3154 illud
516 3111 631 3175 genus,
653 3090 688 3151 in
707 3109 772 3172 quo
789 3085 928 3163 substiti,
949 3089 1111 3172 pertinent
1124 3091 1221 3158 haece

107 3197 217 3277 Γραῖα
247 3187 348 3269 πόλις
364 3186 533 3277 Ἐρετρίας
558 3184 738 3274 ἀφαιρέσει
759 3186 871 3271 μέμονε
896 3190 955 3273 τῆς
978 3183 1081 3276 ἀρχῆς
1105 3192 1220 3280 Steph.

107 3292 151 3355 de
172 3312 240 3375 quo
256 3288 405 3356 nonnihil
421 3286 635 3354 dissensionis
649 3285 751 3352 fuisse
767 3285 911 3352 ostendit
928 3286 1047 3354 Strabo
1065 3291 1129 3358 IX.
1145 3294 1220 3362 404.

107 3396 218 3475 Γραῖα
239 3387 345 3468 ιόπος
364 3384 524 3476 Ὠρωποῦ
544 3384 738 3474 πλησίον-
753 3386 841 3465 τινὲς
863 3388 900 3457 δὲ
919 3392 963 3476 τῇ
984 3389 1141 3482 Τανάγρᾳ
1161 3395 1222 3483 τὴν

105 3486 211 3577 αὐτήν
237 3513 341 3576 φασιν
366 3511 396 3554 ν.
418 3488 567 3576 Interpp.
589 3488 632 3555 ad
656 3487 761 3554 Thuc.
785 3487 832 3553 II.
855 3488 908 3565 23,
931 3491 962 3554 3.
998 3493 1222 3581 Μεμβλίαρος

104 3593 207 3676 νῆσος
236 3589 293 3657 καὶ
319 3587 405 3657 κατὰ
435 3583 617 3677 ἀφαίρεσιν
644 3588 792 3678 Βλίαρος
822 3588 938 3676 steph.
971 3613 1109 3677 quorum
1138 3597 1220 3664 illud

100 3839 102 3843 .
175 3790 220 3856 7³)
238 3788 348 3845 Eodem
369 3789 405 3842 de
425 3803 532 3859 genere
553 3792 597 3842 ast
615 3793 710 3862 κίρκος
727 3786 905 3862 φιλοκομνιὴς
924 3799 954 3846 et
973 3791 1144 3864 φιλόοοωιος
1161 3792 1220 3868 dap

103 3880 226 3928 mnam
239 3872 378 3946 crepitans
389 3871 476 3927 Antn.
487 3877 632 3947 ‹pllamar
642 3869 802 3947 (ὀμμάτων)
814 3879 893 3946 βέλος
904 3896 957 3949 pro
972 3877 1081 3952 οἰκτρόν
1095 3889 1125 3935 et
1138 3879 1221 3953 φιλό-

106 3958 234 4013 σπονδον
251 3960 326 4027 λίβος
347 3954 400 4030 pio
420 3960 572 4015 σπονδεῖον
591 3961 667 4032 apud
683 3959 853 4033 Aeschylum
877 3962 1218 4022 ai.Meinek..Del.184.

100 4039 319 4113 ’Λφιλοοιοὶχυος
335 4047 417 4113 πενίη
429 4043 516 4098 Andr.
530 4045 655 4099 abundat
671 4061 705 4101 ea
719 4054 799 4118 parte
817 4047 878 4102 sine
890 4064 947 4118 qua
958 4042 1137 4118 ἆφιλόδοξος,
1152 4048 1220 4124 ιἰφι-Ι

102 4124 227 4198 κόμαχος
243 4135 299 4182 etc.
321 4134 448 4183 muctare
465 4145 522 4184 non
540 4137 675 4201 possunt3
700 4131 806 4203 quippe
826 4132 893 4186 satis
911 4140 974 4187 erat
990 4128 1110 4203 ἄσταχυς
1128 4141 1219 4208 κρίσει

103 4212 261 4278 aestuata,
282 4213 333 4267 sed
351 4230 409 4268 non
426 4212 528 4270 dicitnr
546 4214 666 4287 itaquis
683 4214 758 4272 idem
775 4225 857 4272 sonat
873 4217 1086 4274 substantivum.

946 4304 1010 4372 10*
