2736 4778
126 348 167 419 ts
286 394 289 401 ·
503 346 782 416 nlssnnsnnlo
817 349 870 417 VI

125 511 288 593 eiusmodi,
309 512 364 579 ubi
384 513 558 585 necessitas
580 512 636 578 ills
655 531 719 579 non
741 512 917 580 intercedit
960 512 1065 594 Atque
1086 511 1150 578 huc
1172 529 1254 579 eum

124 632 325 698 progressum
352 633 423 681 esse
444 615 596 682 Lehrsius
618 615 715 682 sumit
740 633 800 697 pro
821 614 965 681 enclitico
987 615 1073 682 nott
1096 651 1133 664 -
1161 615 1254 685 ποαδ

126 718 223 785 tocie
244 717 439 785 substituens
462 713 545 803 οόιε
570 754 606 767 -
633 715 726 799 πότε,
748 735 829 800 quse
851 719 995 800 quaestio
1016 722 1106 784 tento
1116 717 1252 784 doctore

125 820 212 887 hund
233 819 327 885 dubie
349 820 479 902 dignior.
513 820 644 908 Adhuc
665 826 771 887 autom
792 820 995 887 indicendum
1016 820 1070 885 ille
1092 821 1174 886 dnus
1193 839 1252 887 ru·

126 923 228 989 tiones
249 921 399 989 habuisse
420 923 555 1003 videtur,
577 923 821 990 modulationem
842 922 1039 1006 rythmorum
1060 927 1094 989 et
1114 940 1251 990 cousen-

123 1025 247 1093 sionem
282 1025 424 1092 coIIcum
455 1024 620 1108 psrsdosis
653 1026 808 1093 scholinne
839 1030 964 1092 testem
1028 1026 1066 1092 In
1091 1025 1251 1109 pnincipio

7 1130 10 1135 “
126 1127 223 1210 igitur
233 1145 382 1194 versuum
403 1128 588 1195 divisionem
609 1128 770 1211 praesint,
792 1125 882 1216 ἔγγεϊ
898 1125 1046 1216 χαλκείῳ
1063 1147 1125 1195 non
1147 1129 1252 1195 semel

84 1291 87 1295 .
126 1231 244 1297 lectum
266 1231 323 1297 sed
345 1231 444 1297 octies
465 1248 536 1297 oum
558 1230 670 1298 eodem
691 1230 840 1314 epitheto,
862 1231 970 1298 etsliu
991 1249 1063 1298 cum
1076 1232 1158 1312 slis,
1180 1231 1251 1298 sive

129 1333 276 1417 spondeis
288 1333 491 1417 sequentibus
503 1330 807 1417 ἔλνεῖμοχθίζονια
817 1332 851 1399 Π
861 1333 934 1415 723,
945 1329 1100 1401 monesi
1115 1328 1250 1424 διλὴτῳ

127 1436 174 1504 IX
187 1436 216 1518 3,
239 1432 361 1531 κάλλεΐ
375 1463 411 1506 τε
433 1436 574 1521 στίλβων
594 1434 728 1518 111392,
751 1432 931 1504 κᾶλὶεῖκαὶ
944 1435 1070 1525 ἔργοισι
1082 1433 1250 1517 ΧΠῙδδῖ,

128 1541 195 1607 sive
216 1541 349 1625 dactylis
372 1533 469 1608 δονεῖ
488 1540 543 1608 καὶ
565 1547 706 1608 centenos
730 1539 790 1606 on
812 1538 891 1606 VIII
912 1538 992 1621 5253
1017 1540 1076 1606 sed
1096 1545 1172 1607 ante
1193 1559 1249 1607 vo-

128 1644 213 1711 cales
233 1645 362 1727 reliant
382 1643 538 1727 bisyllabn
550 1637 666 1731 ’Ἀργει
688 1643 725 1710 ἐν
745 1639 937 1729 ἱπποβότῳ,
959 1642 1077 1711 οιείνει
1102 1642 1136 1713 δν
1159 1638 1251 1711 nivo·

128 1745 229 1835 τόνῳ,
250 1747 353 1830 χείλει
375 1744 576 1837 ἐφεσταότες
597 1750 705 1830 spreta
726 1746 865 1827 elisione,
887 1747 938 1813 cui
959 1745 1113 1829 Didymus
1135 1744 1251 1812 suffra·

129 1855 222 1934 gutur
243 1850 281 1919 Il:
296 1851 358 1919 XX
379 1848 453 1932 259,
474 1850 529 1916 ubi
550 1850 644 1933 vulgo
665 1850 782 1933 legitur
803 1846 897 1919 σάκει
920 1840 1041 1939 ἤλασεν
1063 1846 1166 1934 ἔγχος,
1190 1849 1250 1916 sed

129 1953 183 2019 ille
205 1955 392 2042 διαιρετέον
412 1952 451 2018 νδ
474 1947 573 2020 σάκεϊ
592 1952 649 2021 καὶ
670 1948 771 2031 ἷανῶς
791 1951 830 2019 εδ
853 1946 956 2033 ἔλαδ,
979 1969 1061 2033 quse
1071 1952 1251 2018 Aristarchi

130 2056 288 2123 sententis
309 2054 407 2123 tuisse
428 2054 567 2139 putatur.
612 2055 796 2140 Synceresis
816 2054 1016 2121 Herodianus
1036 2072 1135 2120 unum
1156 2053 1252 2123 effert

129 2159 301 2242 specimen,
338 2160 423 2241 quod
454 2159 545 2226 tecile
578 2160 622 2227 αδ
642 2159 769 2226 solitum
796 2157 936 2224 revocari
957 2163 1252 2241 poteretoorrepts

130 2266 204 2329 ente
225 2262 265 2351 i}
286 2263 388 2329 vocali
408 2268 446 2328 nt
467 2260 578 2330 δνιινα
601 2265 735 2351 πρῶτον
757 2257 850 2348 ἴδηαι
873 2264 906 2325 et
917 2259 978 2340 uli,
1000 2259 1125 2327 silentio
1142 2266 1251 2327 numm

130 2364 324 2431 unusmissit
342 2363 435 2454 χήτει
457 2361 580 2433 τοιοῦδ’
603 2361 735 2453 ἀνδρός,
756 2363 841 2446 quod
862 2362 933 2428 edd.
947 2367 1023 2429 vett
1039 2362 1090 2428 bis
1100 2362 1252 2430 exhibent

131 2466 168 2533 Il.
190 2466 237 2533 VI
257 2464 321 2533 463
343 2474 377 2533 et
396 2467 475 2534 XIX
495 2467 568 2550 324,
592 2468 650 2534 sed
670 2485 753 2532 nunc
773 2466 899 2549 punctis
910 2465 1080 2531 discriticis
1097 2467 1250 2549 signatur.

130 2569 252 2636 Eadem
287 2569 400 2663 Wolfio
432 2577 604 2654 praeeunte
637 2568 836 2651 superposite
868 2573 944 2634 suut
974 2569 1092 2634 nomIni
1123 2571 1251 2653 proprio

131 2674 244 2759 Πηλέϊ
268 2665 307 2751 ὃς
329 2673 406 2760 περὶ
429 2678 502 2760 κῆρι
526 2673 632 2739 XXIV
655 2671 693 2738 61
725 2686 783 2754 pro
804 2674 925 2758 Πηλεῖ,
948 2671 1033 2753 quod
1053 2670 1252 2739 Hofmunnus

7 2813 11 2818 ·
88 2761 93 2765 ’
132 2777 259 2854 Queest
275 2774 367 2841 Hom
379 2775 420 2841 57
438 2775 520 2841 esst
533 2777 573 2842 de
584 2776 692 2841 exsili0
703 2775 870 2842 revocavit
905 2773 1104 2840 Simillimum
1115 2778 1255 2863 Παρδεῖ

133 2880 195 2970 γὰρ
218 2887 305 2968 τρεῖς
328 2881 447 2957 παῖδες
467 2879 544 2944 XIV
568 2878 628 2946 115
650 2896 742 2943 nemo
769 2877 802 2941 in
824 2877 1034 2958 suspicionem
1056 2878 1190 2944 adduxit
1218 2883 1253 2944 et

132 3002 172 3050 ex
192 2982 335 3066 professo
357 2987 466 3048 tuetur
487 2981 582 3048 schol.
605 2980 700 3047 Vict:
734 2977 840 3057 οδιιας
863 2976 1080 3064 δισυλλάβως.
1124 2980 1253 3064 Duplici

132 3087 312 3153 testimonio
334 3084 493 3152 firmatum
514 3092 564 3151 est
586 3078 667 3167 ὄψει
683 3078 714 3151 δ’
727 3075 795 3152 οὔτ’
810 3074 919 3168 cipum
931 3082 971 3149 οδ
982 3077 1052 3160 ἴδες
1067 3082 1103 3148 Il.
1115 3082 1176 3148 XX
1187 3082 1252 3149 205

134 3198 168 3258 et
189 3190 247 3257 Οδ.
258 3189 369 3256 XXIII
390 3187 441 3270 ss,
464 3189 548 3271 quod
569 3186 714 3254 convenit
735 3204 807 3252 cum
828 3182 932 3272 ὕβρει,
956 3179 1079 3273 ἀγύρει,
1105 3184 1252 3269 δυνάμει,

132 3297 190 3362 sed
217 3312 279 3360 non
306 3293 417 3358 endem
439 3293 628 3359 necessitate
656 3290 836 3356 devinctum
858 3293 915 3354 est
959 3287 1135 3372 Utramque
1156 3290 1254 3356 ratic-

134 3417 207 3465 nem
223 3396 351 3463 miscuit
370 3394 406 3459 II.
423 3393 515 3461 XVII
530 3391 594 3459 329
616 3390 729 3480 κδριει
741 3392 772 3476 *)
794 3417 831 3460 τε
848 3372 971 3462 Isso*
984 3417 1019 3460 τε
1038 3389 1256 3472 πεποιθότας

134 3498 257 3589 ἠνορέῃ
268 3524 304 3566 τε
316 3494 442 3582 πλήθεΐ
450 3522 486 3564 ιι
499 3496 658 3585 constipo),
665 3514 799 3577 qnorum
810 3514 908 3561 ιιιιιιιιι
919 3497 1033 3563 σθένεϊ
1041 3495 1254 3579 synaloephen

134 3621 196 3669 non
218 3600 288 3666 fert
333 3598 576 3667 controversum
596 3598 695 3666 hisso
715 3595 830 3683 μάντει
851 3594 1024 3682 εἰδόμενος
1045 3597 1125 3664 XIII
1141 3596 1183 3664 69
1205 3598 1254 3663 in·

135 3707 222 3773 dicct
231 3704 327 3770 schol.
339 3702 433 3769 Vict:
458 3697 498 3769 οὐ
520 3697 772 3790 commotioni
796 3696 915 3790 ἀΐδρεϊ,
938 3702 1022 3775 unde
1040 3702 1257 3784 cognoscimus

136 3828 210 3876 eum
230 3806 348 3892 μάντει
370 3800 557 3887 ἐειδόμενος
577 3803 694 3886 legIsse
727 3803 879 3871 inlibris.
933 3805 982 3871 De
1009 3804 1147 3873 secundo
1173 3803 1255 3887 pede

207 4084 237 4150 ⁴)
256 4086 299 4139 Sic
315 4087 344 4138 εἰι
360 4101 446 4148 mor..
468 4089 496 4135 ot
512 4082 542 4136 in
553 4098 644 4152 propr.
664 4080 761 4136 Condit.
781 4080 872 4137 Ρειιιι.
889 4099 961 4152 repo.
979 4079 1093 4136 XVIII
1105 4081 1168 4136 Ion.
1187 4079 1256 4135 185?

133 4188 163 4240 p.
182 4177 210 4226 t:
238 4176 291 4238 „st
308 4170 407 4239 πλήθει
424 4174 510 4239 Ipsum
528 4170 684 4224 dissolutum
700 4177 742 4224 ost
757 4171 789 4226 11.
803 4170 879 4223 XVII
893 4166 944 4224 329
962 4165 1058 4242 κάρτεΐ
1072 4197 1103 4207 -
1131 4164 1259 4235 πλὴδιὶ“,

61 4307 63 4310 .
137 4257 200 4310 uictu
226 4260 309 4328 Wotfi,
327 4259 419 4322 Diod„
436 4257 544 4323 ΒιΙιΙιεε,
562 4257 604 4324 (io
620 4256 660 4312 ed„
679 4257 709 4323 1)
726 4258 890 4326 ιοεόγιιειιιιί,
907 4256 948 4309 In'c
967 4257 996 4309 ιἰι
1013 4255 1053 4308 ιδ.
1072 4254 1112 4308 II
1124 4251 1215 4326 ιιιὶριιι
1234 4262 1259 4304 et

138 4340 247 4410 ιιλὴδιι.
784 4372 787 4377 -
