2736 4778
69 383 74 390 ·
131 349 196 417 ale
510 341 789 412 DISSERTATIO
806 341 895 409 vm

216 512 334 591 Trium,
356 529 439 594 quae
459 514 584 576 restant
603 508 759 575 vocalium
779 506 868 573 nulla
888 505 922 570 in
943 520 1109 585 apocopae
1120 501 1270 584 speciem

129 615 275 693 incurrit3
309 608 359 679 dn
392 611 546 700 πατέρων
579 611 740 678 Aeolicum
771 613 830 675 est
887 607 1070 693 Ptolemaeo
1106 605 1148 685 ἐξ
1184 599 1269 683 ἁλός

132 716 190 784 Od
212 715 260 782 XI
283 714 344 781 134
366 733 424 797 pro
446 713 511 794 ἔξω
533 709 616 793 ἁλός
638 713 812 796 accipienti,
832 706 872 777 ἵν’
895 701 918 798 ᾖ
941 708 1106 801 ἔκθλιψις
1140 710 1266 786 aad}

132 819 273 887 breviter
295 834 483 899 responsum
504 822 568 883 est:
591 810 651 883 οὐκ
674 808 853 899 ἀναγκαῖόν
875 811 954 879 ἐστι.
1152 837 1159 851 ·

595 1104 720 1189 (laput
740 1104 787 1171 IL
865 1079 869 1085 ¹

404 1230 460 1304 De
487 1251 653 1332 apocope
680 1229 963 1301 eonaonoatiam.
1031 1280 1038 1301 .
1123 1250 1129 1261 ·

197 1364 234 1450 ς
260 1363 285 1428 1.
330 1363 378 1427 De
399 1362 502 1428 tribue
519 1359 830 1441 consonisfinalibue
854 1354 935 1442 qu'ae
956 1361 1070 1426 iisdem
1093 1357 1260 1425 vocabulis

128 1467 222 1534 modo
244 1466 375 1545 adsunt,
408 1464 501 1530 modo
524 1463 652 1542 desunt,
685 1480 840 1545 persaepe
874 1462 1051 1541 dubitatur,
1085 1461 1259 1526 nativaene

129 1571 202 1649 aiut„
225 1587 267 1634 an
288 1568 483 1634 extuiueecns
505 1565 688 1648 applicatae
736 1564 833 1630 Ouios
867 1565 991 1647 generis
1024 1562 1128 1628 multa
1162 1580 1259 1645 supe

127 1671 352 1737 riorisermom
342 1650 580 1736 intextasunt:
593 1671 732 1733 τοσοῦτο
745 1669 906 1748 τοσοῦτοι,
920 1664 1002 1733 πάλι
1015 1658 1172 1745 πόλιῌ
1146 1686 1259 1752 amm,

129 1769 216 1839 οὕτω
240 1777 314 1851 ete;
337 1772 402 1838 alia
423 1772 465 1837 ad
486 1787 647 1853 apocopen
663 1769 822 1849 donatuli,
844 1770 961 1850 partim
983 1787 1022 1834 cx
1044 1766 1181 1834 arbituio
1204 1786 1258 1833 ve·

127 1879 248 1954 terum,
281 1874 399 1957 partim
420 1892 461 1939 ne
482 1873 567 1939 idem
599 1872 687 1939 locus
719 1872 933 1954 exemplorum
965 1871 1069 1953 specie
1103 1870 1258 1937 similium

128 1976 331 2043 multitudine
368 1976 461 2041 nimie
493 1976 695 2044 oneraretur.
766 1972 857 2051 Quod
894 1972 1132 2039 Choeroboaens
1181 1972 1259 2039 dicit

128 2078 203 2145 Gan.
226 2077 299 2144 561.
324 2076 363 2144 19
386 2083 420 2144 et
441 2077 513 2144 602.
535 2078 578 2143 20
600 2076 637 2142 ad
660 2080 688 2146 ἶ
710 2070 935 2164 decipientem
965 2074 1033 2142 ἐστι
1055 2076 1118 2141 τοῦ
1139 2076 1178 2147 ἔτ
1214 2068 1258 2161 ἢν

128 2175 389 2268 (1ηῆρχον)ἔα,
422 2178 591 2264 Ξέρξεα,
626 2172 741 2266 ᾔδεα,
764 2197 836 2245 mox
857 2179 1035 2244 accuratius
1058 2176 1257 2261 declarat}

128 2302 167 2350 ex
183 2282 350 2354 Ionicoii
372 2286 577 2362 contractum,
600 2281 659 2347 hoc
670 2286 777 2347 autem
799 2300 893 2364 exp
859 2280 1103 2347 'dissolutum
1125 2298 1203 2349 esse
1222 2287 1257 2348 ιιι

128 2381 338 2475 πεπότηνται
369 2381 585 2469 πεποτήαται
616 2382 760 2447 ΕΜ.-
797 2383 964 2450 Vocativos
999 2376 1195 2464 ὦ”Ατ1α,
1230 2364 1255 2451 ὦ

126 2488 267 2555 lineato
277 2482 322 2555 d
303 2513 324 2553 α
330 2513 353 2570 μ
362 2513 383 2553 α
396 2486 610 2553 Buttmannus
621 2502 752 2566 gramm.
765 2486 784 2569 ᾗ
795 2485 837 2551 45
849 2486 921 2552 αιιιι.
936 2485 963 2564 1,
975 2484 1089 2550 Matth.
1102 2484 1183 2569 574.
1196 2486 1255 2567 ab,

127 2590 244 2756 Mehlh
267 2590 284 2674 ᾗ
311 2587 367 2654 161
393 2588 436 2653 ad
457 2590 585 2653 tertiam
598 2587 837 2653 declinationem
859 2608 894 2653 re
895 2587 1009 2667 ierunt
1032 2587 1172 2669 quasi
1152 2589 1254 2655 ‘de-

187 2692 361 2772 umsit'.)
420 2688 532 2772 Neque
567 2690 622 2754 alit
609 2696 660 2754 ter
692 2690 811 2755 iudicat
843 2691 1022 2756 Priscianus
1046 2689 1092 2753 VI
1119 2690 1168 2756 10.
1193 2691 1254 2757 253

127 2696 205 2875 1702
226 2792 276 2873 Ρ.)
299 2789 455 2854 Homerus
478 2788 683 2873 Πουλυδάμα
707 2788 843 2855 dz'acit’
824 2792 895 2857 αιιὶ
929 2796 987 2857 τοῦ
1022 2794 1097 2857 Ποι
1095 2792 1254 2877 indeptae

127 2893 200 2976 (hoc
220 2910 314 2958 oeten
315 2894 364 2975 tu)
400 2905 428 2956 ct
460 2891 635 2957 Menander
667 2893 807 2976 (Fragm.
841 2894 926 2960 Com.
950 2894 984 2960 Τ.
1007 2894 1051 2958 [V
1077 2893 1154 2976 100)
1191 2899 1256 2962 παῖ

129 2994 219 3081 Apio
245 2997 319 3079 (scr.
341 2992 458 3082 Apio).
503 2996 707 3062 Haectamen
730 2998 799 3078 ipsa
821 3017 882 3063 non
905 2999 1014 3066 eodem
1025 2998 1093 3064 loco
1105 2996 1255 3065 habenda

127 3098 282 3162 videntur.
327 3097 453 3164 Etenim
477 3098 714 3165 Choeroboseus
736 3100 836 3165 tradit
865 3102 1025 3166 nominum
1059 3100 1275 3181 simplicium

126 3217 189 3263 non
212 3200 355 3279 quintum
378 3202 505 3266 demum
527 3219 634 3266 casum
658 3219 678 3265 a
700 3202 801 3281 poetis
824 3202 864 3267 ad
877 3203 1116 3269 declinationem
1138 3202 1253 3285 isoeyl·

127 3300 233 3366 labam
256 3303 391 3382 traduci,
415 3304 485 3383 sed,
509 3304 536 3366 si
558 3308 694 3368 metrum
716 3311 841 3385 poscat,
875 3306 1046 3371 secundum
1068 3322 1197 3385 quoque
1220 3309 1254 3371 et

126 3404 270 3469 tertium:
295 3407 366 3469 τοῦ
388 3403 483 3484 Βία,
518 3412 594 3471 eoa?
622 3403 722 3478 Θόα,
753 3406 819 3470 τὸν
846 3404 969 3485 Θόαν,
1004 3407 1072 3470 τὸν
1104 3402 1253 3489 Ai'av')

126 3505 201 3571 Can.
224 3504 274 3569 95.
320 3503 383 3570 Sed
406 3504 585 3572 Zenodotua
607 3525 703 3589 quum
725 3508 758 3572 in
779 3507 815 3572 Π.
838 3508 853 3572 1
875 3505 917 3573 86
939 3509 1024 3574 nullo
1046 3510 1140 3573 metri
1163 3528 1250 3576 emo-

126 3606 266 3672 lumento
288 3607 321 3671 in
344 3605 405 3671 sune
427 3605 601 3675 hexametri
623 3629 680 3692 pro
703 3606 840 3692 Κάλχαν
866 3615 1058 3692 supponeret
1091 3614 1124 3674 K
1129 3606 1250 3693 άλχα,

123 3794 165 3846 bie
187 3794 293 3846 exhibet
310 3795 366 3845 eod.
383 3795 445 3848 Per.
470 3796 499 3845 in
516 3796 650 3849 Damoeta.
677 3798 744 3851 Phil
762 3799 776 3850 1
795 3797 853 3851 110.
874 3794 917 3851 10
946 3794 1062 3868 [περιών
1085 3816 1110 3851 α.
1128 3800 1251 3853 Addam

124 3887 147 3931 et
164 3895 246 3947 capra
258 3897 288 3947 p.
305 3876 357 3949 01.)

197 3966 223 4020 ll
241 3967 310 4018 illud
330 3957 402 4016 Ario}
420 3965 491 4032 apud
508 3965 625 4019 arnaco·
643 3969 784 4033 scriptores
802 3969 899 4034 legione
917 3970 980 4021 mihi
996 3985 1050 4020 nou
1068 3969 1168 4023 videor.

192 4050 219 4112 2)
237 4051 298 4103 EM.
316 4047 376 4101 271.
394 4048 411 4099 5
429 4048 498 4106 Δίας
515 4049 562 4099 καὶ
574 4051 656 4108 Θείας
673 4046 720 4102 aad
739 4053 786 4104 τοῦ
805 4040 843 4105 r?
862 4056 1018 4118 κλίνονται,
1045 4049 1075 4105 al
1105 4055 1135 4107 dl
1165 4054 1251 4114 Θεΐας

126 4136 173 4185 καὶ
191 4135 273 4193 Actae
291 4127 483 4200 ισοσυὶλάβως.
519 4136 656 4201 Bicyllaba
669 4138 716 4189 illa
724 4138 861 4205 dupliciter
870 4141 1001 4193 declinata
1017 4156 1077 4191 ecee
1093 4140 1173 4193 facile
1192 4159 1252 4196 cre·

127 4219 225 4284 dimna3
242 4221 439 4287 trisyllaborum
447 4219 512 4272 lidae
520 4220 602 4272 nulla.
638 4223 703 4275 Cum
717 4225 827 4292 vulgato
836 4221 950 4293 Κάλχαν
959 4226 1123 4278 Aristonicus
1131 4227 1187 4279 Xlll
1196 4225 1250 4283 ‘m

124 4306 211 4357 minna
229 4314 290 4373 apta
307 4308 408 4358 contat
425 4294 447 4357 ὦ
468 4301 553 4370 Θόαν,
572 4298 646 4365 οὔτις
662 4303 739 4378 ἀνὴρ.
