2736 4778
216 362 283 434 DE
299 353 571 465 PauATHESI
588 354 650 424 ET
670 354 945 428 SCRLPTURA.
967 356 1006 428 C.
1019 356 1071 426 lll.
1090 360 1153 448 §.L
1177 365 1250 441 585

137 572 275 638 ουργσς,
307 538 520 629 τριιάλαινοι,
555 543 656 630 idque
681 570 748 612 non
771 539 906 633 propria
927 547 1165 632 significatione
1189 550 1248 616 sed

137 675 201 744 pro
230 645 390 739 partieula
417 644 569 732 epitatiea
587 644 633 713 'ao
663 671 706 715 ne
734 650 885 718 omnibus
922 651 1055 737 quidem
1082 652 1249 736 adjectivis

136 756 199 824 sed
219 750 395 842 praecipue
416 747 457 813 iis
480 771 563 834 quae
584 751 673 834 setin,
694 764 804 834 pratus
826 752 942 839 hisque
965 753 1126 818 contraria
1147 754 1249 840 signi-

135 856 253 935 lloant,
280 873 348 921 ιιοιι
379 873 456 919 vero
478 851 550 937 ιρις
572 847 678 939 σοφός
712 876 772 941 pro
797 855 885 921 πάνυ
910 851 1018 936 σοφός
1039 857 1143 942 etet)
1188 857 1250 922 llla

135 958 172 1027 in
191 957 280 1025 add.
307 951 544 1040 antiquioribus
574 953 765 1041 plerumque
791 955 924 1046 hyphen
955 956 1138 1025 scribuntur
1158 983 1247 1043 ιρις-

136 1055 372 1143 κακοδαίμων,
398 1056 568 1123 Porsonus
594 1079 670 1122 vero
704 1057 738 1122 in
769 1057 877 1125 Praei.
911 1060 994 1125 Hee.
1024 1084 1057 1149 p.
1086 1058 1247 1128 XXVlll.

133 1159 389 1248 disjunotionem
408 1157 512 1225 suasit
533 1157 659 1224 duabus
680 1182 760 1226 usus
790 1160 987 1240 rationibus,
1016 1185 1082 1228 una
1103 1162 1193 1250 quod
1215 1161 1249 1229 in

135 1263 228 1335 Oed.
256 1259 295 1329 C.
315 1261 390 1329 372.
419 1257 555 1349 elapsos
583 1266 655 1329 τοῖν
678 1260 889 1347 τριςαθλιόιν
921 1259 990 1348 ἔρις
1017 1259 1100 1353 κακή
1128 1287 1248 1333 nomen

131 1367 170 1433 in
191 1363 337 1433 seeundo
358 1362 496 1451 dipodia
518 1361 661 1450 positum
683 1384 835 1427 numeros
870 1376 1056 1453 corrumpat
1082 1366 1145 1433 nisi
1169 1367 1246 1432 diri·

131 1477 258 1545 matur,
286 1465 388 1532 altera
414 1463 504 1550 quod
533 1464 567 1528 in
597 1463 665 1529 Od.
687 1464 729 1530 V.
766 1464 841 1532 306.
872 1461 1091 1550 τριςμάκαρις
1115 1467 1248 1536 Δαναοὶ

131 1563 195 1637 ’καὶ
212 1562 408 1652 arroderet)
437 1574 470 1631 et
490 1564 593 1631 Arist.
614 1564 703 1631 Plnt.
728 1564 801 1641 851.
831 1556 858 1633 ὦ
882 1564 1168 1652 ιριςκακοιιαιίιιυν
1189 1566 1247 1635 καὶ

130 1665 287 1756 τετράκις
315 1664 372 1732 καὶ
403 1662 561 1744 πεντάκις
589 1666 742 1733 adverbia
772 1668 947 1755 separatim
974 1667 1126 1756 apposita
1158 1668 1245 1736 indi-

131 1770 222 1837 oinm
248 1768 369 1835 faciant
396 1767 493 1834 etiam
519 1765 591 1853 ιρις
616 1791 636 1832 a
664 1769 794 1859 nomine
824 1793 883 1835 suo
917 1770 1136 1859 separandum
1162 1793 1244 1839 ease.
1327 1774 1332 1783 '

131 1872 230 1939 Illam
253 1871 411 1937 rationem
434 1869 537 1935 elevat
558 1870 766 1936 Hermannus
787 1872 830 1937 ad
853 1872 957 1960 Soph.
977 1871 999 1937 l.
1023 1894 1050 1939 c.
1079 1873 1176 1959 hujus
1197 1872 1245 1938 vis

130 1973 334 2042 imminuitur
355 1996 394 2040 eo
417 1972 508 2060 quod
529 1973 684 2058 τετράκις
710 1988 743 2040 et
768 1996 851 2060 quae
884 1985 1063 2060 sequnntur
1091 1973 1245 2041 adverbia

130 2100 201 2145 non
212 2077 259 2143 ita
271 2087 308 2142 nt
326 2074 397 2164 ιρις
409 2074 544 2162 epitasis
555 2097 656 2141 eausa
666 2076 834 2160 adjectivis
845 2086 1090 2164 praeponuntur
1109 2077 1168 2143 sed
1181 2075 1243 2143 hoe

131 2177 386 2249 antecedentes
413 2175 520 2264 poetis
550 2178 749 2243 extrinsecus
780 2177 924 2265 appendi
943 2189 1083 2265 possunt
1106 2173 1244 2299 τριςιιρι-

130 2304 233 2367 παρις
260 2285 348 2400 νῆις,
376 2275 505 2366 ιρὶςιι
531 2273 632 2362 σ’λβια
661 2276 791 2364 κύματα
828 2283 925 2366 τῆνα,
963 2272 1156 2364 aerqutd'
1188 2273 1242 2347 εὖ·

130 2373 306 2467 ιιοιι”’μιον
282 2372 404 2464 ανομὸς
423 2379 525 2447 Anth.
543 2379 619 2447 Xll.
641 2380 693 2447 52.
716 2402 777 2446 nee
799 2380 897 2447 dubie
919 2379 1060 2447 sermoni
1082 2379 1242 2446 concitato

130 2483 286 2553 convenit
316 2484 405 2551 idem
432 2482 628 2570 subjungere
652 2482 775 2549 nomini
803 2483 953 2569 syntheto
976 2481 1117 2568 exempli
1145 2504 1244 2548 eausa

127 2580 373 2673 τριπάνοιργος
390 2583 446 2652 καὶ
462 2583 624 2670 τετράκις.
639 2622 672 2634 -·
698 2587 820 2666 Veram
840 2585 1008 2673 synthesin
1027 2584 1170 2652 excludit
1187 2606 1241 2650 ae·

129 2699 246 2756 centus
273 2710 341 2756 non
368 2697 476 2755 motus
504 2682 739 2772 ιριςμοικαρι),
768 2686 975 2775 ιριςοιζυρός
1002 2697 1035 2754 et
1060 2685 1240 2754 terminatio

128 2788 287 2857 feminina
307 2788 521 2877 ιριςασιιένη,
545 2784 751 2874 ιριςοιζυρολ·
774 2788 954 2877 parathesis
977 2801 1085 2858 utrum
1107 2799 1242 2858 aooentu

126 2968 463 2984 ff

199 3077 229 3146 ι)
246 3076 280 3131 In
297 3077 388 3149 Etym.
402 3077 478 3162 Gud...
495 3078 554 3143 535,
573 3077 614 3132 23.
633 3075 663 3132 ιὸ
681 3083 739 3152 ιρις
758 3044 959 3151 συνιιθιμενον
974 3073 1045 3154 μειιέ
1062 3099 1134 3141 τινος
1150 3078 1243 3153 {repar

127 3166 229 3227 λέξεως
245 3159 434 3232 ἀποβάλλει
408 3184 437 3218 ιο
456 3184 469 3219 ε
444 3150 556 3234 (sic)
570 3165 645 3218 ἐν
614 3185 644 3239 ιι
659 3159 832 3220 συνθέσει
802 3186 861 3221 σιον
876 3163 989 3240 ιριςόλρι
991 3187 1028 3234 ος,
1048 3170 1152 3248 ιριιμέι
1152 3182 1241 3235 ιισιος,

126 3246 274 3324 ιριῆμερος
292 3251 372 3304 deest
388 3250 548 3322 hujusmodi
561 3249 645 3321 quid:
666 3251 739 3304 ἐν
708 3271 738 3325 ιι
751 3256 881 3307 συνθέσει
895 3249 1081 3321 ἀποβάλλει
1056 3273 1085 3308 ιο
1098 3270 1116 3307 σ
1131 3248 1242 3327 apripe-

126 3354 187 3407 ρος,
206 3336 237 3390 ἓν
250 3335 279 3389 δι
293 3339 446 3407 παραθέσει
459 3333 597 3437 ιιυλιὶσσει
616 3333 762 3439 ιριςόλριρς
779 3342 970 3411 ιριιμέιιισιος.
1006 3340 1085 3394 llaec
1102 3342 1158 3395 dno
1172 3341 1241 3395 duas

127 3421 208 3476 lexas
227 3420 386 3487 continent,
408 3419 552 3494 ipsiusque
568 3442 635 3479 vero
655 3425 712 3480 duo
731 3418 839 3481 alama.
869 3425 902 3480 ln
920 3426 1062 3498 Theophr.
1080 3425 1118 3482 Η.
1139 3425 1182 3482 Pl.
1202 3426 1239 3482 Il.

126 3511 160 3573 l,
179 3509 205 3562 ι.
222 3502 422 3577 μιιιιριὶλλουσι
436 3506 504 3564 tratri
519 3507 565 3571 τὰς
581 3507 654 3582 ὥριος
665 3507 712 3566 διὰ
725 3509 788 3573 τοις
799 3509 921 3582 σπόρους
936 3510 1006 3586 πρὸς
1019 3509 1176 3585 κουιιὸινιιιι
1192 3515 1240 3568 aral

125 3592 263 3649 ἀλυπίαν·
281 3586 342 3648 οἷον
354 3587 404 3647 Isiu
416 3615 454 3655 ιις
466 3593 527 3656 roric
539 3591 653 3669 ὀρόβους
670 3597 797 3665 {aplanus
808 3604 917 3675 σπείρῃ,
935 3594 1091 3671 ιριςιὶλυποι
1105 3604 1238 3672 γίνονται,

126 3697 181 3752 pro
194 3680 250 3734 hoo
268 3677 362 3734 neseio
381 3696 417 3734 an
435 3676 616 3741 decendium
633 3681 718 3737 scribi
737 3684 850 3749 debeat,
869 3703 921 3757 pro
939 3683 1061 3741 ἀλυπίαν
1075 3704 1142 3742 vero
1162 3684 1241 3742 εὔλο-

126 3770 207 3820 πίαν.
239 3758 363 3820 Εὔλοποι
379 3765 434 3821 diei
447 3765 578 3821 videntur
595 3767 699 3822 cicerae
713 3786 831 3839 quorum
845 3770 951 3826 corium
969 3770 1026 3828 sive
1043 3772 1169 3828 tunicula
1186 3775 1238 3828 sub

126 3849 261 3906 dentibus
273 3850 356 3906 facile
371 3853 496 3918 solvitur,
509 3853 619 3926 qualem
631 3856 738 3909 habent
750 3855 856 3912 eiceres
867 3857 934 3913 albi.

196 3955 223 4020 7)
237 3952 284 4009 stc
302 3953 386 4010 etiam
405 3953 585 4029 ιριςμιὶιιαρες
599 3963 686 4013 κεῖνοι
704 3961 750 4013 aul
768 3957 890 4032 τετράκις
907 3961 1041 4034 seriptum
1061 3970 1122 4017 erat
1140 3961 1168 4016 in
1188 3961 1240 4033 Py·

123 4038 201 4094 thiae
213 4057 295 4094 versu
308 4039 389 4096 Paos.
404 4041 468 4097 Vll.
483 4045 507 4111 5,
529 4045 552 4098 1.
566 4045 616 4099 sed
628 4043 770 4101 novissimi
783 4046 905 4102 editores
917 4047 957 4103 sio
970 4056 1001 4104 ιιι
1013 4047 1142 4120 plerique
1156 4050 1238 4104 codd.

123 4128 183 4197 ιρις
192 4122 325 4200 μιῖιιιιρες.

193 4227 225 4296 8)
243 4229 275 4283 Ιιι
297 4228 405 4285 Gallim
424 4230 471 4284 Fr.
490 4230 566 4286 cxl.
586 4231 691 4289 editum
710 4243 754 4289 est
771 4239 922 4307 ιριςμιικιιρ
941 4234 1039 4290 sedin
1059 4236 1140 4292 Stob.
1160 4236 1236 4295 Flor.

123 4313 202 4371 LIX.
217 4313 333 4387 (LVII.)
354 4318 394 4369 11.
415 4335 442 4390 p.
457 4317 516 4371 377.
537 4320 611 4377 unde
624 4319 771 4396 Bentlejns
788 4323 843 4378 hoo
854 4319 959 4389 sumsit,
977 4319 1135 4401 ιριςμιὶιιιιρ.
