2736 4778
440 378 498 447 DE
520 377 722 455 APOGOPR
762 379 799 448 (i.
820 380 875 449 Vl
959 401 976 445 .’
1147 380 1209 448 302

544 625 668 711 Caput
698 627 758 696 vl

128 783 185 858 De
211 806 375 885 apocope
402 782 733 856 inchoamentorum
761 782 959 858 verbalium
985 782 1182 871 autiudica.
1212 756 1217 766 Ι

181 957 344 1040 Temporis
376 958 553 1040 praesentis
584 958 696 1024 modus
728 959 897 1040 primarius
930 959 1069 1042 syllabae
1101 957 1208 1024 finalis

94 1061 247 1126 iacturam
268 1061 382 1126 iecisse
405 1061 520 1126 dicitur
541 1061 574 1125 iu
595 1080 659 1126 una
679 1079 828 1143 persone,
851 1080 933 1143 quae
954 1062 1078 1127 numeri
1100 1061 1209 1142 singu·

94 1163 171 1228 laris
192 1164 288 1228 tertia
309 1167 367 1243 est
391 1164 477 1228 etin
499 1162 872 1230 unotantumverborum
884 1183 1008 1246 genere,
1031 1183 1093 1246 quo
1109 1163 1208 1229 verba

94 1265 127 1328 in
147 1266 181 1350 ᾗῇ
203 1265 414 1330 continentur:
444 1264 513 1332 ἔστι
545 1270 644 1353 χρῆμι
677 1264 757 1354 χρὴς
776 1270 874 1354 χρῆσι
896 1267 951 1332 ναὶ
975 1266 1058 1332 κατὰ
1082 1263 1211 1345 ἀπονο-

96 1367 162 1453 nipe
185 1366 307 1453 γίνεται
327 1371 401 1457 χρή
424 1363 679 1450 ὀξυτονοιῖμτνον
701 1368 853 1433 Choerob.
866 1366 938 1434 494.
950 1366 1000 1433 36.
1028 1366 1210 1434 Sententiae

95 1468 211 1534 fundus
232 1470 375 1535 omnibus
397 1476 491 1536 notus
513 1476 564 1535 est
573 1471 757 1551 Apollonius
769 1469 861 1554 (Adv.
873 1468 945 1534 543.
957 1469 987 1550 8,
1000 1469 1147 1552 Syntlll
1161 1470 1209 1535 15,

95 1570 174 1652 238)
209 1590 304 1636 unum
336 1571 409 1638 huic
435 1571 537 1637 simile
563 1570 698 1637 offerens
729 1568 776 1659 φή
809 1572 849 1638 ab
872 1573 1068 1637 Anacreonte
1091 1572 1209 1637 dictum

96 1674 244 1757 (Ahrens.
265 1673 339 1738 Dor.
352 1672 444 1757 295),
467 1673 551 1755 quod
571 1680 723 1754 quantum
757 1693 777 1739 a
799 1674 954 1739 communi
982 1692 1125 1739 sermone
1152 1674 1209 1739 ab·

95 1775 217 1854 horret,
252 1781 375 1840 tantum
408 1777 481 1841 hinc
502 1780 658 1841 remotum
685 1782 735 1841 est
759 1781 865 1863 χρῆοι.
909 1775 1021 1859 Neque
1043 1775 1209 1857 Apollonio

95 1876 222 1943 conlidit
244 1877 418 1942 Bredovins
440 1877 521 1942 Dial.
544 1877 619 1942 Her.
643 1875 715 1960 379,
738 1879 795 1944 sed
816 1880 922 1961 potius
943 1879 1150 1959 Buttmonm,
1173 1884 1210 1944 ut

92 1980 226 2059 videtur,
249 1981 430 2059 assentitur,
452 1980 506 2062 qui
526 1976 587 2067 χρή
609 1997 648 2045 ex
670 1981 786 2046 nsimto
807 1986 870 2070 χρῇ
893 1987 1002 2047 natum
1024 1999 1094 2047 esse
1116 1985 1211 2063 putot·

88 2087 251 2147 attenuato
274 2100 350 2146 sono
372 2087 560 2161 ottocento,
588 2082 768 2164 pariterque
799 2084 968 2165 syntheton
992 2080 1146 2169 ἀπόχρη
1170 2101 1209 2148 ex

90 2180 231 2273 ἀποχρῇ.
276 2182 325 2248 De
346 2183 406 2248 hoc
427 2185 562 2266 amplius
584 2201 641 2248 nos
653 2185 765 2249 edocet
777 2182 934 2249 Zenobins
948 2185 982 2249 in
997 2184 1068 2249 ΕΜ.
1081 2185 1151 2250 127.
1164 2185 1206 2249 57

89 2285 124 2351 τὸ
151 2283 214 2373 χρὴ
245 2287 336 2369 παρὰ
370 2291 437 2363 τοῖς
460 2288 618 2364 παλαιοῖς
638 2282 832 2374 Ἀθηναίοις
873 2285 925 2352 κατ’
951 2286 1209 2371 περισπωμένως

40 2427 43 2435 ·
90 2387 149 2454 σὺν
170 2392 216 2475 τῷ
239 2391 265 2457 ἶ
287 2384 447 2474 γράφεται
478 2424 514 2435 -
546 2387 639 2474 παρὰ
673 2387 710 2454 δὲ
738 2392 807 2466 τοῖς
831 2390 1000 2474 νεωτέροις
1026 2384 1207 2474 βαρύνεται

89 2490 145 2555 καὶ
166 2489 266 2577 χωρὶς
289 2494 358 2564 ,τοῦ
392 2486 620 2576 ἶγράφοται,
652 2493 753 2578 χρῆμι
789 2494 869 2577 χρῆς
905 2493 1003 2579 χρῆστ
1037 2491 1092 2556 καὶ
1119 2492 1202 2555 κατὰ

90 2586 270 2676 ἀποκοπὴν
292 2587 351 2677 χρή
375 2591 428 2658 καὶ
451 2591 486 2658 ἕν
508 2592 663 2658 συνθέσει
688 2587 826 2678 ἀπόχρη.
855 2590 953 2657 'Illum
976 2592 1147 2673 antiquam,
1171 2596 1209 2657 ut

89 2693 212 2772 dicitur,
235 2692 323 2757 verbi
345 2694 509 2774 compositi
531 2694 732 2775 scripturam,
760 2711 842 2773 quae
875 2712 947 2760 cnm
971 2689 1111 2781 ἆποομῇ
1134 2712 1208 2759 con-

89 2796 183 2875 venit,
206 2793 376 2859 Elmsleius
398 2794 439 2858 ad
460 2794 568 2876 Eurip.
591 2795 660 2877 lph.
683 2794 717 2858 T.
740 2793 803 2866 310
824 2802 888 2861 not
911 2815 930 2860 a
952 2794 1150 2860 Blomfieldio
1172 2795 1206 2859 in

89 2896 199 2978 Agant
227 2895 310 2961 1584
331 2896 514 2960 restitutum
535 2896 576 2959 iri
597 2895 753 2977 sperabat„
777 2897 834 2962 sed
855 2897 907 2962 hic
929 2899 998 2963 eius
1019 2916 1060 2963 ne
1072 2897 1206 2963 mentio-

89 3015 162 3062 nem
172 2994 512 3079 quaidemfecitfflidd),
525 2997 981 3077 nequememinitHermannus
996 2996 1119 3081 (1542).
1143 2997 1207 3062 Sed

40 3101 41 3104 ’
89 3099 186 3164 totius
208 3097 295 3163 verbi
322 3102 388 3161 tem
410 3096 581 3162 inordinati
602 3102 677 3162 sunt
698 3102 816 3177 motus,
849 3104 887 3163 ut
913 3099 1072 3164 consuetis
1100 3117 1205 3181 mom-

89 3200 276 3266 maticorum
308 3199 455 3264 remediis
479 3199 549 3263 sisti
562 3218 632 3277 non
659 3200 783 3281 possint
793 3199 834 3281 ²⁸).
849 3235 883 3247 -—
899 3200 1043 3265 Alterum
1066 3201 1207 3267 eiusdem

88 3302 200 3369 classis
222 3300 353 3366 verbum
386 3300 426 3365 ob
448 3299 586 3366 Hesiodo
609 3300 689 3383 Opp.
711 3299 775 3366 526
798 3301 996 3367 decurtatum
1025 3321 1096 3368 esse
1118 3302 1204 3369 affir-

88 3410 157 3471 mat
176 3403 248 3469 EM.
271 3387 344 3468 260.
366 3403 407 3466 57
442 3398 548 3480 οὕτως
581 3398 781 3488 ἀναγνώσεις
813 3399 858 3468 οὗ
893 3400 967 3490 γάρ
1003 3401 1040 3470 ot
1068 3399 1207 3488 ἠέλιος

89 3504 226 3573 δείκνυ
260 3502 385 3586 νομόν
409 3541 444 3552 --
480 3498 551 3570 αἰντὶ
585 3510 645 3570 τοῦ
672 3501 814 3571 δείκνυσι
838 3490 1008 3593 ἇποιιοπῇ.
1045 3503 1141 3573 Ὅσοι
1170 3508 1207 3575 δὲ

90 3604 270 3694 ἀνέγνωσαν
293 3604 401 3675 desumi
423 3607 496 3691 (hoc
516 3607 662 3690 accentu)
694 3604 894 3691 βουλόμενοι
927 3606 962 3674 da
992 3611 1050 3674 τοῦ
1080 3605 1208 3689 deexm‘g

89 3707 362 3798 παραλαμβάνειν
390 3708 474 3774 κατὰ
503 3703 679 3796 συστολὴν,
713 3705 877 3795 ἥμαρτον·
913 3705 1100 3776 ἀσύστατον
1133 3709 1205 3799 γάρ.

87 3813 130 3878 Hi
152 3814 258 3879 nescio
279 3811 356 3894 quid
377 3811 464 3876 allud
485 3811 579 3877 scribi
600 3810 758 3876 voluerint
779 3829 874 3893 qnam
887 3808 1028 3879 δεικνύει
1052 3818 1205 3895 correpta,

88 3917 173 3999 quod
194 3933 286 3982 nemo
297 3913 456 3994 concedet
478 3913 734 3995 antepenultima.
762 3912 974 3996 Goettlingius
1000 3915 1206 3981 adTheodos.

87 4038 118 4101 p.
141 4015 203 4084 249
225 4016 352 4083 Aeolica
372 4013 541 4098 muttum
563 4034 633 4082 esse
656 4021 800 4082 autumet
831 4021 869 4082 ut
895 4035 915 4080 a
938 4016 1068 4100 νέλαιμι
1093 4017 1206 4101 γέλως

158 4256 186 4324 *)
204 4259 286 4311 Λάιον
305 4259 373 4320 ,,Ριο
391 4253 440 4308 ἐὰν
454 4256 508 4328 χρῇ
527 4256 744 4324 emnehilde?
763 4259 853 4325 optimi
872 4256 1057 4325 quiqneoodd.
1076 4258 1204 4324 praebent

87 4341 150 4416 χρὴ,
168 4348 244 4414 quasi
260 4346 394 4398 immobile
412 4351 442 4397 ut
459 4339 508 4396 eir
526 4343 596 4396 dei.“
945 4411 1015 4481 ²0*
1090 4412 1099 4429 .
