2736 4778
168 332 242 410 550
278 379 280 382 <
516 323 837 400 DISSERTATIO
864 319 930 390 111.

169 512 320 604 ποκρήνη
350 518 404 583 sed
423 511 548 583 Ἵππου
579 509 680 602 κρήνη
710 514 818 579 dicunt
850 524 886 579 ut
911 512 1069 577 Hesiodus
1097 521 1126 576 ct
1153 510 1288 576 Aratus.

168 624 210 689 ln
237 621 361 686 Latinis
388 636 508 699 semper
537 617 734 683 scribendum
760 625 805 681 est
831 614 942 697 Htppu
963 632 1069 686 nens,
1100 611 1289 678 Menandru

172 723 282 795 Tacts,
311 720 498 785 Aleaandsu
519 715 706 800 Stephanus.
750 713 803 783 Sia
823 711 957 804 Μόψου
980 708 1073 778 ἑσιλα
1097 710 1217 778 Graeci
1240 715 1289 779 ds'-

169 833 261 896 cunt,
282 840 350 886 nan
370 814 597 908 Μοψοεσυόα,
619 815 730 894 Κυνὸς
751 818 841 902 σῆμα
864 834 930 880 nan
950 808 1150 901 Κυνόσημα,
1179 813 1291 891 Κυνός

111 966 113 973 -
169 917 317 1006 uspulai
337 939 404 985 non
425 916 665 1006 Κυνοιεφαλαί
691 929 720 984 et
744 919 832 1001 apud
859 913 1004 983 Solinum
1024 914 1122 981 Hels'u
1144 926 1291 997 trapeza.

167 1024 262 1087 Haec
295 1018 489 1086 scribentem
518 1013 675 1084 memoria
707 1017 828 1084 destuit
858 1016 1073 1081 multifariam.
1124 1015 1168 1080 In
1197 1016 1290 1082 Plin.

167 1125 210 1190 L.
231 1123 312 1191 XV.
333 1120 386 1187 39.
408 1120 494 1186 clare
513 1119 669 1206 scriptum
688 1131 739 1185 est
752 1123 921 1204 stephanus
935 1121 1124 1194 Alexandri,
1145 1118 1183 1184 in
1201 1119 1289 1186 duo·

169 1225 231 1291 bus
242 1221 344 1289 Nonii
356 1221 438 1287 locis
454 1243 480 1286 s.
492 1223 666 1288 dimissum
682 1232 715 1286 ct
731 1222 853 1288 Tunica
869 1244 903 1308 p.
924 1218 996 1284 196.
1014 1218 1047 1287 b.
1066 1219 1117 1286 ed.
1130 1219 1288 1288 Gerlach.

172 1327 201 1393 Τ
199 1328 268 1392 tais
304 1325 492 1398 Menandri,
524 1345 592 1388 non
621 1331 658 1389 ut
689 1322 868 1390 Salmasius
900 1331 1025 1399 narrat,
1062 1322 1115 1388 cui
1146 1322 1312 1402 tortasse*

168 1425 279 1514 graeci
297 1424 432 1512 genitivi
452 1425 634 1492 Menandsu
658 1434 691 1489 et
711 1425 908 1508 Apottoanu
934 1445 976 1490 ex
1007 1423 1196 1491 didascaliis
1220 1426 1289 1493 Te·

167 1528 264 1595 rentii
286 1525 515 1594 obhaescrunt.
560 1525 749 1611 Synthesis,
780 1547 880 1611 quam
903 1526 957 1591 ille
979 1549 1020 1592 ex
1039 1548 1149 1592 rerum
1171 1539 1290 1595 natura

168 1631 268 1708 tollit,
291 1627 442 1717 exempla
460 1637 535 1693 sunt
552 1623 787 1705 ἐλαιόκλαόος,
808 1623 1044 1716 νιτρόφυλλον,
1063 1626 1288 1717 συκόφυλλον,

167 1727 385 1820 θηριόδηγμα
408 1739 506 1815 atque
527 1727 592 1793 alia
611 1728 654 1793 ad
670 1727 749 1794 Phr.
765 1729 838 1795 304.
858 1739 1025 1815 congesta.
1041 1767 1083 1778 -
1099 1731 1289 1797 Accentum

169 1828 425 1917 compositorum
463 1828 585 1894 habent
624 1830 690 1896 duo
724 1831 840 1896 atticas
872 1829 1083 1896 declinationi
1118 1830 1288 1920 adscripta

167 1931 396 2017 Μινώταυρος
421 1930 510 1997 Plut.
524 1932 581 2026 ¹V.
611 1930 712 1998 Thes.
737 1932 817 2000 XV.
850 1932 953 2018 Gryll.
984 1955 1014 1999 a.
1036 1933 1100 1999 IX.
1125 1933 1287 2002 Philota.

168 2034 294 2119 lmagg.
316 2032 345 2097 I.
369 2032 419 2110 16,
444 2032 516 2098 787.
538 2031 596 2098 ubi
618 2033 695 2099 alim
715 2031 936 2116 Μινόυαυρος
960 2033 1145 2120 legebatur,
1179 2035 1286 2103 stall.

168 2135 249 2201 loco.
271 2157 301 2199 v.
321 2133 469 2200 Fischer.
491 2134 565 2200 Iud.
586 2134 745 2222 Palaeph.
769 2144 802 2199 et
821 2132 881 2213 τὰς
900 2132 1090 2222 Λεωκόρας
1108 2137 1286 2205 Demosth.

166 2235 258 2322 Epit.
281 2234 374 2300 1398.
404 2234 507 2303 Diod.
528 2234 646 2305 XVII.
670 2235 721 2301 15.
764 2233 851 2300 Illud
880 2233 1067 2302 dissolvitur
1094 2239 1286 2325 parenthesi

169 2331 188 2404 ὁ
209 2335 311 2403 Μίνω
338 2332 542 2420 καλούμενος
566 2340 690 2424 ταῦρος
714 2337 815 2404 Paua.
837 2337 902 2403 III.
924 2338 979 2416 18,
1004 2338 1034 2404 7.
1059 2339 1195 2406 alterius
1217 2341 1286 2407 dis·

162 2435 325 2525 junctioni
345 2437 524 2505 vellicatur
542 2450 694 2504 aocentus
714 2439 791 2505 olim
807 2438 958 2525 vulgatus
973 2440 1162 2525 Λεώκορας
1183 2443 1221 2509 id
1238 2453 1288 2510 eat

167 2541 251 2607 Λεὼ
283 2535 404 2625 κόρας,
439 2540 530 2625 quod
558 2541 800 2627 Wesselingius
834 2543 975 2628 praefert
1005 2541 1047 2606 ad
1074 2543 1179 2610 Diod.
1207 2545 1229 2611 l.
1258 2567 1286 2612 c.

169 2664 305 2727 eamque
328 2642 520 2728 scripturam
539 2642 631 2708 fulcit
646 2643 756 2731 Epim.
772 2644 800 2710 I.
816 2643 868 2708 59.
890 2640 922 2709 ολ
944 2644 1088 2710 παλαιοὶ
1109 2646 1208 2731 παρὰ
1227 2641 1286 2714 δύο

131 2758 137 2761 “
169 2743 275 2823 λέξεις
301 2742 555 2827 συνεζευγμένας
579 2740 662 2828 μίαν
687 2743 891 2832 παραγωγὴν
917 2748 1074 2811 ποιοῦσιν
1096 2736 1170 2813 οἷον
1192 2743 1286 2815 Nsa'-

168 2845 270 2922 πολις
287 2842 376 2929 (Νέα
393 2839 508 2927 πόλις)
527 2847 756 2935 Νεαπολίτης,
768 2840 904 2929 ’Ἄρειος
923 2847 1030 2931 πάγος
1041 2839 1288 2938 Ἀρεοπαγίσης

169 2946 246 3031 (scr.
268 2940 557 3034 Ἀρειοπαγίτης),
581 2946 794 3029 Λεωκόριον,
818 2944 1061 3035 Διοςπολίιης,
1088 2941 1286 3016 Ἐπιταινά-

168 3071 258 3135 ριος,
285 3045 343 3112 ubi
371 3045 541 3114 inferenda
564 3057 640 3113 sunt
662 3048 812 3135 exempla
833 3046 894 3114 όόο
920 3046 1180 3130 συνεζευγμένων
1201 3048 1286 3118 Asai

168 3147 326 3234 utioct‘),
350 3149 435 3226 Διὸς
452 3146 566 3228 πόλις,
590 3147 648 3216 ἐπὶ
669 3147 835 3236 Ταινάρῳ.
868 3147 932 3212 His
952 3170 1060 3213 rerum
1078 3151 1286 3236 propriarum

167 3251 353 3318 nominibus
381 3251 540 3316 accedunt
569 3251 651 3328 duo,
681 3272 765 3335 quae
792 3271 844 3315 res
873 3271 1060 3315 communes
1090 3251 1285 3338 significant,

169 3348 369 3440 λαγιόπυρος
395 3363 428 3417 st
454 3347 642 3430 stoicorum,
671 3351 752 3417 illud
778 3350 820 3416 ab
850 3349 1008 3417 herbariis
1035 3363 1193 3433 sumtum,
1222 3354 1287 3422 hoc

171 3477 190 3519 a
224 3453 386 3541 naupegis
424 3452 576 3539 idemque
613 3464 834 3540 opportunum
872 3453 1055 3518 diremtioni
1089 3449 1169 3532 νεώς
1203 3450 1286 3522 εἰσιν

171 3547 258 3622 οἶκοι
286 3556 388 3620 Paus.
411 3555 439 3620 1.
465 3556 500 3632 1,
523 3555 553 3620 2.
583 3564 615 3620 et
641 3555 699 3633 29,
726 3555 775 3621 16.
819 3555 1028 3639 Adjectivum
1055 3557 1288 3643 λεωσφὲυερος

169 3678 230 3721 nec
252 3657 383 3744 saepius
411 3679 509 3741 quam
535 3656 642 3722 semel
662 3657 782 3742 legitur
809 3679 869 3722 nec
896 3656 994 3722 habet
1022 3657 1075 3722 cui
1103 3656 1287 3744 comparari

170 3757 285 3846 possit.
331 3758 475 3826 Tantum
497 3758 538 3824 de
564 3758 715 3843 genitivis
736 3758 1022 3825 macrocatalectis.

169 3928 336 3944 ἡ·-

239 4032 267 4100 d)
289 4031 441 4103 Suspectus
460 4035 503 4083 est
520 4029 594 4084 Lens
613 4030 696 4082 heros
715 4025 810 4082 stilla
829 4028 864 4080 de
883 4027 994 4083 filiabus
1016 4027 1076 4099 ejus
1095 4027 1194 4082 fabula
1214 4027 1287 4083 sicut

171 4118 264 4172 omnia
284 4135 355 4189 quae
376 4119 412 4172 de
432 4116 606 4171 Graecorum
626 4111 767 4168 sacrificiis
787 4113 913 4167 humanis
933 4113 1046 4186 prodita
1063 4121 1137 4167 sunt.
1174 4114 1287 4170 Nomen

171 4203 329 4258 Leocorion
354 4203 400 4257 val
424 4201 545 4257 Leucori
571 4199 715 4272 cujusdam
741 4199 941 4257 monimentum
967 4202 1013 4255 vel
1034 4199 1145 4276 popult
1169 4205 1287 4257 curtam

171 4287 230 4343 sive
248 4287 340 4356 λόιιον
358 4287 473 4344 indicat.
