2736 4778
179 294 250 367 174
364 326 376 337 ·
544 285 864 354 DISSERTATIO
894 286 922 350 1.

176 471 329 561 ρόμενος,
359 481 490 558 praesto
517 481 567 536 est
595 468 720 546 thema,
748 469 837 535 unde
863 492 930 534 non
957 470 1064 534 solum
1089 465 1204 539 λόσκω
1233 470 1293 538 sed

177 576 274 642 etiam
292 570 394 650 λάλος
411 571 515 637 evolvi
533 570 649 658 possit,
668 584 701 635 et
717 592 738 635 a
755 568 857 650 λάλος
871 570 1013 637 vicissim
1027 571 1129 649 λαλῶ,
1149 570 1293 654 λαλάζω,

175 671 319 761 λαλαγή,
341 695 409 738 non
429 683 466 737 ut
488 670 597 739 Orion
618 670 699 737 dicit
719 694 753 756 p.
777 671 848 737 187.
871 683 904 737 et
925 670 1091 738 Choerob.
1113 671 1149 736 in
1168 672 1291 738 Psalm.

176 776 232 855 80,
252 776 305 842 35.
332 776 379 840 λῶ
395 772 494 854 ,κατὰ
527 766 843 853 ἇναδιπλασιοσμλν
872 773 974 838 λαλῶ.
1023 772 1094 837 Illis
1119 771 1292 839 verborum

175 876 361 944 biformium
381 873 539 962 exemplis
556 873 635 938 eddi
650 882 761 958 potest
776 871 914 938 latinum
933 873 1050 938 tinnire
1072 884 1105 938 et
1125 873 1292 943 tintinnire

177 979 245 1044 sive
266 976 451 1041 tintinnare.
496 974 599 1057 Quod
619 995 696 1039 vero
715 972 935 1040 Schneiderus
954 973 1067 1040 scribit
1087 974 1132 1040 ad
1151 975 1290 1044 Aristot.

176 1080 217 1145 Τ.
231 1079 296 1143 111.
316 1076 390 1142 382.
413 1078 547 1158 simplex
567 1077 630 1159 [ott
651 1073 740 1154 τλζο,
762 1077 958 1157 duplicatam
979 1074 1096 1157 νετίζω
1118 1089 1147 1143 et
1167 1076 1289 1160 σιτίζοι,

173 1183 258 1247 uode
278 1178 399 1260 τέττιγι
421 1196 535 1243 comeo
556 1178 635 1260 [uit.
661 1175 783 1241 idonea
806 1175 934 1241 ratione
958 1187 1057 1242 earet.
1099 1177 1187 1242 Nam
1208 1188 1246 1245 ut
1270 1203 1290 1245 a

174 1274 273 1345 πιπολ
297 1275 477 1342 derivatum
500 1286 550 1341 est
570 1276 738 1358 πιπίζειν,
769 1277 860 1360 quod
886 1278 979 1343 sliter
1004 1275 1134 1360 σπίζειν
1160 1278 1287 1360 dicitur,

175 1379 222 1445 sie
244 1402 263 1442 a
284 1373 369 1454 τιτίς
390 1375 605 1459 revideam„
624 1377 757 1442 nomina
773 1399 850 1443 vero
867 1377 942 1465 ipsa
961 1378 1157 1444 oricularum
1175 1381 1287 1467 primi·

174 1481 240 1545 tiva
260 1487 336 1544 sunt
356 1488 393 1543 ut
415 1473 545 1558 κόκκυξ,
565 1476 680 1556 κικκός
702 1477 769 1543 sive
795 1479 950 1566 κίκιῤῥος,
973 1479 1030 1563 qui
1052 1489 1085 1544 st
1102 1481 1288 1565 κοκκοβόος

176 1581 310 1658 dicitur,
341 1579 430 1645 ulula
456 1600 533 1643 vero
562 1577 704 1664 κικκάβο
731 1601 762 1644 v.
785 1577 908 1644 Coraes
939 1579 983 1643 ad
1004 1579 1151 1645 Xenoer.
1178 1605 1212 1668 p.
1236 1582 1286 1648 79.

174 1694 278 1747 turtur
313 1691 374 1746 etc.
407 1700 573 1762 unumque
605 1679 854 1765 quadrupedum
887 1678 1001 1766 Βηβήν
1036 1677 1074 1746 τὸ
1108 1680 1287 1765 πρόβατον.

175 1783 245 1850 Sed
263 1803 361 1867 saepo
379 1780 462 1844 haec
477 1778 678 1864 anadiplosis
694 1801 768 1844 cum
782 1779 983 1846 derivatione
993 1780 1153 1846 nascitur:
1177 1782 1286 1866 κράζω

174 1879 356 1968 κεκράκτης
379 1877 578 1965 κεκραγμός,
600 1878 682 1962 σίζω
705 1876 824 1959 σισμός
846 1891 879 1944 et
901 1881 1091 1962 σισιλισμὸς
1109 1881 1176 1947 sive
1199 1905 1287 1949 σισι·

173 1980 288 2069 λκγμός
318 1980 428 2048 schol.
461 1983 529 2049 od.
560 1983 625 2048 IX.
653 1981 727 2047 394.
756 1980 1042 2058 1166163617.
1069 1983 1161 2067 quod
1188 1983 1285 2048 simul

172 2082 371 2150 extrinsecus
395 2084 495 2150 crevit
512 2094 545 2149 et
565 2083 768 2148 intrinsecus.
805 2082 858 2145 Ita
879 2104 900 2145 a
914 2083 1008 2169 θρέω
1025 2083 1093 2149 sive
1111 2081 1205 2169 θρύον
1228 2106 1284 2149 su·

172 2207 263 2248 surro
286 2184 468 2270 profectum
489 2196 539 2249 est
561 2179 752 2271 τενθρηόών
781 2183 856 2268 (pro
887 2206 952 2267 quo
975 2181 1112 2271 θρηδών
1135 2184 1201 2250 dici
1221 2207 1284 2271 po·

172 2294 254 2349 terat
275 2296 312 2347 ut
334 2282 486 2369 πρηὸών)
518 2285 715 2368 mutatisque
742 2284 952 2350 antistoeehis
975 2282 1184 2370 περιρρηδών
1204 2286 1283 2353 Sch.

170 2384 244 2451 Nic.
262 2384 316 2449 Al.
341 2384 412 2449 182.
436 2396 469 2449 et
490 2407 531 2450 ex
549 2386 663 2449 eadem
682 2385 783 2470 stirpe
800 2390 916 2470 θροῦς,
938 2381 1092 2472 tuopte,
1113 2385 1285 2472 τονθρύζω

156 2471 315 2571 ‘etiluod
335 2485 406 2549 aliis
426 2485 528 2551 literis
549 2485 638 2550 idem
659 2485 823 2571 significat
842 2481 1030 2572 βομβρύζω.
1059 2484 1177 2550 Itema
1192 2489 1284 2573 φλέω

170 2585 266 2676 φλύω
295 2586 396 2652 bullio
425 2586 527 2653 bilbio
560 2610 680 2652 nomen
710 2585 894 2673 πομφόλνξ
924 2583 1030 2663 bulla,
1068 2587 1159 2671 quod
1189 2587 1285 2653 etiam

168 2684 331 2769 βομβολίς
354 2698 386 2750 et
408 2686 579 2772 βομβόλοξ
601 2686 760 2753 scribitur.
804 2686 942 2751 Homeri
969 2683 1104 2752 verbum
1125 2678 1285 2772 κάρκαιρε

170 2791 250 2870 γαῖα
273 2786 417 2853 πόδεσσι
439 2783 622 2871 ὀρνυμένων
644 2789 683 2853 Π.
705 2788 788 2853 ΧΧ.
812 2787 882 2851 157.
910 2787 1113 2854 Scholiastue
1134 2800 1190 2854 aut
1210 2811 1282 2855 mo·

169 2895 237 2950 tum
253 2896 357 2950 terrae
377 2887 559 2972 significare
580 2900 697 2975 putant
714 2901 769 2953 aut
787 2911 904 2953 sonum
920 2887 1137 2974 ἐκραδαίνετο
1155 2885 1282 2957 ἐσείετο

168 2983 308 3074 ἐψόφει.
351 2987 439 3054 lliud
460 2990 601 3077 praefert
621 2991 701 3055 ΕΜ.
726 2989 798 3067 716,
823 2990 852 3054 1.
881 2986 1010 3074 σκαίρω
1038 2986 1096 3054 καὶ
1123 2982 1280 3079 ἀποβολῇ

166 3085 273 3173 κοίρω
302 3088 360 3155 καὶ
385 3092 623 3178 διπλασιασμῷ
654 3088 837 3176 καρκοίρον.
893 3089 962 3156 Sed
994 3089 1074 3155 haec
1106 3088 1280 3174 originatio

167 3188 387 3267 subasburde‚
416 3191 586 3277 καρκαίρω
611 3192 745 3257 verbum
771 3191 912 3257 solidum
940 3201 990 3256 est
1018 3201 1051 3256 et
1077 3189 1281 3256 individuum

166 3299 202 3353 ut
224 3290 395 3375 yooyor'ow
422 3302 456 3356 et
479 3291 618 3357 fortasse
641 3293 788 3375 ejusdem
811 3291 1072 3378 significationis,
1099 3314 1197 3376 quem
1222 3313 1280 3355 ex-

164 3390 274 3476 primit
295 3391 515 3475 germanicum
535 3394 701 3457 ormnem.
744 3392 831 3456 Nam
859 3392 887 3456 si
918 3416 1035 3478 agmen
1060 3392 1198 3457 militum
1222 3414 1282 3479 per

164 3511 315 3576 campum
336 3492 510 3557 ordinatim
531 3491 669 3567 incedit,
697 3491 809 3557 oculos
836 3494 1052 3579 spectantium
1072 3493 1155 3559 nihil
1175 3492 1281 3580 magis

163 3587 238 3652 ferit
267 3612 364 3674 quam
392 3590 496 3657 crebri
526 3603 559 3656 et
587 3592 742 3660 micantes
775 3595 898 3682 pedum
928 3606 1035 3661 motus
1068 3595 1116 3661 sie
1146 3606 1184 3660 ut
1216 3595 1283 3660 dici

164 3688 272 3775 possit
296 3694 345 3757 die
367 3693 453 3758 Erde
477 3697 624 3762 wimmett
649 3716 712 3761 ooo
736 3697 885 3764 Foeasen.
931 3698 1008 3762 Hoc
1034 3695 1062 3760 si
1087 3707 1194 3761 retum
1221 3695 1281 3762 ha·

163 3789 289 3867 bemus,
313 3800 485 3878 utrumque
507 3795 640 3861 verbum
661 3818 730 3862 non
753 3799 797 3862 ad
818 3797 965 3863 auditum
986 3797 1129 3886 pertinet
1155 3796 1216 3864 sed
1237 3796 1282 3862 ad

233 4046 279 4112 39)
297 4044 435 4101 Incertior
453 4054 497 4100 est
514 4045 652 4118 scriptura
669 4044 790 4116 τιγὸνιον
809 4066 860 4118 pro
880 4046 1054 4119 τεττιγόνιον,
1076 4053 1151 4105 unde
1169 4050 1280 4105 Meine-

165 4123 227 4178 kin·
250 4132 444 4186 meretriculae
464 4149 566 4187 nomen
584 4135 705 4189 ,ductum
728 4132 887 4203 suspicatur
906 4133 1084 4208 Ἀλέξανδρος
1106 4138 1136 4191 ἐν
1158 4142 1281 4206 Τιγονίῳ

165 4209 289 4267 scribens
302 4216 365 4270 Vol.
380 4218 430 4272 IV.
445 4221 503 4271 554.
516 4237 568 4290 pro
582 4219 613 4275 tr
628 4224 734 4289 Τίγονν.
759 4216 857 4273 Tutius
872 4220 991 4276 forsitan
1004 4220 1091 4276 suerit
1103 4224 1134 4277 ἐν
1149 4215 1279 4294 Τρυγόνι.
