2736 4778
223 325 287 390 DE
308 320 581 390 PROSTHESI
600 319 663 385 ΕΤ
684 318 947 388 APHAERESI.
981 317 1021 386 C.
1037 321 1117 389 VII.
1168 326 1237 396 141

125 509 148 574 i.
173 531 203 575 e.
224 502 384 597 φραγμός
407 504 476 569 sive
498 499 689 586 περίβολος,
712 522 760 577 ac,
782 503 810 567 si
831 525 935 570 sermo
958 526 1094 592 graecus
1115 504 1159 571 ad
1179 526 1241 571 nos

125 609 331 697 pervenisset
362 612 454 669 totus
487 611 521 666 et
547 601 690 688 integer,
719 602 857 668 fortasse
883 605 980 669 etiam
1005 601 1157 692 λρχάζιιι
1182 607 1243 672 ali·

126 710 204 777 cubi
234 711 437 795 legeremus3
461 702 521 769 sed
548 724 633 789 opus
659 724 728 768 non
758 715 824 781 est,
850 724 929 768 nam
956 725 1054 791 saepo
1073 706 1187 772 literae
1206 707 1243 772 in

125 821 234 877 tractu
255 820 289 875 et
311 807 473 872 declinato
492 804 664 871 verborum
685 805 767 871 alias
789 805 952 872 accedunt
978 805 1058 870 elias
1080 808 1241 872 excidunt.

118 912 219 995 “lorea
241 909 280 976 cd
302 908 425 988 κτίσμα
444 905 526 971 Lex.
551 906 592 970 de
614 906 702 993 Spir.
724 907 799 972 230.
825 906 992 993 verbaque
1013 907 1093 993 ipsa,
1108 904 1191 988 ἵζειν
1212 918 1244 973 et

127 1011 261 1092 κτίζειν,
284 1007 345 1073 etsi
361 1006 555 1072 conveniunt
568 1007 602 1071 in
620 1007 859 1094 significatione
874 1007 964 1074 verbi
980 1005 1117 1093 ἱὸρύιιι,
1137 1017 1246 1072 tamen

133 1110 262 1174 diversa
288 1107 405 1174 habere
432 1108 585 1173 videntur
613 1109 792 1195 primordie
823 1111 868 1179 llo
891 1120 924 1176 et
945 1105 1044 1176 accito.
1080 1104 1246 1197 Ὑπομνή-

130 1232 215 1293 uvae
236 1209 323 1294 qnod
342 1208 377 1273 in
397 1208 437 1280 Π,
457 1208 579 1274 XXII.
605 1210 679 1275 491.
707 1211 805 1276 codd.
834 1211 923 1276 haud
950 1210 1047 1298 pauci
1073 1209 1244 1297 praebent,

126 1311 299 1397 ipsumque
327 1331 484 1397 praesens
512 1307 673 1397 Μιημύιι
710 1304 951 1396 σκυθρωπᾶζιι
979 1314 1062 1377 Hes.
1098 1311 1244 1377 ostendit

123 1411 299 1477 nonnullos
327 1409 429 1476 verbo
455 1407 552 1498 ἧμύω
583 1410 664 1475 duas
687 1411 912 1497 praetexuisse
930 1412 1038 1478 literas
1056 1401 1176 1497 ξιῖη).

208 1511 343 1580 XVIII.
387 1510 514 1577 Ultima
532 1511 682 1595 quaestio
706 1523 757 1576 est
787 1512 829 1577 de
851 1512 985 1598 syllabis
1005 1513 1171 1600 prosthesi
1191 1515 1243 1580 vel

124 1613 298 1701 aphaeresi
318 1611 483 1679 obnoxiis.
527 1612 596 1679 Sed
615 1613 651 1677 in
672 1612 736 1678 hoc
755 1635 889 1699 quoque
908 1615 1066 1680 sermonis
1083 1615 1242 1681 curriculo

125 1715 258 1802 saepius
288 1712 502 1779 haesitabimr
529 1713 698 1799 multaque
725 1713 768 1780 ob
799 1713 863 1780 hoc
884 1715 990 1781 solum
1012 1717 1186 1783 afferentur
1206 1729 1243 1783 ut

125 1815 253 1903 species
276 1814 468 1891 effectionis,
491 1836 589 1899 quam
610 1814 778 1899 objiciunt,
805 1838 944 1882 excussa
965 1830 1146 1884 evanescat
1180 1824 1243 1885 Βῖ·

124 1941 183 1982 ιιον
196 1913 333 2004 φιάλην,
348 1912 383 1982 οἱ
404 1914 441 1982 δὲ
459 1910 601 1998 ἅμβικον
611 1915 716 1981 Bekk.
728 1918 794 1983 An.
802 1916 876 1982 226.
889 1938 1028 2001 quorum
1042 1919 1123 1983 illud
1139 1920 1242 1984 multo

123 2015 326 2102 trequentins
355 2014 415 2080 sed
443 2025 633 2100 anetymon,
665 2010 810 2100 ἔμβικος
836 2026 869 2080 et
894 2011 999 2099 ὅμβιξ
1024 2020 1103 2082 obba
1130 2017 1241 2085 Gloss.

126 2116 259 2183 arabico
280 2118 416 2183 Alemtic
436 2115 575 2180 fortasse
596 2116 770 2203 propriora
791 2123 868 2179 sunt
888 2136 986 2199 qnam
1007 2117 1133 2202 graecis
1154 2114 1244 2208 ἔμβη

127 2228 162 2283 et
182 2210 298 2300 d'psson
313 2215 426 2293 umb0‚
450 2215 541 2300 quod
559 2215 671 2284 Schol.
688 2215 899 2281 11.1x.441.
921 2209 1122 2302 ἇναβαθμὸι
1141 2218 1243 2286 inter·

125 2328 281 2406 pretatur.
314 2311 525 2402 ’Ἇμβριιτιοι
546 2311 638 2396 ιλδος
659 2315 786 2400 ἐχίνων·
807 2313 1041 2404 Ἀριστοτέλης
1063 2319 1100 2385 δὲ
1121 2316 1244 2399 αὐτοὺς

124 2414 286 2504 floriacus
307 2418 395 2504 λέγει
415 2418 498 2482 Hes.
526 2439 665 2502 quorum
689 2417 784 2503 origo
808 2415 897 2482 latet
943 2411 1118 2504 ’Λγιιιιάρι
1143 2419 1244 2485 hodie

125 2520 245 2584 dicitur
265 2513 285 2605 ἡ
307 2515 501 2604 κινάραίθλ.
545 2517 630 2585 Cum
653 2525 759 2585 κοιιῖν
786 2528 819 2584 et
847 2513 1020 2604 ἆγκοιιᾷι,
1049 2539 1134 2602 quae
1163 2541 1242 2585 eno-

122 2619 192 2686 tavi
212 2619 248 2683 in
270 2615 397 2683 Techn.
421 2617 491 2684 153.
515 2619 691 2685 cohaerent
713 2613 867 2702 Ἀγιοιίς
894 2611 1064 2703 cloppem,
1094 2619 1245 2707 Κονηιαί

123 2717 338 2805 θεράποντες
358 2719 441 2783 Hes.
462 2720 543 2785 EM.
569 2731 601 2785 et
625 2720 764 2785 fortasse
797 2714 953 2796 διάκονος
990 2717 1058 2783 sive
1089 2715 1243 2805 διήκοιος

123 2819 225 2907 alpha
252 2818 415 2905 producto
443 2829 482 2884 ut
506 2818 675 2908 κατηβιιλή
704 2831 738 2886 et
767 2814 941 2904 διαβολιά,
976 2819 1068 2904 quod
1094 2822 1243 2886 nonnulli

124 2921 297 3005 ὄιαιβολία
318 2919 472 2986 scribunt.
509 2919 663 3006 Θρύσιιον
678 2915 795 3006 drosos
812 2915 954 2999 λάχανον
969 2918 1138 2985 Albertius
1154 2921 1244 2987 idem

126 3044 201 3089 esse
221 3031 316 3109 putat
337 3022 428 3107 qnod
447 3022 547 3108 vulgo
578 3015 770 3105 ὅνθρυσκον
799 3018 1000 3093 nominatur,
1034 3019 1094 3083 sed
1119 3022 1245 3088 Τίθιον

126 3121 267 3191 taceam
288 3122 466 3191 Salmasius
487 3132 575 3188 recte
587 3119 722 3204 judicat·
733 3138 795 3203 pro
812 3111 967 3182 ἀντίθεοι
985 3117 1142 3203 scriptum
1159 3141 1243 3187 esse.

126 3229 204 3304 Πᾶς
225 3234 329 3312 pater,
352 3222 473 3302 πάπας
503 3231 537 3287 et
563 3214 666 3287 {iana
691 3217 868 3303 matrisque
891 3215 1122 3304 hypocorisma
1140 3224 1191 3303 μᾶ
1212 3234 1245 3288 ot
1338 3264 1341 3273 .

125 3321 242 3408 ἅμμάς
266 3326 334 3391 sive
361 3320 457 3410 ὄμμα
484 3321 530 3388 ed
558 3320 657 3386 alium
685 3319 794 3387 locum
827 3319 1001 3407 pertinent.
1050 3317 1244 3404 Ῥαβάσσειι

125 3428 355 3493 credonensis
383 3434 416 3490 et
440 3420 685 3512 Ἀῤῥαβάσσιιι
705 3418 883 3509 ὀρχεῖσθαι
907 3444 928 3487 a
948 3422 1148 3510 proprietate
1170 3426 1244 3492 soni

126 3526 213 3591 iacta
248 3536 324 3591 stunt
359 3547 420 3613 per
444 3522 668 3589 imitationem.
715 3518 983 3610 ’Λῤῥηιοβοσκός
1011 3524 1079 3589 sive
1110 3523 1244 3615 ἒῤῥηιο-

126 3625 251 3710 βοσκός
272 3637 305 3692 et
325 3622 531 3713 ῥηιοφιιριύς
552 3632 733 3709 sequuntur
749 3622 914 3711 duplicem
928 3624 1066 3692 {ormam
1088 3628 1243 3714 primitivi

197 3828 243 3896 ⁶2)
257 3826 314 3892 in
328 3825 401 3880 illud
415 3823 593 3897 interpretati
606 3831 672 3879 suut
683 3827 723 3886 εἰς
734 3821 891 3897 ἀνάμνησιν
905 3823 980 3900 ἄγει,
993 3828 1099 3901 legisse
1111 3830 1244 3884 ridentur

125 3910 218 3968 noina
235 3911 264 3967 δ’
282 3909 337 3967 sino
349 3938 386 3952 -·
396 3910 442 3965 rel
459 3906 662 3983 ὖπιιιμέμνηιιι.
686 3911 756 3967 Cum
768 3909 944 3984 ὑπημήμυκι,
962 3915 985 3969 si
1003 3915 1045 3971 sic
1062 3914 1243 3977 scriberetur,

127 3996 250 4052 conferri
269 4003 366 4068 posset
382 3991 540 4071 ἧρήριισῐιιι
552 3995 642 4069 Orph.
656 3996 725 4067 Arg.
739 3999 814 4053 1135.

196 4085 242 4150 03)
250 4078 365 4139 ‘Poevto'r
380 4077 524 4157 ἄγραυλοι
539 4075 673 4154 ἄγροικον
682 4082 753 4138 Hes.
764 4082 910 4139 Albertius
922 4100 940 4138 a
951 4079 1067 4136 librario
1081 4087 1243 4152 corruptum

126 4175 216 4238 putat.
246 4168 367 4224 Roman
383 4186 470 4240 quarn
485 4159 578 4238 ἁλμῆν
592 4168 710 4223 mutim
723 4176 840 4235 vocent,
857 4183 990 4239 graecum
1006 4163 1147 4241 ἁλμυρίδα
1163 4184 1242 4224 more

127 4252 310 4310 Praenestino
327 4253 469 4310 mutilare
486 4252 625 4308 videntur.
