2736 4778
146 311 212 377 ns
226 306 497 376 raosrnnffl
512 304 575 373 nr
590 306 855 375 mumansr.
872 305 1015 376 cvm.
1027 309 1053 392 §-
1063 306 1112 373 11.
1138 311 1211 382 1⁸3

98 508 165 572 est3
192 514 254 560 nec
279 493 491 581 repudiarem
520 486 707 573 ἶοώμαλος,
731 489 797 555 uisi
819 485 981 574 ἶσόμαλος
997 490 1034 556 in
1054 491 1212 580 Xenoph.

97 599 203 682 Ages.
220 596 256 660 iu
278 593 504 681 suspicionem
523 590 675 656 venisset.
709 586 877 667 Ὠιιόθοος
896 591 931 655 in
944 592 1079 659 verbum
1095 594 1215 660 desinit

95 719 163 782 quo
182 698 351 763 Homerus
372 693 475 758 utimr
503 684 573 758 ὦκα
599 692 690 759 θέων
714 711 744 755 ν.
766 691 887 758 Parall.
907 692 982 760 462.
1024 695 1089 760 His
1110 694 1212 762 tribus

96 797 227 863 omissis
249 816 372 862 causae
392 791 604 882 periclitantis
627 792 758 879 patroni
778 794 986 860 accumulant
1005 793 1155 880 θόρυβος
1175 795 1213 864 ὃν

96 904 157 966 τοῦ
179 900 287 982 θροῦς
309 894 369 962 καὶ
388 891 469 983 βοή,
499 888 664 979 πτισσόνη
693 889 732 960 ἔνι
760 897 820 961 τοῦ
847 893 1002 964 πτίσσειν
1031 895 1090 962 καὶ
1115 887 1214 970 dueta,

98 995 217 1082 χρόνος
244 994 282 1063 n
309 999 369 1064 eoi
393 996 481 1079 χέειν
507 992 567 1061 καὶ
595 994 695 1078 ῥέειν.
723 991 858 1081 Νηριός
886 995 923 1062 da
951 998 1015 1062 τοῦ
1041 992 1135 1062 νάειν
1157 994 1216 1061 καὶ

98 1095 203 1185 ῥέειν,
228 1118 312 1182 quae
339 1095 471 1162 omnino
496 1118 564 1161 non
593 1095 695 1182 digna
715 1106 826 1161 essent
844 1105 1027 1164 memoratu
1047 1096 1113 1161 nisi
1134 1095 1212 1162 hinc

94 1207 223 1281 pateret
252 1195 333 1262 hoec
357 1197 400 1263 de
426 1196 658 1283 conjunctione
685 1219 939 1284 synonymorum
965 1199 1080 1286 opinio
1113 1220 1213 1283 quam

91 1297 158 1362 late
186 1296 265 1363 olim
291 1297 458 1365 dominata
484 1300 528 1365 sit
554 1321 616 1365 noc
643 1299 749 1364 solnm
764 1299 946 1384 Byzantios
976 1300 1117 1367 tonuerit
1139 1310 1211 1385 oty-

90 1399 242 1485 mologos
270 1399 330 1465 sod
357 1400 457 1467 etiam
479 1401 614 1487 majoris
637 1400 837 1466 auctoritatis
860 1401 1112 1479 Grammaticos3
1132 1424 1209 1467 nam
1242 1422 1245 1426 ⁴

91 1501 173 1566 illud
194 1501 238 1567 do
258 1498 404 1591 πτισάνη
427 1503 594 1568 inventum
614 1502 800 1568 Pausaniae
821 1503 883 1567 fuit
899 1502 1074 1569 Atticistae
1094 1526 1125 1568 v.
1141 1502 1208 1569 Ca-

91 1601 183 1668 saub.
211 1602 256 1668 ad
281 1602 406 1669 Athen.
435 1603 483 1669 X
512 1603 587 1668 455.
615 1604 656 1668 Ε.
687 1614 720 1668 et
746 1602 822 1668 huic
846 1603 951 1669 simile
977 1603 1150 1692 Apollonii
1174 1603 1210 1669 in

90 1705 175 1770 Lex.
197 1706 298 1770 Hom.
327 1701 482 1792 μόρφνον
509 1702 706 1792 μορόφονον
731 1704 791 1773 τὸν
818 1705 876 1771 διὰ
899 1701 1007 1792 φόνου
1027 1705 1087 1772 eda
1105 1700 1212 1791 μόρον

92 1804 376 1893 ἐπιφέρονταὸὖ).
407 1806 480 1871 Nec
495 1805 642 1893 suspicio
658 1804 752 1871 abest
766 1804 864 1889 hujus
881 1828 1013 1891 qnoque
1030 1805 1210 1892 sapientiae

92 1916 217 1973 satores
239 1907 341 1973 fuisse
359 1907 491 1975 Stoicos
513 1907 659 1974 omnium
676 1906 910 1972 vocabulorum
928 1907 1088 1973 elementa
1106 1909 1211 1993 prima

94 2030 207 2074 eruere
232 2019 379 2075 conatos.

177 2112 204 2195 ἱ.
227 2110 278 2175 11.
321 2110 438 2175 Altera
467 2119 518 2175 est
548 2130 633 2193 quae
666 2107 784 2172 dicitnr
812 2102 972 2184 σύνθεσις
998 2109 1065 2172 τῶν
1092 2100 1212 2184 αὐτῶν,

95 2210 188 2293 cujus
204 2210 459 2297 significationes
475 2209 653 2296 pleraeque
668 2207 805 2272 eaedem
820 2216 897 2271 sunt
912 2228 996 2292 quae
1015 2207 1211 2294 parathesis3

96 2333 172 2374 nam
197 2333 270 2377 cnm
296 2310 404 2379 temni
431 2308 539 2378 λεπτά
568 2308 720 2376 convenit
740 2305 1010 2390 λιπιενιίλιπνος
1034 2321 1067 2376 et
1088 2310 1213 2399 φαυλι-

94 2409 281 2498 πίφονλος,
309 2423 483 2497 utrumque
514 2411 549 2477 in
577 2409 714 2477 Anthol.
744 2409 975 2496 plebcjnmque
1002 2415 1212 2495 κακιγιοκῶς

94 2510 265 2579 Constant.
293 2513 440 2579 Manass.
465 2535 496 2579 v.
518 2512 613 2579 2260.
644 2523 677 2578 et
706 2511 802 2576 3000.
828 2511 881 2576 cni
904 2511 990 2576 viam
1010 2509 1089 2576 tecit
1110 2510 1210 2578 diofio

94 2613 192 2679 attica
211 2614 254 2681 ed
275 2612 364 2681 κακὰ
383 2617 448 2680 τῶν
469 2618 578 2681 κακῶν
609 2624 641 2678 ct
666 2612 862 2679 eontrarium
883 2610 925 2679 τὰ
951 2611 1038 2678 καλὰ
1060 2616 1128 2680 τῶν
1150 2636 1213 2679 κο·

91 2717 158 2781 λῶν
190 2713 254 2781 hoo
285 2726 335 2783 est
363 2713 404 2782 ed
433 2710 593 2782 κάλλιστα
625 2736 656 2779 v.
685 2713 832 2780 Meinek.
860 2713 948 2779 Hist
980 2711 1075 2780 Com.
1101 2712 1130 2779 Ι.
1155 2710 1207 2780 69.

92 2815 148 2880 Ab
175 2816 230 2881 illo
260 2815 382 2901 μικρὸν
408 2811 530 2903 μικρόν
556 2839 624 2882 non
653 2817 790 2881 multum
814 2814 979 2902 discrepat
995 2814 1101 2885 Ὅσον
1122 2815 1211 2895 ὅσον,

91 2910 207 2999 ὀλίγον
233 2912 347 3001 ὀλίγον
371 2917 454 2983 Hes.
481 2927 515 2982 et
543 2915 620 2984 hinc
647 2917 865 3005 compositum
892 2915 1063 3002 λιγόλιγον
1082 2922 1210 2994 tenetur,

92 3015 185 3101 quod
204 3016 263 3083 Du
285 3014 433 3104 cangius
459 3018 566 3095 affert,
593 3031 627 3084 et
653 3016 807 3084 adverbia
834 3018 984 3102 superius
1008 3018 1095 3082 dicta
1119 3014 1212 3102 πόμ·

91 3142 162 3184 ’.ταν
185 3128 217 3183 et
238 3114 446 3187 παντάπασι.
480 3119 603 3185 Verum
621 3115 759 3202 προπρό
777 3116 845 3181 sive
868 3116 1006 3202 simplex
1024 3116 1092 3183 sive
1109 3114 1208 3184 verbo

92 3218 251 3284 sociatum
272 3219 407 3305 proprie
430 3217 593 3304 significat
615 3217 776 3282 actionem
798 3216 1006 3303 procedentis
1027 3216 1208 3306 repetitam,

88 3343 149 3386 nec
181 3344 253 3388 raro
284 3322 445 3404 disjuncte
470 3318 629 3385 scribitur.
673 3318 866 3404 Eademque
889 3319 1067 3408 scripturae
1088 3320 1204 3385 incon·

91 3422 211 3487 stantia
243 3423 385 3489 cernitur
418 3421 453 3488 in
482 3421 622 3489 relativis
652 3420 743 3487 latini
776 3420 933 3488 sermonis
967 3425 1207 3506 ρναοίίριιαιιιί,

88 3535 172 3599 utut,
189 3527 313 3603 ,notun
339 3527 504 3593 undeunde
526 3533 588 3590 etc.
611 3523 670 3599 sed
692 3523 777 3589 ratio
795 3522 896 3609 louge
919 3523 1047 3590 diversa
1068 3536 1133 3602 est3
1156 3523 1208 3593 his

89 3647 232 3709 namque
267 3624 433 3691 reiteratio
466 3625 618 3692 conciliat
647 3625 815 3692 notionem
848 3625 1081 3707 universitatis¹
1123 3648 1208 3714 quae

89 3724 225 3811 saepius
256 3725 447 3813 exprimitur
475 3725 643 3814 particulis
673 3728 866 3811 ubicunque,
894 3730 1087 3813 quicunque,
1113 3728 1210 3807 ὅπως

88 3822 228 3914 δήποτε,
249 3826 332 3906 ὅσος
354 3826 490 3915 δήποτε,
512 3827 573 3894 sed
592 3826 674 3923 ὅρος
694 3823 777 3906 ὅσος
794 3827 913 3896 Graeci
930 3853 998 3896 non
1017 3830 1128 3897 dicunt
1145 3828 1209 3892 nisi

161 3998 207 4061 55)
225 3997 259 4050 In
277 3996 396 4053 Philam.
408 3997 478 4053 Lex.
494 3998 515 4052 I.
530 3996 588 4051 1⁵2.
600 4016 629 4068 p.
641 3998 701 4052 100.
712 3997 786 4053 male
802 3999 1000 4071 scriptumest
1016 3999 1047 4052 ἓν
1060 3998 1108 4052 roei
1121 3991 1211 4070 μόρος

90 4082 140 4135 καὶ
158 4075 245 4150 φόβος
264 4078 279 4135 ὁ
297 4079 425 4153 μόρφνος
442 4078 521 4145 ἀετός
537 4100 589 4154 pro
607 4077 694 4155 μόρος
713 4087 761 4137 ναὶ
779 4083 875 4156 φόνος.
913 4084 1000 4146 Quod
1019 4082 1094 4136 idem
1115 4090 1144 4136 at
1160 4082 1208 4139 etti
1237 4074 1242 4086 ”

91 4166 192 4221 dicunt
207 4167 237 4221 ἐκ
254 4171 301 4222 rori
320 4170 431 4223 Ινέσθαι
448 4173 495 4222 eat
513 4166 594 4224 θύειν
611 4165 626 4223 ό
645 4164 738 4239 ἰχθύς,
756 4169 900 4239 pertinere
913 4167 1026 4221 videtur
1037 4169 1076 4223 ed
1088 4168 1210 4238 atticam,

91 4262 123 4307 ut
142 4253 253 4319 dicitur,
272 4254 354 4326 hujus
372 4253 492 4309 nominis
510 4253 711 4326 aspirationem
728 4249 810 4322 ἰχθύς
825 4270 850 4306 v.
867 4254 905 4306 ad
918 4251 965 4322 Aj.
983 4254 1058 4310 taut.
