2736 4778
132 341 199 463 DII
215 343 488 417 PARATHESI
503 344 566 415 ET
584 345 859 417 SCRIPTURA.
883 346 921 417 C.
933 347 980 415 11.
998 347 1061 437 §.d
1096 348 1165 427 571

53 536 212 605 moricum
232 532 314 600 illud
335 533 583 620 definiciones
603 536 638 601 in
660 535 743 602 duas
764 546 874 625 partes
894 534 1003 600 divisit
1021 535 1101 601 alias
1119 535 1169 602 In·

55 648 228 715 constans3
246 658 322 702 nam
343 637 377 703 in
398 638 437 704 Il.
458 638 486 703 l.
510 637 583 703 364.
609 638 739 726 scripsit
764 638 824 724 τὴν
856 638 894 704 δὲ
920 635 1172 720 βαρυστενάχων

54 739 224 829 πρσςὲφη,
255 738 374 804 rectius
401 761 478 805 vero
506 739 640 805 XVIII.
669 739 719 804 78.
750 738 809 827 τὴν
838 738 875 804 δὲ
899 738 983 823 βσρύ
1009 734 1171 819 στενάχων

55 840 229 929 προςέφη,
259 840 350 927 quod
379 840 456 906 alibi
483 840 601 906 dicitur
627 840 734 926 βαρέα
764 835 936 920 στενάχων.
984 838 1115 905 Etenim
1142 840 1170 905 si

57 943 245 1012 ffisofimina
274 943 445 1010 notionum
475 952 639 1008 momento
673 940 815 1026 quodam
848 941 1026 1029 scripturae
1057 953 1171 1008 notare

39 1046 205 1115 volumus
237 1044 444 1135 participium
476 1044 518 1110 ab
550 1043 709 1129 adjectivo
746 1043 917 1128 sejungere
946 1054 1088 1129 praestat
1113 1042 1169 1109 ubi

55 1159 231 1271 utrumque
264 1170 356 1214 suam
385 1147 450 1214 vim
482 1145 608 1212 obtinet
639 1144 779 1231 exempli
807 1160 910 1210 causa
937 1149 987 1234 τῷ
1016 1145 1052 1212 δὲ
1082 1145 1168 1230 βαρί·

54 1374 127 1420 σων
146 1346 337 1434 Ὀλυμπίας
364 1348 464 1416 Pind.
496 1349 553 1415 Ol.
557 1296 680 1416 XIII.
710 1349 762 1414 34.
794 1351 994 1436 conjungere
1021 1372 1115 1428 vero,
1142 1349 1170 1414 si

54 1464 197 1539 utroque
216 1452 348 1518 nomine
370 1451 538 1539 epitheton
561 1451 700 1538 simplex
722 1450 922 1536 significatur
941 1445 1109 1530 'Agris'
1075 1476 1169 1535 τυρο-

56 1555 158 1641 (νὲων,
175 1552 433 1642 βνθυρῥείσντος
444 1547 604 1637 Ἀράξεω,
625 1575 709 1638 quae
727 1551 807 1617 nihil
825 1551 1001 1617 admodum
1018 1551 1170 1616 differunt

56 1654 99 1722 ab
120 1653 288 1741 adjectivis
311 1674 385 1720 vere
407 1654 597 1741 compositis
617 1650 840 1744 πλάτύῤῥοος,
863 1650 1065 1739 βσθάῤῥοος.
1095 1654 1170 1754 idac

56 1756 184 1823 radone
215 1756 332 1822 ductus
361 1755 493 1823 Graelio
519 1754 641 1821 accedo
669 1755 704 1820 in
730 1755 840 1821 Nonn.
866 1755 968 1821 Dion.
1004 1754 1069 1821 XI.
1095 1755 1169 1821 237.

58 1851 164 1937 ditos
188 1858 271 1940 ταχὺ
293 1857 461 1948 φθιμένης
481 1850 650 1946 ἀνεμώνης
681 1857 843 1922 inunum
870 1850 1070 1924 contrahenti
1097 1867 1169 1921 tan·

57 1982 157 2047 qnam
183 1958 401 2048 compositum
432 1968 470 2023 ut
500 1959 739 2043 νεοφθίμενος,
774 1958 892 2023 sedin
919 1958 1078 2046 Paraphr.
1109 1958 1170 2026 VI.
1289 1984 1294 1989 ·

58 2061 131 2128 115.
160 2071 252 2147 recte¹
282 2060 462 2159 praefertur
493 2058 642 2124 diastasis
679 2056 800 2126 ἐάσατε
832 2057 1017 2148 σύνδρομον
1053 2054 1172 2143 οάῗροις

57 2165 160 2229 δαῖτα
180 2161 261 2244 ταχὺ
284 2160 470 2249 φθιμένην·
500 2182 575 2226 nam
606 2159 668 2226 hoc
694 2182 761 2226 non
784 2161 916 2227 cuilibet
937 2182 1059 2227 coenae
1080 2157 1196 2226 atui-⁸

56 2264 174 2329 butum
199 2272 250 2329 est
275 2263 360 2329 sicut
390 2263 445 2328 illa
470 2263 642 2328 fluviorum
670 2271 703 2327 et
728 2273 897 2328 ventorum
926 2263 1083 2359 epitheta,
1113 2264 1171 2329 scd
1289 2254 1297 2266 ’

57 2377 167 2432 certas
183 2364 352 2451 ctvjusdam
370 2364 533 2430 accidens.
563 2363 716 2430 Ceterum
734 2361 941 2460 εὗροκρείων,
960 2367 1048 2431 unde
1065 2387 1171 2432 sermo

59 2466 207 2545 deflexit,
228 2488 295 2532 non
318 2465 492 2553 syntheton
513 2477 563 2532 est
590 2476 625 2531 ut
644 2465 838 2530 Eustathius
867 2462 1049 2544 dicit‚'scd
1075 2491 1171 2555 para·

57 2569 143 2635 thesi
166 2569 317 2654 junctum
343 2568 395 2633 vel
423 2568 574 2656 propria,
608 2568 636 2633 si
667 2567 728 2633 sub
758 2590 825 2634 uno
853 2568 1003 2634 scribitur
1025 2581 1170 2647 accentu,

55 2671 109 2738 vel
130 2668 328 2759 impropria,
351 2669 380 2734 si
398 2669 459 2735 sub
483 2670 611 2736 duobus
633 2680 670 2735 ut
690 2681 860 2736 ventorum
881 2669 1049 2758 epitheton
1073 2669 1173 2758 ὑγρὸν

57 2766 187 2848 ἀέντες,
209 2792 349 2855 quorum
369 2770 609 2838 cohaerentiam
631 2772 659 2838 si
680 2794 746 2857 qua
765 2772 940 2838 lectoribus
965 2783 1040 2839 ante
1057 2773 1170 2839 oculos

56 2893 182 2960 ponere
205 2870 369 2959 cupimus,
389 2894 474 2960 opus
497 2885 545 2940 est
568 2884 646 2942 nota
670 2875 726 2939 illa
743 2873 886 2961 hyphen.
922 2873 1076 2960 Synthesi
1093 2896 1170 2940 vero

57 2973 266 3040 eontinentur
286 2973 445 3058 adjectiva
466 2972 701 3062 γλυκά,πικρος
728 2971 965 3060 θρασύδειλος,
989 2970 1171 3058 ἀξύμωρος,

56 3071 323 3160 γλοκυμείλιχσς,
350 3073 569 3198 βαθνδινήεις
590 3086 650 3141 ete.
698 3075 739 3140 In
759 3073 907 3140 Maneth
930 3075 990 3142 IV.
1014 3073 1087 3171 600.
1109 3075 1171 3139 flu-

57 3185 171 3243 ctuant
194 3174 292 3242 codd.
314 3175 453 3260 iuter!
419 3173 643 3266 ἡμισάόσσλος
671 3187 703 3241 et
725 3175 826 3263 ἥμισι
853 3176 990 3254 δοῦλος,
1017 3162 1069 3243 cui
1093 3198 1172 3243 ecn-

57 3274 635 3365 venit‘p'ptcvrcpydg,0allim.1·1.
657 3278 757 3345 Dian.
786 3277 838 3343 90.
868 3279 1070 3344 consuetudo
1096 3300 1173 3344 vero

56 3379 144 3445 haec
156 3399 198 3444 ex
215 3388 368 3467 corrupto
390 3388 423 3444 et
439 3379 567 3466 integro
588 3379 756 3469 componit
775 3373 970 3466 ἡμίγυμνος,
989 3373 1174 3467 ἡμίθνητος

57 3472 121 3548 etc.
149 3480 294 3567 exceptis
315 3481 534 3548 numeralibus
551 3477 810 3570 ἢμισοτέταρτον
828 3478 913 3545 Poll.
930 3481 991 3546 IV.
1009 3478 1080 3544 165.
1098 3476 1174 3567 ἡμι-

50 3577 237 3668 ἱσάτριτον,1
260 3604 345 3666 quac
374 3604 474 3669 quum
501 3606 543 3649 ex
571 3582 700 3650 duobus
728 3581 824 3649 rectis
854 3578 983 3647 casibus
1014 3590 1173 3658 constent,

57 3682 232 3772 commode
255 3682 425 3748 dissociari
449 3693 588 3771 possunt
614 3680 716 3770 ἥμισυ
738 3680 849 3768 τρίτον
876 3694 912 3750 ut
939 3689 1031 3751 aemio
1054 3689 1173 3752 tertiat.

55 3785 149 3850 Hinc
168 3785 263 3851 venIo
285 3786 328 3851 ad
348 3785 537 3873 parathesin
557 3784 799 3870 adjectivorum,
818 3778 902 3870 duae
925 3787 1002 3872 quia
1021 3808 1088 3852 non
1106 3787 1172 3850 duo

57 3886 215 3953 attributa
246 3888 432 3974 significant
464 3887 524 3954 sed
555 3897 654 3952 unum
684 3885 725 3951 ab
757 3886 858 3953 altero
891 3890 986 3974 quasi
1018 3884 1172 3953 adverbio

57 3989 246 4065 delinitum,
281 4012 301 4053 a
326 3988 554 4056 Grammaticis
585 3989 627 4053 ad
655 3987 741 4060 hunc
769 4012 937 4057 numerum
958 3999 1173 4061 revocantur:

57 4092 190 4177 ῥαπτὸν
208 4086 404 4159 ἀεικέλιον
389 4092 471 4178 aspir
488 4084 713 4174 ἀναγνωστέον
732 4092 787 4156 ἵνα
804 4090 960 4176 δηλοῖ
926 4117 983 4157 τον
1002 4085 1175 4167 ἀεικελίως

58 4187 242 4281 ῥοτνττόνί
219 4215 264 4271 ως
290 4190 330 4259 τὸ
357 4188 477 4271 τοξότα
509 4187 660 4277 λωβοτήρ
690 4190 792 4276 (v.C
825 4192 907 4276 Lt.
932 4192 978 4275 5.)
1009 4191 1065 4257 καὶ
1095 4184 1113 4275 ἦ
1142 4190 1176 4256 ἐν

53 4288 224 4385 Ἀρκαδίᾳ
254 4290 395 4382 Μεγάλη
423 4289 524 4370 πόλις
553 4292 648 4358 Eust.
672 4293 770 4373 1959,
798 4292 850 4360 50.
880 4294 940 4363 sed
967 4293 1064 4362 illst
1050 4291 1188 4362 tunicae-
