2736 4778
134 373 176 442 50
511 372 788 443 nissununmo
821 374 876 442 vl

135 542 168 603 et
189 538 221 602 in
243 535 422 602 verbalibus
436 533 631 624 φαάντερος,
651 533 850 623 ,ἀκρόανιος,
873 536 1192 619 quaaButtmannus
1215 540 1269 607 Iu·

134 642 214 706 turis
235 640 511 722 macropnraleetis
535 644 643 727 paoni,
679 644 787 728 sporo]
810 640 952 719 subiicit3
986 641 1043 706 sed
1076 642 1190 723 potius
1225 661 1267 710 eu

133 741 286 810 infinitivo
307 743 584 826 bracbyparalecto
607 740 782 831 πεφάνθαι
794 743 961 809 iudicanda
982 749 1016 809 et
1031 743 1103 809 ideo
1115 744 1157 809 ab
1172 740 1267 837 ὁράᾳ

134 850 167 911 et
199 846 354 912 similibus
377 847 482 913 verbIs
504 847 674 913 contractis
703 846 897 928 seiungenda
919 852 1006 926 sunt,
1040 865 1123 929 quae
1145 848 1184 913 in
1207 849 1266 916 illo

133 966 228 1030 opere
250 951 394 1015 maclovi.
438 949 475 1015 In
496 949 547 1014 his
568 949 652 1015 enim
675 949 770 1032 alpha
790 950 917 1031 longum
940 949 1028 1015 brevi
1043 952 1265 1033 postpositum

132 1052 211 1117 nibil
233 1051 272 1118 de
294 1052 432 1134 pondere
460 1071 518 1117 suo
539 1053 686 1132 remittit,
721 1071 820 1136 quare
853 1053 932 1118 baec
954 1052 1103 1118 diectams
1125 1055 1265 1137 propris

133 1154 267 1221 dicenda
288 1160 345 1221 est.
389 1154 433 1220 Et
454 1156 515 1220 huc
536 1154 719 1221 referendos
741 1156 821 1222 duco
838 1174 930 1221 casus
942 1155 1084 1237 obliquos
1097 1153 1262 1242 κράατος,

134 1257 289 1343 κεράατα,
315 1254 467 1343 τεράστια.
511 1257 594 1322 Illud
617 1258 700 1323 enim
721 1277 783 1324 non
806 1278 825 1324 a
847 1260 982 1345 npdug¹)
1006 1259 1189 1326 derivatum
1213 1261 1261 1327 vi·

134 1361 235 1440 detur,
258 1361 341 1444 quod
356 1361 567 1426 Buttmannus
590 1359 689 1442 fingit,
712 1360 768 1425 sed
789 1380 809 1426 a
830 1361 1043 1444 monosyllabo
1056 1359 1147 1447 κράς,
1173 1363 1264 1446 quod

131 1464 283 1548 probatur
305 1469 437 1529 accentu
458 1464 656 1547 obliquorum
678 1461 815 1551 κρατός,
850 1463 955 1549 upari.
1016 1461 1180 1549 Κεράαια
1206 1467 1263 1553 qui

133 1569 279 1635 dixerunt
299 1568 405 1633 nescio
427 1587 468 1632 on
480 1568 602 1652 κέράτα
619 1566 850 1651 11111111111111111
866 1573 939 1633 ante
957 1567 1261 1648 oculoshabuerint,

12 1698 14 1703 ·
132 1672 215 1756 quod
236 1677 350 1753 poetae
371 1672 483 1752 tragici
499 1676 539 1736 et
560 1670 736 1752 complures
758 1675 831 1752 post
841 1687 895 1735 cos
917 1676 1113 1753 receperunt
1158 1671 1261 1737 Etad

131 1776 216 1842 bunc
237 1776 364 1841 modum
386 1774 521 1841 fortasse
544 1773 597 1838 alii
620 1774 716 1838 etiarn
739 1774 861 1858 τέρατα
883 1774 1260 1856 pronunciamntpcuul·

132 1880 210 1944 tima
241 1879 395 1960 producta
427 1896 489 1943 non
515 1877 582 1942 ullo
603 1877 825 1966 contractionis
847 1879 1024 1960 suspicione
1047 1875 1162 1956 afflati,
1200 1875 1259 1943 sed

132 1982 216 2066 quod
249 1981 343 2064 alpha
374 1982 535 2047 nominum
562 1983 594 2046 in
619 1984 661 2059 ἀἱ
684 1983 753 2058 ἀι-ος
786 1980 965 2045 exeuntium
994 1985 1109 2045 notura
1136 1997 1258 2063 anceps

132 2104 227 2168 saepe
249 2084 379 2166 produci
401 2085 554 2165 audirent,
577 2085 660 2150 sicut
681 2085 743 2149 duo
765 2082 1122 2174 inffisolcntorr'acop
1147 2084 1256 2170 oppia-

132 2213 190 2267 τος
202 2188 237 2270 ²).
281 2187 342 2252 Hic
364 2186 580 2252 adversarium
601 2187 729 2269 quidem
760 2186 914 2251 babemus
936 2187 1177 2265 Buttmannum
1201 2185 1256 2269 qui

28 2370 31 2374 ¹
131 2292 324 2375 antiquiores
346 2294 457 2371 poetas
480 2289 574 2371 alpha
595 2290 691 2356 breve
712 2292 805 2373 longo
827 2309 889 2355 non
912 2290 976 2356 alia
986 2288 1165 2354 conditione
1179 2287 1254 2354 sub-

131 2393 270 2458 innrdsse
292 2397 393 2474 putat
415 2410 511 2473 quarn
533 2393 560 2457 si
582 2393 641 2459 hoc
662 2413 681 2459 e
703 2394 917 2459 contractione
928 2398 1038 2457 natum
1061 2396 1148 2457 esset
1171 2391 1200 2477 §-
1213 2389 1254 2457 sl

132 2497 202 2562 adn.
225 2497 254 2560 2.
299 2495 345 2560 Ac
366 2495 452 2560 valet
484 2494 543 2560 boc
565 2498 603 2562 de
626 2497 731 2562 verbis
762 2497 990 2579 perispomenis
1017 2495 1176 2560 secundae
1200 2495 1253 2560 dc·

131 2599 315 2665 clinotionis.
361 2597 423 2662 Sed
456 2598 534 2662 baec
566 2599 647 2677 ratio
669 2619 779 2665 vereor
806 2606 843 2665 ut
869 2605 955 2664 recte
977 2597 1191 2664 transferatur
1213 2597 1253 2663 ad

129 2718 231 2782 pauca
253 2701 309 2765 illa
331 2702 465 2779 nomina,
488 2718 569 2782 quac
592 2703 665 2782 qula
688 2703 782 2784 alpha
804 2703 895 2784 longo
922 2703 1017 2768 breve
1040 2703 1252 2784 postpositum

130 2803 256 2882 habent,
281 2805 412 2868 dlectasi
434 2805 577 2869 inversae
601 2805 862 2871 adscribimus—
878 2807 926 2870 Ab
949 2806 998 2870 his
1021 2806 1166 2871 omnibus
1185 2805 1251 2870 die·

131 2907 228 2971 ctasis
249 2908 395 2989 propriae
418 2914 451 2972 et
472 2909 661 2989 impropriae
684 2908 852 2989 generibus
875 2906 980 2972 differt
1002 2907 1164 2985 diaeresis,
1189 2925 1251 2987 qua

100 3077 101 3081 ,
130 3008 224 3091 alpha
245 3011 372 3091 longum
395 3011 427 3075 in
450 3011 511 3076 duo
533 3011 643 3076 brevia
665 3012 855 3076 dissolvitur.
900 3011 991 3075 Hanc
1012 3011 1108 3075 tacito
1123 3010 1250 3074 nomine

130 3111 285 3194 significat
306 3113 505 3179 Herodianus
528 3115 611 3178 Mon.
634 3113 684 3178 d2.
708 3116 748 3179 22
772 3114 849 3197 (118
872 3115 931 3197 1.),
953 3114 1007 3179 ubi
1030 3133 1049 3177 a
1071 3111 1250 3178 nominibus

129 3215 290 3298 disyllabis
313 3217 345 3280 in
367 3221 416 3300 513,
439 3216 625 3281 exeuntibus
647 3236 745 3282 unum
757 3217 882 3283 differre
905 3217 980 3282 dicit
1003 3215 1039 3281 τὸ
1063 3208 1127 3300 ἅιη
1143 3214 1247 3280 ἐκτεῖ-

129 3344 184 3383 vov
207 3318 243 3382 rb
270 3322 313 3395 ἶ,
346 3319 430 3384 idem
452 3338 526 3385 vero
549 3338 568 3384 a
591 3319 782 3387 Callimacho
805 3320 939 3403 proferri
962 3315 1195 3405 τρισυλλάβως
1216 3316 1250 3383 ἐν

129 3424 270 3506 συσιολῇ
294 3426 351 3487 τοῦ
375 3426 405 3490 ᾖ.
431 3423 618 3504 disyllabum
642 3431 747 3490 autem
772 3444 827 3490 cur
849 3425 1049 3507 producatur,
1073 3441 1092 3486 a
1114 3440 1150 3487 sc
1174 3421 1250 3487 alibi

129 3526 250 3589 disseri.
295 3526 376 3590 Hinc
398 3533 495 3607 patet,
529 3545 601 3591 eum
635 3525 696 3614 ὅτι]
730 3548 791 3594 non
825 3529 965 3593 natitum
991 3532 1139 3608 putasse,
1174 3531 1250 3590 tunc

129 3629 211 3693 enirn
234 3646 330 3692 causa
352 3629 526 3695 disserendi
553 3630 743 3709 nubserat,
779 3631 835 3696 scd
868 3630 1032 3696 affectione
1055 3629 1249 3710 aliquapiam

128 3737 317 3813 corruptum,
341 3731 399 3797 boc
422 3736 479 3811 cst,
502 3733 562 3797 nisi
584 3731 684 3814 fallor,
708 3735 790 3799 crasi
813 3738 876 3799 τῶν
900 3732 958 3801 δύο
979 3737 1039 3813 HJ,
1061 3751 1144 3815 quae
1166 3733 1248 3799 inte·

127 3855 185 3918 gra
206 3840 371 3917 emergunt
392 3836 425 3900 in
448 3835 542 3900 verbo
566 3831 656 3911 ἇάω,
692 3843 725 3901 et
753 3837 825 3903 hinc
847 3835 1055 3902 transfluxere
1077 3837 1109 3900 in
1132 3855 1248 3903 nomen

196 4025 222 4090 1)
241 4029 327 4093 Vulgo
355 4019 440 4096 κράας
467 4026 600 4091 scribitur;
626 4029 877 4095 properiopomenon
902 4034 1016 4095 poscunt
1042 4044 1122 4081 mous
1146 4029 1248 4098 obliqui

111 4141 113 4146 .
126 4107 243 4183 κράατος
261 4121 310 4164 etc.

194 4197 222 4263 2)
240 4198 420 4253 Blomiioldius
448 4203 475 4251 iu
494 4200 579 4253 Praei.
599 4201 673 4255 Pers.
691 4218 717 4268 p.
737 4203 851 4254 XXVIII
869 4205 906 4268 (p.
924 4203 1012 4254 XXIV
1029 4204 1113 4269 Lipsl
1143 4202 1246 4275 κερᾶια

125 4287 219 4339 scribit
243 4291 319 4354 quusi
345 4304 376 4338 ex
403 4283 522 4356 aspriora
541 4294 711 4351 contractum,
738 4289 785 4341 sed
811 4290 908 4356 ubique
935 4294 1168 4356 proporoxytouon
1198 4295 1248 4342 cst.

125 4374 183 4438 1112,
202 4391 269 4440 qnae
287 4374 348 4427 olim
367 4374 401 4425 ad
418 4377 515 4429 Buttm.
534 4391 558 4442 p.
577 4373 625 4428 tlt
646 4376 869 4442 adnotavimus
888 4377 1084 4431 circumscribo.
