2736 4778
127 369 192 448 aa
254 331 256 335 ’
508 365 789 479 uissuamvro
822 366 876 432 vi.

127 534 229 599 altera
261 530 447 597 Herodiani:
483 526 631 610 arialaiac
664 530 991 617 npooaptcucuze'ov·
1026 529 1062 598 ἐκ
1096 531 1157 618 γὰρ
1193 538 1258 600 τοῦ

129 632 266 714 εὐκλέας
288 633 415 718 ἐγένετο
439 630 508 701 κατ’
534 635 713 703 ineassum
735 637 791 701 τοῦ
811 635 846 703 Τ·
870 630 900 700 οἱ
914 635 949 701 δὲ
962 630 1161 714 ἐκτείνοντες
1175 629 1258 703 i'i'oev

128 736 229 824 λόγου
252 724 445 804 decrivemu-
501 738 672 804 Aristonici
694 737 791 803 verba
813 738 866 816 iis,
900 757 981 819 quae
1004 739 1043 803 de
1066 739 1258 806 Aristarcho

127 842 212 908 dicta
227 845 309 920 sunt
324 859 386 905 nou
398 846 583 922 repugnant
627 839 827 905 Herodianus
842 840 1022 922 posthabito
1034 844 1254 924 tetrasyllabo,

21 990 24 995 -
127 945 215 1010 cuius
238 944 416 1024 exemplum
449 943 554 1023 deest,
588 936 777 1009 Homerum
793 944 918 1025 putavit
939 945 1078 1008 animum
1100 945 1255 1012 retulisse

127 1048 169 1112 ad
189 1046 308 1112 usitata
320 1041 432 1125 ἀκλέα,
456 1040 606 1130 ἀγακλέα,
630 1042 758 1119 cintia,
783 1054 877 1129 atque
899 1046 958 1126 his,
982 1040 1009 1112 si
1031 1047 1157 1128 quando
1173 1066 1256 1130 opus

127 1157 221 1230 esset,
233 1150 299 1215 iota
309 1149 496 1214 inseruisse:
510 1144 666 1227 εὐκλεΐας,
680 1167 740 1231 quo
757 1149 921 1239 syllaba&
935 1149 1040 1214 brevis
1051 1149 1253 1231 relinquitur.

127 1253 196 1318 Hoc
228 1253 312 1318 enim
344 1256 408 1331 est,
442 1251 526 1334 quod
558 1251 732 1318 aLehrsio
755 1253 953 1332 dissentiam,
987 1253 1041 1333 qui
1074 1253 1164 1317 illum
1188 1272 1253 1319 non

128 1355 444 1440 upcnepconcute'or
456 1355 621 1436 scripsisse
644 1356 765 1435 statuit,
789 1355 1110 1442 sedoeprcoaoca'ov.
1158 1354 1254 1434 Quod

128 1459 156 1523 si
177 1459 230 1540 qui
254 1457 404 1536 feceruut
427 1456 607 1522 nominibus
629 1459 661 1522 in
683 1459 729 1536 {a}
750 1457 936 1524 exeuntibus
963 1458 1029 1523 nixi
1051 1464 1133 1538 sunt,
1168 1477 1253 1540 quae

126 1563 251 1627 vocales
284 1559 394 1626 finales
426 1563 461 1631 {a
483 1561 685 1626 contrahunt:
720 1556 853 1647 ἆγυκὲας
879 1562 932 1626 καὶ
956 1561 1036 1625 κατὰ
1060 1557 1254 1646 συναίρεσιν

128 1657 245 1750 ἀγυιᾶς
279 1663 387 1746 Steph.
410 1668 479 1743 eta,
502 1669 558 1729 aut
579 1662 737 1730 finxerunt
757 1664 966 1729 nominativos
990 1659 1135 1742 ἀκλεεύς,
1169 1667 1251 1731 dao-

127 1763 240 1845 κλεεάς
272 1771 340 1846 etc,
373 1784 506 1848 quorum
539 1763 665 1832 fictores
698 1767 860 1848 designavi
894 1767 926 1831 in
948 1765 1062 1831 Parall.
1085 1764 1159 1845 235,
1194 1774 1255 1833 aut

127 1869 224 1934 etiam
257 1871 470 1936 accusativum
502 1871 658 1952 pluralem
691 1869 845 1948 ἐ’ύκλεκᾶς
882 1874 1064 1935 sumserunt
1096 1869 1254 1951 singulari

127 1971 234 2038 Attico
256 1968 372 2040 εὐκλεᾶ
403 1992 461 2055 per
483 1972 709 2056 synecdromen
742 1973 900 2055 quandam
933 1971 1142 2037 assimilatum
1168 1990 1253 2039 esse.

126 2074 194 2142 Hos
216 2077 313 2159 igitur
336 2094 444 2142 omues
465 2081 556 2158 patet
576 2077 731 2143 rationem
746 2076 995 2158 qualemcunque
1007 2079 1251 2156 sequutosesse

128 2177 191 2245 Sed
213 2177 341 2245 fuerunt
362 2180 467 2259 etiam,
490 2179 545 2261 qui
567 2178 720 2260 syllabam
741 2181 792 2262 ἶς’,
814 2184 850 2244 ut
861 2178 1061 2243 Herodianus
1084 2177 1169 2256 dicit
1193 2194 1248 2243 ex·

127 2283 294 2349 tenderent
316 2275 395 2349 ἀνευ
419 2278 530 2364 λόγου.
574 2279 910 2364 Hosigiturs‘dxla'ag
933 2281 1096 2362 scripsisse
1119 2298 1253 2348 necesse

126 2391 185 2466 cst
208 2386 292 2470 quod
315 2384 373 2450 Od.
395 2384 473 2451 XXI
495 2382 554 2449 331
581 2403 662 2451 uuus
684 2385 761 2451 Rob.
795 2383 922 2450 exhibet
954 2384 1137 2449 consonanti
1160 2390 1250 2451 ante·

126 2491 272 2572 positum,
296 2489 472 2570 complures
494 2507 569 2554 vero
591 2489 624 2553 iu
645 2488 682 2553 Il.
704 2489 761 2554 lc.
785 2492 936 2570 sequente
958 2486 1073 2566 vocali3
1097 2505 1251 2568 quaeres

126 2592 292 2658 nonnullos
314 2593 477 2673 permovit,
500 2597 537 2657 ut
558 2591 653 2673 alpha
674 2593 893 2673 producerent,
908 2589 1155 2672 ‚quodsolaarsi
1167 2588 1252 2657 effici

127 2696 239 2778 potuit.
284 2694 449 2776 Duplicem
482 2694 565 2758 viam
599 2699 755 2759 monstrat
782 2693 854 2759 EM.
878 2693 949 2759 392.
972 2695 1013 2758 22
1048 2687 1252 2780 εὖκλεὴςῖἦ

128 2795 293 2886 circuatur)
316 2802 381 2864 τῶν
402 2799 632 2885 πληθυντικῶν
649 2793 726 2874 τούς
738 2791 883 2875 adnuae
900 2797 953 2862 aci
966 2796 1049 2861 κατὰ
1062 2794 1253 2881 συιάίρεσικ

128 2893 275 2980 εάκλειάς
308 2901 380 2985 (hoc
403 2904 480 2985 acc.)
514 2896 535 2988 ἢ
568 2897 637 2967 ἀπὸ
671 2903 730 2965 τοῦ
764 2897 898 2980 allairac
931 2899 1103 2967 ἐπενθέσει
1138 2902 1199 2963 κοῦ
1226 2901 1251 2968 ἶ,

129 3004 312 3088 Synaeresis
334 3007 458 3072 nomine
482 3001 638 3088 significat
659 3004 762 3068 crasiu
785 3004 967 3078 duorum}
990 3005 1022 3068 in
1042 3008 1078 3086 εἶ,
1099 2997 1252 3081 εάκλεέας

128 3105 279 3188 udalrice
301 3116 434 3176 accentu
455 3109 544 3191 gravi
565 3126 637 3173 cum
662 3112 755 3173 acuto
777 3108 809 3172 in
832 3107 1077 3187 circumflexum,
1100 3110 1137 3170 ut
1159 3106 1250 3184 solet,

128 3217 268 3277 coeunte.
314 3211 395 3277 Cum
415 3212 475 3277 hac
498 3216 604 3277 autem
622 3198 787 3293 ¹synaeresi
810 3230 905 3292 saepe
927 3217 1087 3289 certatea,
1111 3228 1175 3291 qua
1188 3210 1251 3275 duo

124 3317 154 3388 Ξῖ
176 3317 209 3381 in
232 3322 284 3380 eta
306 3319 478 3395 mutantur,
500 3316 583 3381 unde
605 3319 700 3380 natae
723 3319 797 3378 sunt
818 3314 891 3379 illae
913 3314 1101 3396 multiplices
1114 3313 1250 3394 scriptu·

127 3439 182 3485 rae
205 3419 452 3484 vicissitudines:
487 3419 649 3506 ζαχρηῶκ,
684 3414 837 3502 dipping,
863 3411 993 3503 ἀκρῆες,
1027 3416 1166 3498 quadiu
1189 3417 1250 3482 Pa-

128 3521 196 3587 rall.
209 3521 270 3586 235
295 3521 422 3603 adjunxi
432 3522 465 3605 ¹),
489 3528 522 3588 et
543 3540 624 3604 quae
646 3519 786 3601 proxime
809 3525 882 3584 ante
905 3512 1002 3585 allata
1024 3523 1098 3584 sunt
1115 3514 1251 3606 ἀκλήεκς

130 3631 202 3703 etc,
237 3624 321 3705 quod
353 3642 452 3705 genus
487 3625 584 3690 erasis
606 3623 794 3689 Eustathius
817 3622 888 3688 907.
910 3620 953 3687 sl
985 3628 1019 3688 et
1052 3623 1105 3686 alii
1138 3626 1251 3704 tropae

127 3729 252 3793 nomine
286 3727 497 3810 distinguunt,
532 3747 631 3810 eaque
664 3728 696 3792 in
729 3745 791 3792 uuo
824 3727 960 3808 genitivo
995 3721 1161 3812 ἀγακλῆος
1194 3744 1252 3807 per

129 3851 237 3897 omnes
260 3831 356 3896 libros
380 3831 540 3914 divulgata
572 3838 622 3897 est
655 3832 764 3896 eadem
787 3831 972 3908 constantia,
1002 3848 1065 3911 qua
1087 3827 1252 3894 corrivalis

128 3937 159 4001 in
184 3934 332 4000 adverbio
356 3928 505 4012 ἀκλειῶς,
530 3936 643 4001 ceteris
665 3934 726 3999 buc
751 3934 826 3999 illue
847 3932 1041 3998 nutantibus.
1095 3931 1165 3996 Iam
1188 3932 1252 3997 col·

127 4040 202 4104 latis
236 4037 512 4120 grammaticorum
551 4038 716 4104 sententiis
748 4041 884 4118 quatuor
919 4035 1009 4100 nobis
1042 4034 1254 4101 obversantur

197 4279 224 4344 l)
251 4284 303 4335 Hic
321 4281 383 4333 addi
399 4288 502 4349 potarat
519 4299 566 4348 pro
582 4280 704 4351 ἐϋρρεῖος
723 4284 860 4344 ποταμοῖο
878 4279 1024 4345 Apollines.
1069 4278 1168 4331 Psalm.
1193 4279 1256 4332 cvl

128 4363 163 4421 67
179 4369 208 4419 iu
226 4369 267 4421 ad.
285 4369 371 4423 Paris.
389 4372 516 4436 scriptum
533 4383 592 4421 esse
610 4366 732 4440 ἐϋῤῥῆος.
