2736 4778
139 369 203 434 nn
224 365 491 436 PROSTHESI
512 365 574 431 nn
597 363 861 431 APHAERESI.
886 362 924 430 c,
936 363 1000 430 111.
1017 367 1042 450 a.
1054 365 1085 431 s.
1124 369 1172 442 ao

64 555 182 620 dicitur
197 565 228 619 et
243 553 412 637 λυκαυγές,
426 550 571 616 laconice
586 547 770 639 μιογάβωρ,
789 549 973 635 germanice
990 541 1173 620 Duemme’r·

62 661 137 723 ticet
165 654 345 739 conjunctis
376 652 477 717 lucidi
504 663 536 717 et
561 650 686 740 creperi
711 649 915 728 notionibus,
946 652 1023 736 quia
1043 663 1172 741 tempus

62 758 125 823 hoc
144 757 306 823 sublustre
323 755 470 840 caliginis
487 751 634 838 lucisque
652 752 796 818 medium
813 763 871 830 est,
891 775 990 836 quare
1007 754 1173 822 aGraecis

63 861 196 948 κνέφας,
218 884 238 923 a
259 858 416 924 Romania
438 855 596 922 contrarie
621 854 797 920 diluculum
823 854 1015 941 appellatur.
1059 855 1175 942 Itaque

62 955 167 1048 ἦλύγη
190 960 372 1047 pleonasmi
391 958 609 1046 suspicionem
630 957 684 1021 vix
706 956 850 1042 effugere
865 968 976 1044 potest
994 958 1176 1044 eodemque

60 1084 125 1125 noe
157 1061 246 1124 ducit
272 1072 363 1147 trope
392 1059 541 1145 adjectivi
568 1056 711 1144 ὥλύγιος
733 1055 903 1138 σκοτεινάς
930 1060 1012 1125 Hes.
1059 1058 1174 1128 Minus¹

59 1161 142 1226 fidei
163 1161 259 1227 habet
281 1162 370 1249 quod
388 1162 423 1228 in
443 1161 523 1227 EM.
544 1161 618 1238 433,
643 1159 692 1224 17.
715 1159 928 1258 proponitur:
954 1155 1082 1252 ἢοαοία
1104 1157 1173 1231 dno*

60 1268 123 1328 τοῦ
156 1260 276 1341 σπάνις
307 1261 433 1331 σπανία
466 1261 523 1329 καὶ
554 1257 711 1350 ἀποβολῇ
743 1265 802 1328 τοῦ
833 1285 854 1329 ο
880 1259 937 1329 καὶ
962 1263 1174 1352 πλεονασμῷ.

59 1363 192 1429 Etenim
214 1365 240 1427 si
264 1363 386 1442 σπάνις
407 1385 482 1428 cum
502 1365 603 1430 πεῖνα
625 1371 658 1426 et
678 1359 777 1428 πενία
802 1362 1044 1443 contendimus,
1071 1364 1176 1450 sigma

60 1465 237 1530 insiticium
262 1465 404 1550 ideoque
433 1462 607 1549 abjectioni
631 1472 852 1549 opportunum
874 1487 1034 1531 essenon
1055 1466 1173 1533 diffite-

60 1567 186 1643 bimur3
216 1575 248 1630 et
276 1567 303 1630 si
332 1566 558 1654 Menapiorum
587 1584 700 1630 vocem
728 1564 834 1633 πανία
862 1562 880 1654 ἢ
911 1564 1086 1656 πλησμονή
1111 1565 1176 1647 huo

62 1668 270 1744 aclhibemuS‚
305 1663 432 1755 ἢπανίο
462 1676 513 1732 eta
541 1688 609 1731 non
642 1665 877 1752 pleonasticum
910 1667 969 1732 sed
1004 1690 1044 1732 ex
1077 1666 1177 1755 alpha

62 1771 221 1858 privativo
245 1779 350 1833 ortum
371 1768 489 1834 habere
510 1767 682 1833 videbitur.
716 1765 862 1848 Ἦμιοος
882 1772 1031 1835 dimidias
1052 1767 1175 1836 Coraca

62 1872 106 1936 ad
137 1870 224 1936 Plut.
254 1870 295 1935 T.
324 1871 366 1936 V.
397 1871 469 1938 334.
501 1880 533 1936 et
556 1871 667 1935 Atact.
695 1868 723 1934 I.
755 1869 825 1935 163.
855 1870 943 1936 idem
972 1893 1044 1936 esee
1066 1871 1176 1936 statuit

62 1985 161 2057 atque
187 1973 290 2055 μίσος
317 1973 453 2050 medion
480 1993 556 2036 nam
586 1971 683 2035 etiam
709 1970 854 2038 Graecos
885 1971 981 2056 hujus
1001 1973 1175 2038 memoriae

61 2077 165 2158 μὲοος
199 2073 306 2137 dicere
341 2092 401 2156 pro
435 2068 555 2158 ἥμισυς
587 2082 620 2137 et
651 2070 840 2154 μεσόιομος
870 2072 951 2137 nihil
979 2071 1109 2138 differre
1134 2071 1175 2138 ab

62 2172 243 2261 ἡμίτομος·
270 2171 388 2257 quibus
416 2170 495 2236 addi
520 2181 649 2258 poterat
672 2170 886 2261 Μεσόψηρον
911 2170 1072 2263 ἦμίξηρον
1092 2175 1174 2241 Hes.

63 2273 134 2341 Sed
161 2272 224 2338 hoc
250 2296 316 2337 non
343 2272 385 2337 ad
415 2273 523 2336 omnia
551 2275 715 2352 eonvenit3
746 2296 824 2339 nam
844 2272 944 2359 χιτών
963 2275 1175 2360 praeditores,

64 2376 121 2462 qui
148 2375 243 2439 etiam
271 2372 444 2453 διάλευκος
471 2385 618 2456 vocatur,
649 2376 756 2441 differt
777 2375 818 2441 ab
842 2374 1019 2466 ἡμῖλεοκος
1040 2384 1072 2442 et
1093 2372 1176 2462 δόρυ

62 2477 277 2560 μεσοοπογές
297 2475 386 2540 nullo
408 2477 506 2542 modo
527 2472 693 2568 ἦμιπαγὲς
715 2478 779 2544 dici
802 2489 922 2567 potest,
943 2499 1051 2562 neque
1073 2477 1175 2563 signi·

63 2578 172 2643 ficatio
188 2577 293 2641 solum
307 2588 449 2642 mutatur
467 2578 525 2643 sed
549 2579 645 2645 etiam
663 2579 778 2645 exitus.
810 2581 865 2647 Ex
887 2578 1009 2666 ignotis
1031 2577 1176 2644 lontibus

64 2679 174 2744 hausit
197 2676 385 2764 Hesychius
411 2679 544 2747 Mrocol
568 2677 600 2747 oi
631 2676 757 2761 ἒὸιοντες
785 2680 824 2749 τὸ
857 2680 960 2771 ἥμισυ
982 2679 1098 2747 λευκὸν
1117 2684 1177 2748 τοῦ

12 2808 16 2815 ·
63 2780 230 2864 σώματος,
252 2782 288 2846 τὰ
310 2781 347 2848 δὲ
366 2778 468 2869 ἥμισυ
484 2781 596 2864 μέλαν,
620 2774 677 2861 οὓς
695 2777 777 2849 ἔνιοι
794 2776 942 2866 properie,
965 2804 1029 2867 quo
1045 2780 1176 2848 misticii

64 2882 241 2967 significari
262 2881 427 2958 videntum
451 2879 581 2969 ἥμισυς,
605 2879 726 2970 ἥμισυν
746 2881 865 2968 legitur
886 2881 920 2947 in
937 2881 1042 2950 Curtii
1065 2882 1174 2950 Anall.

63 2983 188 3070 Delph.
220 3007 253 3069 p.
282 2984 334 3048 20.
364 2994 396 3048 et
420 2984 471 3048 22.
497 2976 739 3068 Ἠμιμολλόνες
773 2979 808 3049 oi
839 2979 966 3066 Βάκχαι
993 2985 1175 3050 Kuesterus

62 3085 180 3149 vitiose
202 3084 357 3172 scriptum
380 3094 474 3171 putat
495 3106 555 3170 pro
579 3079 614 3149 oi
630 3120 671 3132 -
693 3082 730 3149 Si
747 3083 954 3168 pleonasmus
974 3094 1032 3164 est
1052 3087 1176 3153 nomini

64 3186 201 3275 proprio
225 3198 256 3251 et
278 3187 452 3273 peregrino
474 3183 563 3248 haud
589 3204 686 3269 aegre
706 3183 947 3274 indulgeturl).
990 3188 1081 3254 Inter
1099 3212 1175 3277 par.

64 3301 112 3354 tes
144 3287 299 3352 orationis
327 3286 572 3353 indeclinabiles
599 3284 682 3350 duae
713 3287 908 3373 temporales
934 3282 1000 3380 ἤδη
1030 3302 1062 3357 et
1086 3292 1175 3378 quod

64 3389 218 3454 Klotzius
249 3388 290 3453 ad
317 3390 437 3455 Devar.
465 3389 511 3454 11.
535 3387 608 3454 393.
639 3408 680 3452 ex
704 3388 759 3454 illo
782 3399 893 3455 natum
917 3402 1029 3458 censet
1047 3391 1087 3479 δὴ
1110 3403 1176 3460 tam

66 3493 203 3556 similem
224 3491 307 3556 inter
329 3513 363 3556 ee
385 3489 505 3557 habent
520 3490 790 3577 significationem
807 3501 845 3556 ut
862 3492 997 3558 alterum
1016 3516 1057 3560 ex
1074 3495 1174 3563 altero

65 3607 171 3659 ortum
198 3594 359 3671 videatur,
389 3593 447 3658 sed
474 3591 770 3680 praetermittuntur
796 3615 816 3657 a
844 3592 1069 3662 Grammaticis
1097 3597 1175 3684 quia

134 3890 164 3958 7)
179 3888 280 3944 Suidas
297 3885 404 3960 ciprllo
422 3885 478 3942 clad
496 3889 681 3962 συναιρέσεως
696 3884 713 3956 ἡ
730 3883 832 3959 ἅμιλλα
847 3882 969 3962 ἅμιλλα,
986 3887 1027 3944 sic
1043 3884 1175 3947 statuisse

64 3977 176 4031 videtur
194 3983 338 4031 contracto
357 3972 463 4046 ἅμιλλα
481 3973 572 4029 ionice
590 3976 743 4030 detractam
760 3992 821 4030 esse
840 3976 1039 4048 aspirationem
1056 3976 1174 4034 articulo

65 4064 191 4118 debitam
209 4070 240 4116 ut
254 4059 347 4131 ωὖιός,
366 4055 480 4134 ὤριστος
491 4067 521 4117 et
532 4063 606 4117 hanc
618 4060 779 4118 nominativi
791 4061 909 4118 formam
920 4061 1065 4118 transiisse
1078 4064 1115 4118 ad
1128 4081 1174 4121 ca·

66 4158 140 4203 toros
156 4167 234 4204 casus
250 4149 286 4203 cs.
302 4147 332 4203 C.
346 4147 379 4202 V.
394 4149 417 4215 §.
434 4151 457 4202 l.
472 4166 536 4204 nam
549 4143 673 4221 ὤμιλὶαν
684 4165 719 4203 ex
728 4146 870 4221 Eupolide
880 4150 970 4205 affert.
995 4147 1052 4203 Alii
1061 4142 1175 4224 ὤριστος

65 4235 183 4306 simplex
195 4252 257 4288 esee
271 4233 369 4290 volunt
380 4232 464 4303 alpha
475 4232 571 4290 dorice
583 4233 628 4288 vel
637 4233 768 4289 boeotice
778 4220 840 4289 ina
853 4251 944 4300 verso,
965 4235 1017 4292 sed
1036 4234 1064 4290 hi
1081 4253 1173 4312 neque

66 4316 322 4391 &patrandorum
336 4336 429 4393 neque
441 4320 517 4375 aliud
531 4319 614 4393 hujus
626 4325 726 4394 tropas
739 4319 906 4394 exemplum.
