2736 4778
168 337 244 413 2⁰4
364 342 404 405 ff.
427 394 430 401 .
454 354 463 395 ι
488 324 962 401 ,ι-ἰὶΙΒδΕΒΤΑΤΙοῑὼ-ει
1004 334 1121 393 -··÷;.·r

168 517 254 583 siout
279 535 341 581 noa
372 510 509 577 dicimus
538 511 770 596 Walfattaapar.
799 532 868 594 quo
895 509 930 575 ia
956 505 1088 575 nomine
1120 517 1155 573 et
1181 507 1288 577 forma

168 615 314 704 genitivi*
326 625 360 681 et
380 612 577 698 significatio
597 612 684 679 clare
706 621 857 697 apparet,
883 621 916 675 et
935 608 972 675 in
991 607 1187 675 contrariam
1206 630 1288 695 par-

169 728 238 783 tem
257 718 466 800 Zetat'psuttcr.
508 712 664 781 Similiter
689 735 710 777 a
730 733 828 779 muco
849 711 953 778 houm
972 712 1107 797 (Vogel,
1127 712 1196 779 ΙΙΙ.
1212 712 1288 796 27.)

168 816 317 889 homiues
350 813 601 883 denominantur
631 808 845 897 βοοκόρυζοι,
877 835 897 878 a
927 812 1092 880 salacitate
1128 834 1289 897 equorum

169 915 402 1005 ἱππόπορνοι,
436 913 557 999 qrribua
590 912 767 983 admodum
799 914 986 1000 propinqua
1016 923 1094 981 aunt
1125 913 1289 999 quaedam

171 1020 408 1089 Germanorum
447 1014 594 1103 epitheta
631 1013 804 1079 vernacula
844 1018 1058 1091 tanarum,
1094 1017 1289 1089 rattealtahl,

169 1123 356 1194 mautatodt
379 1120 554 1202 sachawild.
593 1116 634 1181 In
656 1115 729 1182 aliia
744 1138 820 1181 vero
844 1116 991 1202 corporis
1012 1115 1207 1201 magnitudo
1228 1116 1288 1181 de·

171 1223 318 1289 elaratur.
361 1219 447 1285 Nam
473 1227 511 1284 ut
533 1217 776 1302 Aristophanes
802 1218 960 1303 Aeschyli
986 1217 1088 1284 verba
1113 1217 1289 1305 aeequipe·

173 1321 259 1387 dalia
279 1318 410 1407 ῥήματα
431 1317 528 1403 βόεια
550 1329 660 1395 vocat,
683 1319 729 1384 aie
751 1319 898 1385 fraxinus
920 1320 1080 1385 excelsior
1100 1329 1220 1387 vocata.
1235 1330 1287 1384 eat

171 1422 332 1503 βοομελόα
360 1430 395 1486 et
420 1421 540 1487 ficuum
565 1421 694 1506 species
717 1419 883 1504 βοόσινκον
908 1432 945 1485 ut
973 1420 1008 1485 in
1031 1420 1113 1487 EM.
1132 1419 1209 1497 209,
1231 1419 1285 1483 45.

172 1523 325 1591 traditur:
353 1520 456 1589 εἴωθε
479 1517 664 1609 (εἰώθασι)
686 1526 730 1611 τῇ
752 1520 932 1610 reposcent]
958 1525 1018 1588 τοῦ
1043 1520 1155 1587 ἵππου
1181 1515 1287 1607 ἢτοῦ

171 1623 253 1705 βοὸς
270 1623 309 1689 τὸ
324 1622 470 1708 μέγεθος
486 1625 615 1710 δηλοῦν,
638 1618 707 1690 ἀπό
727 1627 788 1689 τοῦ
804 1617 887 1704 βοός
907 1621 945 1686 τό
969 1617 1142 1704 βοόσοκον,
1162 1614 1233 1686 ἀπὸ
1249 1620 1288 1688 δὲ

172 1728 230 1793 τοῦ
248 1723 360 1791 ἵππου
382 1720 612 1802 tacendam,
627 1723 718 1807 quod
739 1723 909 1789 confirmat
925 1722 1042 1788 Galeni
1066 1721 1289 1788 testimonium

172 1827 212 1899 in
228 1824 330 1891 Proll.
354 1844 387 1909 p.
409 1823 462 1889 50.
488 1823 662 1907 allegatum
688 1822 726 1889 ad
750 1814 867 1906 ἄγριον
887 1821 1067 1910 μα’ραβρον
1090 1819 1288 1908 ἱππομόρα-

171 1933 259 2009 θρον
287 1926 441 1990 καλεῖται
469 1921 525 1989 διὰ
553 1922 590 1990 ad
620 1922 767 2008 μέγαθος
799 1922 1010 2008 similiterque
1037 1924 1102 1989 alia
1128 1924 1241 2008 planta
1268 1945 1288 1989 a

173 2025 308 2095 Graecia
336 2021 556 2097 ἱπποσέλινον
582 2023 781 2099 nominatur,
812 2024 876 2089 alia
901 2021 1153 2092 ἱππολόπαθον
1178 2019 1222 2089 iu
1239 2035 1290 2089 eet

172 2127 333 2196 λάπαθον
354 2124 440 2210 μέγα
458 2125 574 2193 Diosc.
592 2125 677 2191 Mat.
688 2123 736 2189 11.
757 2145 786 2189 a.
798 2125 871 2190 141.
894 2148 914 2189 a
932 2125 1043 2190 Plinio
1065 2149 1143 2191 vero
1164 2125 1288 2191 huaeli-

171 2250 265 2302 num,
285 2225 502 2310 bulapathon‚
523 2237 555 2290 et
572 2246 658 2311 quae
672 2224 913 2313 Aristophanes
933 2237 1052 2313 poetae
1068 2226 1287 2313 grandiloquo

173 2325 350 2414 exprobrat
377 2321 510 2412 ῥήματα
535 2323 647 2408 βόεια,
677 2325 792 2390 eadem
814 2328 959 2413 appellat
987 2325 1208 2416 ἱππόκρημνα
1221 2329 1291 2413 ²⁵).

171 2428 311 2495 Falsum
334 2448 411 2490 vero
437 2425 521 2490 duco
550 2425 643 2509 quod
668 2425 1151 2494 Schol.Ariat.Nubb.1066.
1177 2429 1290 2495 scribit

173 2525 374 2613 Κρόνιππος
395 2523 413 2592 ὁ
435 2525 539 2610 μέγας
561 2528 660 2612 λῆρος
681 2522 757 2592 κατ’
779 2522 935 2594 ἐπίτασιν
954 2530 1208 2614 λαμβανομένου
1228 2535 1289 2599 τοῦ

172 2629 293 2704 ἵππου,
312 2627 403 2711 quod
422 2648 541 2693 nomen
561 2627 604 2689 ad
625 2627 885 2693 terminationem
904 2631 1004 2696 modo
1022 2630 1162 2716 pertinet
1183 2631 1289 2717 signi-

172 2729 334 2797 ficationia
357 2750 474 2814 expers
495 2726 587 2791 utin
609 2727 681 2791 aliis
704 2729 912 2814 propriorum
931 2731 1105 2810 Φίλιππος
1127 2743 1188 2797 etc.
1231 2731 1288 2799 Ab

174 2830 225 2895 hia
247 2828 355 2893 differt
375 2825 522 2911 βούπαις
543 2827 607 2895 hoc
633 2840 683 2893 est
703 2837 787 2909 παῖς
809 2825 827 2897 ό
852 2826 935 2896 καθ’
959 2827 1090 2917 ἡλικίαν
1113 2836 1195 2915 βοῦς
1221 2832 1289 2898 aive

172 2954 256 3022 puer
277 2933 347 3016 ejus
370 2930 484 2995 aetatis
510 2954 609 3016 quam
630 2930 771 3017 adeptae
792 2931 936 2996 bubulae
961 2933 1106 3018 pecudea
1130 2955 1197 2998 non
1219 2957 1287 2998 am-

173 3035 259 3122 plius
282 3030 432 3116 δαμόλαι
455 3042 488 3097 et
506 3030 627 3116 μόσχοι
650 3033 710 3098 eed
730 3030 808 3117 βόες
829 3042 987 3098 vocantur
1005 3056 1034 3098 v.
1050 3033 1152 3098 Proll.
1169 3033 1286 3119 54²⁶)

170 3136 343 3202 Postremo
371 3135 475 3201 Varro
505 3157 680 3221 perperam
706 3134 875 3220 componit
901 3137 1035 3217 βοῶπις
1065 3133 1101 3198 id
1127 3143 1178 3199 eat
1205 3133 1289 3216 βοός

173 3232 269 3314 ὦπας
288 3232 410 3316 ἔχοισα
429 3246 461 3297 et
479 3237 660 3301 hamommu
675 3235 758 3319 (non
773 3239 972 3302 hamammua
989 3243 1026 3299 ut
1042 3233 1287 3321 Lexicographi

239 3471 287 3538 25)
305 3464 485 3538 Βοαπρηόνες
503 3467 622 3539 κρημνοὶ
640 3461 759 3537 μεγάλοι
781 3466 850 3521 Her.
870 3464 964 3536 potina
988 3477 1054 3522 aaut
1075 3465 1203 3536 βσόβατοι
1227 3467 1287 3523 aive

171 3561 324 3626 βοοθερεῖς.
348 3551 465 3609 Corbita
480 3551 629 3607 multarum
646 3551 810 3623 amphoram
822 3546 978 3626 βοόφορτος
991 3552 1095 3609 dicitur
1106 3564 1136 3609 et
1147 3551 1287 3627 βοόβαρις,

171 3639 249 3694 navia
266 3637 399 3707 magister
417 3634 555 3709 βουβόρας
572 3633 586 3691 ὃ
603 3631 820 3709 μεγαλοναότης.

238 3741 287 3808 26)
304 3739 444 3793 Pindarus
456 3738 603 3794 mulierem
614 3755 782 3812 puerperam
794 3738 905 3793 vocavit
916 3743 995 3809 βοῦν,
1011 3741 1150 3812 Agathino
1163 3742 1288 3814 puellam

171 3822 304 3899 βόμαλιν·
317 3822 424 3894 Ephesi
437 3825 464 3878 ot
475 3828 664 3895 οἰνοχοοῦντες
677 3821 756 3901 ᾔθεοι
769 3822 914 3879 dictitant
927 3828 1020 3897 ταῦροι
1029 3828 1244 3884 Ademtum.
1252 3829 1287 3883 E.

170 3914 257 3984 vulgo
277 3908 358 3983 pueri
377 3908 547 3981 puellaeque
566 3908 699 3982 σκύμνοι,
722 3911 819 3965 πῶλοι.
850 3908 944 3965 Gloaa.
968 3912 1100 3968 Graecol.
1124 3912 1290 3967 catulaster

170 3995 302 4068 βούπαις,
325 3992 444 4064 πόλληξ,
469 3994 513 4050 cui
533 3994 676 4066 proximus
697 4003 738 4050 eat
757 3990 911 4066 ἀνδρόπαις
928 3993 945 4050 i.
964 4014 992 4069 q.
1011 4005 1181 4070 parectatna.
1219 3998 1290 4052 Cum

170 4079 287 4148 βούπαις
311 4080 439 4152 congruit
462 4098 517 4136 vox
537 4079 651 4152 plebeju
670 4084 827 4153 βουγέραν,
852 4084 993 4150 quomodo
1018 4100 1106 4138 aenex
1126 4083 1290 4155 decrepitae
1360 4104 1362 4111 ¹

170 4175 288 4222 vocatur
306 4187 359 4240 per
377 4176 547 4237 contemtum
565 4165 646 4236 quari
663 4168 715 4221 boa
734 4166 855 4230 vetulae,
875 4174 904 4220 et
919 4165 1063 4239 Καρόνιαις
1080 4170 1207 4239 ἓπακμος
1225 4176 1291 4230 σαῖς

170 4249 238 4306 Her.
258 4269 321 4306 nam
338 4250 391 4326 κόρ
410 4253 468 4309 aire
487 4249 559 4328 κόρα
577 4269 594 4306 a
610 4249 789 4322 Cretenaihua
806 4259 924 4306 uocatur
941 4251 1036 4322 ἡβοῦς
1053 4272 1080 4308 v.
1093 4253 1197 4310 Parall.
1211 4257 1255 4309 tt.
