2736 4778
217 298 227 315 '
295 343 353 410 nu
374 343 771 415 reoscuemrrsuo.
804 343 908 412 arn
931 344 964 412 s.
976 346 1000 412 1.
1023 347 1092 433 §.a
1178 346 1240 451 aaa

122 507 313 590 Ambiguum
345 513 396 574 est
424 508 614 590 exemplum,
648 508 733 590 quod
752 507 940 576 Eustathius
977 527 994 574 e
1016 511 1156 578 tenebris
1177 512 1240 595 By·

121 612 245 676 zantiae
268 611 458 693 loquutiom's
480 611 610 693 profers
625 611 695 678 158.
719 611 759 690 35
793 610 831 677 ro
866 603 961 697 ίίφαρ
993 611 1090 699 μέχρι
1124 614 1181 680 καί
1207 613 1242 693 ἐς

122 707 198 801 ίίρτι
232 713 449 800 περιφέρεται
485 715 578 802 παρὰ
601 719 671 792 σοῖς
694 714 840 799 λέγουσιν
873 706 1006 802 ἄφαρί
1039 715 1077 781 τὸ
1113 711 1241 799 αὐτίκα,

120 838 195 885 nam
216 818 301 884 idern
323 817 416 883 aliter
440 818 592 899 scriptum
614 818 647 882 in
668 815 740 881 EM
764 816 835 882 175.
861 815 901 882 14
927 818 1108 885 aratoribus
1129 820 1241 887 tribui·

121 930 174 988 tur
196 922 287 1003 longe
310 921 458 987 diversis:
494 912 649 999 οίἼωνες
676 915 805 1007 ἅφαρεί
826 921 957 1006 λέγουσι
993 921 1030 987 τὸ
1053 923 1176 1004 ταχίους
1209 926 1242 989 et

121 1025 215 1107 paulo
236 1029 310 1106 post
330 1044 358 1090 v.
376 1022 418 1089 24
441 1019 473 1090 οἱ
492 1019 716 1108 Ἀλεξανδρεῖς
738 1017 861 1111 ἇφαρεί
885 1024 1181 1110 (σοιεῖν),λίγονσι
1203 1026 1240 1094 τὸ

123 1129 259 1211 ταχέως,
302 1127 364 1192 nisi
402 1127 552 1192 mendum
584 1126 709 1206 subest,
753 1127 839 1209 quod
871 1125 1015 1193 Sturzius
1054 1130 1241 1210 suspiratur.

121 1230 351 1297 Adrerbiorum
372 1230 629 1296 disatalectomm
651 1234 739 1295 extat
760 1229 851 1325 eopia
871 1230 1022 1296 maxima:
1060 1226 1157 1316 ἄορί,
1180 1227 1241 1298 αὒ-

122 1331 236 1421 θαριί,
260 1328 428 1422 άμερμηρί
442 1369 477 1380 -
492 1329 546 1419 pal
567 1337 636 1412 ete,
659 1331 716 1397 sed
738 1332 843 1398 omnia
864 1333 1037 1414 composita
1059 1339 1142 1415 sunt,
1164 1334 1242 1400 illud

123 1437 255 1519 simplex
277 1438 360 1503 siout
381 1435 563 1518 temporale,
585 1435 625 1502 de
647 1452 709 1517 quo
730 1433 919 1501 Eustathius
939 1435 1079 1518 loquitur
1096 1434 1187 1504 1025.
1200 1433 1243 1504 33

122 1536 157 1608 ἐκ
181 1542 236 1605 τοῦ
259 1536 365 1624 πρωί
387 1538 422 1604 τὸ
447 1533 585 1622 πρώιος,
610 1534 773 1624 πρώιμος,
798 1533 946 1626 πριυιζίι·
970 1535 1184 1624 προϋπάρχοι
1204 1540 1242 1609 ὀί

122 1638 247 1710 νούσων
269 1641 306 1706 τὸ
328 1637 579 1727 μονοσύλλαβον
602 1643 695 1727 πρῶ,
718 1629 738 1706 ‘ri
761 1643 858 1730 δηλοῖ
878 1640 961 1707 κατὰ
987 1638 1182 1708 Παυσανίαν
1203 1641 1241 1708 τὸ

123 1742 223 1833 πρωί.
271 1741 375 1826 Stirps
396 1744 536 1810 omnium
557 1749 609 1810 est
642 1740 707 1830 πρό
730 1743 937 1828 praepositio,
970 1744 1043 1810 hina
1077 1742 1152 1831 πρώ
1185 1763 1242 1828 per

122 1847 282 1930 epectasin
316 1852 349 1912 et
382 1843 474 1933 πρωί
506 1847 588 1927 sire,
618 1851 655 1912 ut
675 1865 759 1913 nuno
784 1847 870 1929 apud
890 1845 1064 1912 Homerum
1085 1845 1242 1928 scribitur,

123 1954 212 2041 πριῦι
235 1945 305 2015 κατ’
330 1944 504 2018 ἐπέκτασιν
536 1954 595 2016 τοῦ
623 1952 638 2022 ὀ
663 1945 712 2030 είς
733 1952 760 2020 ὅ
781 1950 864 2035 μετὰ
892 1952 951 2015 τοῦ
973 1949 1001 2018 ἰ’
1021 1949 1094 2015 ΕΜ
1117 1948 1190 2015 692.
1211 1948 1242 2030 4,

123 2073 184 2137 quo
206 2052 328 2118 amedit
339 2053 529 2135 synaeresis:
553 2049 628 2141 πρῴ
651 2049 793 2132 ἀινιιῶς
814 2046 965 2131 ὀξύνεται
987 2052 1104 2121 καὶτὸ
1127 2057 1154 2125 ἶ
1175 2052 1243 2138 ἔχει

122 2151 192 2223 usto
225 2158 285 2220 τοῦ
309 2151 399 2241 σριυί
428 2154 600 2242 γενόμενον
634 2149 681 2233 ὥς
713 2150 784 2222 ἀπὸ
806 2151 946 2243 βαρείας
978 2154 1036 2224 καί
1064 2151 1176 2236 ὀξείας
1197 2151 1243 2237 ὡς

122 2254 247 2336 ὲσιαώς
269 2255 371 2336 ἑστώς
394 2257 489 2324 schol.
511 2258 607 2324 Arist
629 2256 709 2339 qu.
734 2255 795 2324 132
819 2255 860 2342 [ν.
872 2275 902 2340 p.
916 2255 982 2342 47].
1008 2292 1044 2306 ——
1068 2259 1164 2326 Aliud
1186 2259 1241 2326 ad·

122 2362 265 2429 verbium
287 2361 461 2458 temporale
484 2359 579 2427 schol
602 2360 730 2426 Lucian.
754 2360 793 2426 de
816 2359 893 2427 Salt
917 2360 935 2446 ᾖ
957 2360 977 2426 5
1000 2379 1030 2442 p.
1056 2358 1116 2428 143
1140 2361 1175 2429 Τ.
1196 2362 1243 2430 IV

122 2466 162 2533 ob
185 2465 323 2548 speeiem
344 2464 511 2547 antiptosis
526 2462 685 2546 designat:
709 2463 746 2530 τὸ
768 2463 815 2553 μὴ
839 2460 996 2551 ιὶίρασιν
1017 2459 1150 2530 arraudo
1171 2461 1242 2532 ἐστι

122 2568 177 2635 καί
202 2571 298 2633 τοῦτο
323 2565 476 2639 σόλοικον
498 2570 635 2636 δοκοῦν·
681 2557 806 2654 ιῗίφσιλσ
838 2566 900 2656 γὰρ
933 2565 985 2655 μῆ
1019 2564 1126 2655 ὥρας
1159 2559 1243 2636 εἶναι

123 2667 308 2759 αἰτιατικῇ,
340 2673 394 2736 νῦν
417 2669 454 2737 δὲ
478 2665 496 2754 ἦ
520 2664 633 2752 arrexi]
657 2665 821 2757 συνήθεια
844 2672 960 2760 darauf]
986 2675 1105 2756 χρῆται
1133 2697 1242 2760 παρα·

123 2771 238 2861 λόγος.
282 2773 419 2839 Facilius
441 2778 512 2839 erat
532 2774 598 2840 iota
619 2773 827 2856 apostaticum
849 2772 962 2838 dicere.
996 2771 1060 2838 Sed
1082 2774 1243 2842 adrerum
1263 2843 1266 2847 ,

122 2878 263 2961 proxime
286 2874 448 2956 accedunt,
471 2877 525 2957 qui
547 2875 699 2957 syllabam
720 2880 749 2946 ὦ
770 2875 810 2940 ab
833 2874 982 2941 adverbio
1002 2876 1095 2942 locali
1115 2874 1243 2962 θύρασι

124 2980 165 3047 ad
186 2979 360 3062 temporale
383 2975 489 3063 ὥρασι
512 2977 701 3043 translatam
722 2975 845 3057 dicunt,
877 2977 973 3059 idque
999 2980 1125 3059 proprie
1148 2981 1242 3063 signi-

123 3082 219 3151 ficare
252 3078 286 3148 ἐν
320 3077 407 3170 ὥρᾳ,
442 3081 508 3146 sire
541 3078 575 3146 ἐν
608 3073 724 3162 ὥραις,
761 3078 818 3144 sed
846 3096 917 3144 oum
937 3079 1034 3144 verbo
1057 3081 1244 3149 adveniendi

125 3185 305 3269 copulatum
327 3187 468 3248 mutasse
491 3182 614 3263 σχίσιν,
633 3186 671 3247 ut
692 3180 842 3253 adverbia
863 3180 976 3247 localia
999 3180 1114 3262 solent,
1148 3187 1245 3266 atque

124 3289 170 3354 sis
191 3305 249 3370 pro
276 3281 324 3364 εἷς
346 3282 435 3370 ὥρας
467 3283 529 3350 diei
556 3283 623 3350 tere
655 3290 693 3350 ut
714 3284 843 3350 Theocr.
865 3283 972 3349 XXIV
994 3281 1014 3350 9
1049 3276 1160 3366 ὄλβιοι
1194 3280 1244 3351 ἀῶ

123 3389 267 3464 ἵκοισθε,
291 3389 329 3455 oi
353 3388 394 3453 ad
416 3388 535 3453 Buttm.
558 3385 622 3453 352
644 3392 678 3453 et
698 3385 869 3477 Enger‘ad
891 3385 989 3452 Arist.
1011 3385 1084 3468 Lys.
1108 3384 1179 3454 391.

211 3493 238 3578 5.
261 3490 290 3557 3.
340 3490 427 3557 lota
469 3491 574 3572 longi
618 3489 772 3555 ambitum
815 3489 966 3556 describit
1008 3487 1168 3554 technious
1212 3489 1245 3554 in

124 3594 196 3660 EM.
219 3592 291 3659 341.
313 3590 355 3658 45
389 3591 472 3672 ἔθος
494 3590 624 3673 ἔχουσιν
652 3589 688 3658 αί
709 3592 815 3671 λέξεις
849 3587 882 3657 αί
916 3587 962 3668 είς
985 3586 1164 3677 σύμφωνον
1185 3589 1243 3678 λή-

124 3720 239 3782 γουσαι
263 3696 421 3779 δέχεσθαι
444 3692 618 3762 loturam
644 3695 703 3783 τὴν
727 3695 783 3761 διὰ
804 3697 863 3759 τοῦ
886 3695 921 3764 T:
955 3691 1055 3769 νυνί,
1090 3688 1245 3775 οὕνοσί,

125 3799 319 3866 ἐκεινοσί·
342 3794 377 3863 ui
399 3798 435 3865 δὲ
458 3794 504 3876 είς
525 3801 655 3885 φωνῆεν
678 3794 836 3884 λήγουσαν
851 3797 1024 3886 τρέπουσιν
1047 3794 1096 3876 εἷς
1111 3801 1146 3866 T:
1170 3792 1245 3879 ίιόί,

125 3900 255 3988 tropi,
279 3897 442 3977 ἐνθαδί,
475 3895 498 3987 ἢ
520 3900 557 3967 τὸ
581 3904 607 3971 ἶ
630 3897 925 3986 προσλαμβάνουσι
948 3901 1030 3965 κατὰ
1055 3897 1244 3966 διάστασινῑ

126 4000 261 4092 αίιιηί,
296 4001 475 4082 τουτουί,
510 4001 669 4089 τουτῳί.
726 4001 896 4068 Mensurae
919 4001 1128 4067 differentiam
1155 4006 1246 4065 notat

124 4109 228 4174 Draco
254 4105 314 4172 106
338 4101 371 4172 σί
395 4103 661 4188 ἐνιεκτσινιίμεναι
685 4105 741 4171 διὰ
765 4108 822 4170 τοῦ
845 4107 871 4172 ἶ
894 4099 1093 4185 σἰντιονυμίαι
1117 4102 1245 4187 μακρὸν

126 4210 237 4293 ἔχουσι
260 4209 297 4274 τὸ
325 4199 444 4278 ἶοίον
468 4205 645 4274 ἐκεινοσί
653 4258 662 4287 ,
688 4204 829 4273 οὑτοσί
836 4257 843 4280 ,
868 4205 1103 4288 significationis
1118 4205 1245 4287 Apollo·

124 4315 195 4379 nius
218 4313 310 4378 Pron.
334 4311 374 4377 75
398 4307 598 4396 ἇννιυνυμίαι
620 4307 865 4397 transactasque
889 4305 1058 4396 γινόμεναι
1070 4311 1244 4399 προσλαμ·
