2736 4778
141 337 207 404 DE
230 335 448 405 SYNCOPE
470 335 617 404 UNIUS
639 335 859 407 vocans.-
890 337 929 406 Ο.
942 338 987 404 Π.
1007 341 1032 425 ξ.
1045 340 1075 406 8.
1096 346 1180 420 ,265

64 521 195 586 nominc
217 519 304 597 δέος,
326 520 436 585 nullus
458 540 553 587 casus
573 518 734 604 reperitur
753 519 858 605 epsilo
882 520 1055 589 destitutus
1072 545 1179 610 neque
1234 594 1240 600 ,

64 623 161 707 hujus
187 619 339 706 adjectivi
374 641 481 705 neque
512 619 650 685 aliorum
681 638 767 704 quae
796 643 874 687 cum
903 622 1019 688 iisdem
1045 624 1180 691 vocibus

63 723 249 810 composita
270 730 348 786 suut
369 716 497 808 ἐνδεής,
525 714 882 808 ὐλιγοδεής-ἇὸεής,
910 720 1082 809 περιδεής,
1110 737 1180 810 ψο-

63 820 193 911 φοόεής
221 831 374 907 exceptov
391 842 457 886 uno
486 840 592 905 eoque
620 831 829 887 controverso
856 819 1022 910 θεουδής,
1053 823 1180 908 dequo

64 923 159 1009 prius
179 923 336 1006 loquutus
355 943 436 987 sum.
477 919 659 987 Aristarchi
675 943 796 987 nomen
811 922 913 988 semel
927 933 1052 987 tauhun
1066 923 1102 987 ia
1121 923 1182 990 hac

63 1046 168 1088 causa
186 1022 404 1108 interponitur
422 1033 457 1087 et
475 1021 583 1088 verbis
603 1022 829 1108 perobscuris3
857 1045 935 1088 uam
964 1023 1008 1087 ad
1033 1024 1074 1091 Π.
1095 1023 1181 1090 ΧΠ.

63 1123 143 1187 318.
175 1115 214 1188 οὐ
242 1121 308 1208 μὴν
333 1116 468 1208 ἀκληεῖς
494 1122 627 1210 Λυκίην
658 1123 743 1192 κατὰ
766 1124 979 1209 κοιρανέουσι
1001 1124 1113 1192 Schol.
1136 1128 1180 1193 A.

67 1221 134 1287 hoc
165 1222 313 1287 adnotat:
344 1217 489 1300 εὐκλειεῖς
526 1220 648 1302 οὕτως·
688 1218 805 1301 dalcae
844 1225 907 1307 (sic
939 1226 1009 1291 sine
1043 1239 1181 1293 accentu

63 1321 253 1405 Beklrerus)
282 1321 321 1389 ds*
339 1314 560 1406 Ἀρίσταρχος
587 1322 673 1390 κατὰ
698 1323 867 1411 σσγκοιιιὶε
895 1318 942 1403 ὡς
967 1324 1007 1393 τὸ
1031 1327 1178 1404 διιςκλέα.

60 1424 132 1488 Pro
154 1422 210 1488 illo
232 1421 437 1489 Villoisonus
464 1422 568 1488 edidit
588 1417 742 1509 ἆκληεις,
759 1424 792 1488 in
816 1447 880 1509 quo
897 1446 1064 1512 syncopae
1079 1428 1177 1493 vesti-

63 1524 155 1608 gium
183 1522 309 1588 nullum
335 1523 487 1589 cernitur.
534 1522 748 1589 Aristarchus
775 1525 913 1591 lortasse
939 1520 1061 1613 ὐκλῇες
1081 1528 1179 1594 scribi

62 1624 168 1690 voluit
181 1634 335 1709 tanquam
350 1645 392 1689 ex
407 1619 546 1709 έκληέες
562 1623 740 1702 concisum,
755 1624 818 1692 hoc
834 1637 942 1693 autem
958 1648 1019 1714 pro
1035 1625 1177 1709 ἀκλεέες,

62 1725 156 1809 quod
175 1725 380 1791 consuetudo
401 1722 567 1790 homerica
586 1725 730 1811 respuit,
754 1727 965 1794 substitutum
985 1751 1058 1794 esse
1075 1739 1178 1816 ,puta-

62 1827 110 1891 m't
149 1825 254 1912 epsilo
290 1825 396 1912 primo
430 1825 465 1891 in
491 1835 544 1890 eta
563 1836 703 1904 mutato,
735 1838 773 1892 ut
800 1826 945 1916 σπήεσσι
973 1829 1091 1897 dicitur
1117 1853 1178 1916 pro

60 1927 183 1995 σιεέισι
214 1938 247 1992 et
272 1923 413 2014 ζαχρηής
431 1926 667 2013 ἰιοιιοιιΠί-ριο
690 1928 830 2014 ζαχρεής
850 1940 1057 2016 acceperunt.
1107 1932 1179 1995 Nec

63 2036 174 2092 tamen
195 2037 335 2112 apparet
355 2048 413 2092 cur
434 2026 498 2092 hoc
519 2028 643 2112 fingere
666 2049 766 2110 quam
790 2022 925 2113 ἀκληεῖς
947 2029 1089 2096 scribere
1109 2052 1178 2095 ma-

62 2128 178 2204 luerit,
214 2127 306 2213 quod
334 2150 376 2192 ex
406 2122 538 2204 ἀκλεέες
567 2137 770 2192 contractum
797 2138 846 2191 est
874 2126 978 2213 epsilo
1010 2128 1116 2214 primo
1144 2129 1180 2195 in

62 2240 119 2293 eta
140 2238 337 2305 transeunte,
361 2226 490 2293 duobus
512 2227 651 2292 alteris
642 2252 677 2292 m
698 2253 739 2295 ει.
782 2226 876 2291 Etsi
894 2221 1045 2315 ἀκλῆες
1035 2252 1070 2292 m
1087 2228 1178 2296 libris

62 2328 209 2414 antiquis
230 2328 388 2418 scriptum
408 2327 547 2406 invenit,
577 2350 635 2393 cur
663 2328 698 2392 id
720 2348 884 2412 syncopae
913 2327 1023 2413 potius
1054 2330 1177 2396 adscri-

66 2431 205 2526 pserit
189 2452 287 2515 quem
303 2429 479 2514 synaeresi,
501 2429 590 2495 unde
611 2439 708 2495 natus
732 2438 782 2493 est
799 2429 1002 2499 accusativus
1015 2425 1177 2509 εὐκλεῖας,

63 2554 142 2596 nam
170 2557 206 2598 εε
233 2539 267 2597 et
294 2530 330 2595 iu
352 2556 381 2598 ει
405 2529 605 2596 contrahitur
626 2541 659 2595 et
678 2528 713 2594 iu
738 2557 770 2616 η.
806 2529 977 2647 Denique
987 2551 1028 2594 ex
1045 2523 1180 2608 ἇκλεῖες

62 2632 204 2697 existere
233 2630 341 2717 potuit
370 2626 492 2721 σ’σιλῇες
518 2630 725 2716 diphthongo
753 2630 888 2716 propria
912 2631 947 2695 in
968 2629 1179 2717 impropriam

63 2731 364 2819 tmnsfiguratafl).
409 2732 533 2798 Verum
555 2731 596 2797 de
619 2731 803 2797 accusativo
829 2727 982 2810 εὐκλεΐας
999 2756 1066 2799 non
1083 2734 1178 2799 omit-

63 2833 166 2899 tenda
187 2843 238 2899 est
257 2831 418 2898 sententia
440 2831 521 2899 EM.
545 2831 618 2910 392,
641 2832 692 2898 22.
717 2836 778 2898 τοῦ
807 2828 943 2920 εὐκλεής
966 2829 987 2922 ἦ
1009 2831 1179 2924 αἰτιατική

63 2934 145 3011 σούς
176 2931 331 3010 εὐκλεέας
365 2933 420 3000 καὶ
451 2932 537 2998 κατὰ
569 2929 760 3017 σοιαέρεσιν
790 2928 940 3012 εὐκλεῖας
972 2927 992 3020 ἢ
1025 2929 1092 3000 ὐπὸ
1122 2940 1181 3003 σοῦ

63 3031 204 3111 εὐκλέας
226 3021 533 3101 lancinatori
574 3031 707 3097 Etenim
733 3030 797 3096 hoc
823 3026 959 3109 εὐκλέας
977 3033 1181 3100 manifestam

63 3133 208 3220 praefert
229 3154 407 3220 syncopen.
451 3132 520 3201 Sed
541 3129 743 3217 probabilior
763 3139 814 3194 est
833 3131 1026 3215 synaeresis.

151 3236 273 3301 Poetas
289 3234 429 3301 Homeri
449 3231 596 3318 vestigiis
611 3230 799 3297 insistentes
813 3231 980 3316 adjectivis
996 3254 1072 3299 cum
1087 3231 1182 3310 κλέος

62 3336 258 3423 compositis
292 3324 317 3403 ἶ
353 3335 495 3401 cliticum
537 3331 716 3399 detraxisse
740 3333 813 3416 jam
845 3333 1002 3411 diximus3
1045 3333 1182 3401 aliorum

66 3436 217 3523 exempla
242 3458 377 3523 perrara
405 3445 490 3503 sunt
533 3434 646 3500 Unum
665 3432 891 3518 hujuscemodi
915 3446 966 3501 est
988 3435 1070 3500 illud
1091 3434 1181 3520 quod

64 3538 101 3602 in
124 3536 246 3602 Parall.
275 3537 349 3604 235.
379 3559 420 3602 ex
447 3534 663 3623 Euphorione
691 3534 830 3621 protuli,
859 3529 961 3619 ἅιρέο
990 3536 1095 3621 δῆμον
1119 3559 1180 3623 pro

66 3633 169 3724 ἆερεῆ
198 3637 266 3701 sive
297 3630 456 3722 dispencer
484 3648 640 3722 tanquam
664 3646 792 3701 erecto
813 3629 950 3723 ἆιρεής,
981 3638 1070 3705 unde
1099 3639 1181 3705 alius

65 3748 240 3824 poetarum
282 3737 516 3804 nominativum
553 3735 712 3824 pluralem
751 3736 845 3802 duxit
886 3738 945 3804 sed
983 3751 1182 3806 contractum

136 3923 183 3990 11)
199 3921 291 3992 Hujus
307 3921 462 3994 scripturae
478 3921 636 3994 exemplum
650 3937 668 3974 a
681 3919 876 3977 Grammaticis
891 3923 1052 3994 neglectum
1064 3922 1183 3993 praebet

63 4005 228 4062 Eustathius
241 4009 301 4072 519,
315 4010 354 4061 11.
369 4027 416 4063 teu
405 4005 581 4084 ’ζαχρὴεις“
567 4030 583 4077 η
596 4004 795 4080 παραλήγουσα
809 4006 946 4081 γράφεται
959 4007 1005 4063 δια
1020 4003 1182 4077 σιφθὸγγοο

66 4089 200 4164 ἔχουσα*
185 4115 202 4160 η
219 4091 248 4149 τὸ
265 4113 277 4149 ε
293 4096 341 4148 καὶ
358 4116 369 4148 ι
352 4080 573 4167 “’(ζαχρειεῖς)
559 4116 576 4163 ρ
594 4091 623 4150 εὐ
642 4117 657 4164 η
674 4093 746 4167 μετὰ
766 4099 842 4152 roris
832 4090 1016 4168 ι(ζαχρῂεις)
1041 4098 1185 4163 Ζοχριιεῖς

63 4185 97 4233 et
113 4176 242 4241 εὐκλειεῖς
254 4178 389 4250 ΔροΙΙοιι.
402 4178 425 4233 Ι.
439 4181 499 4237 8811.
514 4198 572 4236 non
586 4180 709 4237 deterius
722 4189 823 4236 sonant
835 4184 919 4250 quam
933 4183 1018 4233 celeo
1032 4185 1061 4234 et
1073 4182 1182 4236 κλείειν·

68 4267 122 4321 sed
140 4282 227 4336 quum
244 4265 445 4323 1εο11ειιιιιιιιὶ
461 4275 591 4339 possent,
609 4264 669 4322 sine
689 4266 776 4325 dubio
793 4265 901 4336 rejecta
917 4271 990 4325 sunt.
