2736 4778
191 359 262 431 ιρι
455 429 460 444 ,
555 348 875 417 mssnernno
904 347 954 436 ι.

190 539 326 626 φρλοῦν,
348 530 499 622 φηλιμής
515 555 589 598 cnm
610 530 770 619 σφάλλειν
792 543 933 618 cognata
957 554 1030 597 esse
1051 531 1232 597 communis
1254 544 1305 597 est

190 640 360 704 doctorum
385 635 545 699 sententia
571 657 601 697 v.
625 635 802 699 Hermann.
825 634 953 720 Opusc.
975 633 1003 698 Ι.
1029 635 1062 710 1,
1086 632 1158 698 160.
1181 644 1214 698 et
1235 631 1303 700 Co-

189 762 260 803 rses
291 738 333 802 cd
363 735 498 800 Heliod.
527 734 600 799 206.
632 735 689 817 qui
717 734 793 799 hine
814 734 1079 821 francogallicum
1100 738 1177 820 filou
1198 746 1304 801 ortum

190 848 298 925 putat3
333 837 515 920 eodemque
548 834 648 899 modo
682 836 782 922 siphs
808 852 883 901 curn
913 848 967 901 etc
991 848 1190 903 commutant
1213 860 1304 905 com·

190 940 299 1027 posita
336 933 550 1024 βρυιόφηλος
581 937 664 1000 Hes.
697 931 876 1023 άριφηλεῖς
916 932 1055 1022 εἷφερῶς
1088 931 1304 1022 ἀπατώμενοι

188 1042 267 1108 ΕΜ.
298 1033 491 1122 άρισφαλής
517 1035 669 1122 μεγάλως
696 1030 915 1117 ἀπατώμενος
941 1038 1024 1101 Hes.
1060 1033 1305 1126 άποσφὴλιυυις

190 1137 357 1222 άποιυχία
379 1137 473 1205 Suid.
495 1147 533 1201 ut
553 1138 732 1224 σφαλῶμεν
754 1130 971 1221 άποτόχωμεν
986 1137 1064 1204 Sch.
1077 1139 1166 1204 Plut.
1177 1141 1251 1205 350.
1263 1178 1304 1190 -

185 1237 402 1327 ’Λαφάραγος
426 1238 513 1302 idem
535 1238 720 1323 significare
742 1238 831 1322 quod
850 1235 984 1325 φάρυγξ
1003 1241 1211 1305 consentiunt
1229 1242 1303 1306 Ho-

190 1341 270 1406 meri
293 1340 486 1426 interpretes
508 1351 541 1404 et
558 1350 731 1424 utrumque
752 1340 1073 1427 onomatopcetieum
1099 1365 1171 1407 csse
1193 1343 1305 1407 statuit

190 1444 280 1530 Apio
311 1442 392 1508 EM.
424 1441 499 1516 737,
530 1439 581 1504 56.
616 1436 791 1526 σφάραγος
823 1437 842 1506 δ
876 1439 1011 1528 φάρυγξ
1042 1439 1112 1509 sind
1140 1447 1200 1510 τοῦ
1226 1443 1306 1527 περὶ

191 1542 293 1612 αὐτόν
324 1542 499 1626 γενομένου
532 1537 667 1625 ψόφου,
706 1541 796 1624 quod
824 1542 865 1605 dc
895 1541 951 1605 illo
985 1542 1211 1620 concedimus,
1245 1544 1305 1609 sed

191 1640 322 1730 φάρυγξ
340 1642 480 1707 fortasse
501 1640 543 1705 ab
565 1640 628 1704 elis
647 1640 748 1726 stirpe
770 1654 989 1727 propagatum
1007 1652 1056 1709 est
1071 1666 1136 1728 qua
1157 1642 1304 1729 φάραγξ.

190 1744 301 1811 Musci
320 1742 445 1807 arborei
465 1763 568 1826 genus
586 1737 734 1827 σφάγνος
749 1741 866 1805 dicitur
882 1754 914 1807 et
928 1741 1060 1830 φάοκος
1071 1769 1102 1808 v.
1114 1745 1303 1812 Schneider.

191 1845 233 1909 sd
262 1842 432 1928 Theophr.
466 1841 507 1905 T.
533 1841 597 1905 111.
628 1841 698 1904 179.
736 1845 889 1928 Φρυᾶιαι
914 1849 1081 1932 βριμμενᾷ
1101 1847 1183 1911 Hes.
1205 1868 1305 1930 quum

192 1958 266 2011 ante
286 1945 370 2030 φρόξ
389 1943 533 2030 positum
556 1941 612 2018 sit,
634 1940 772 2006 fortasse
795 1942 843 2006 sic
865 1943 1072 2008 scribendum
1094 1956 1144 2010 est
1160 1951 1305 2034 φριᾶται

189 2045 359 2133 βριμαόνει
381 2043 526 2109 similiter
547 2041 670 2108 nomini
694 2042 824 2130 Σφριαί
845 2037 994 2111 ἀπειλαί.

274 2164 329 2229 De
341 2161 519 2238 vocabulis,
544 2183 629 2245 quse
649 2160 846 2246 gutturalem
866 2160 988 2225 habent
1006 2184 1080 2226 cum
1099 2160 1204 2246 sigma
1225 2183 1304 2226 con·

185 2269 344 2351 junctam,
366 2272 491 2326 veteres
513 2262 692 2326 literatores
714 2260 801 2357 haec
817 2262 964 2326 tradunt:
981 2257 1199 2349 Ἀλέξανδρός
1220 2285 1305 2351 φησι

190 2367 269 2444 τοὺς
292 2359 377 2448 παρ’
400 2359 537 2448 Ὁμήρῳ
563 2362 665 2443 χωρὶς
689 2366 752 2428 τοῦ
777 2387 798 2428 ο
824 2367 944 2440 κῶπας
966 2355 1174 2430 εἶναι-καὶ
1198 2360 1307 2430 Σπιό·

190 2490 320 2543 οιαπος
341 2461 449 2540 οὕτως
468 2458 592 2538 αὐτοὺς
613 2456 768 2541 ὀνομάζει
790 2461 912 2527 Athen.
923 2463 988 2527 IX.
999 2463 1073 2529 391.
1090 2462 1129 2528 C.
1152 2462 1304 2550 Theogn.

192 2566 273 2634 Cen.
297 2565 368 2643 136,
390 2566 421 2628 4.
452 2562 563 2631 Schcl.
587 2561 692 2626 Paris.
716 2562 759 2627 ad
782 2562 922 2628 Theocr.
945 2564 972 2627 Ι.
995 2564 1068 2628 134ι
1089 2564 1145 2648 qui
1167 2575 1306 2649 utroque

190 2666 323 2732 nominc
344 2665 480 2729 eandem
502 2686 593 2729 avem
616 2664 722 2727 notari
743 2664 907 2741 indicant3
936 2665 996 2728 sed
1019 2686 1060 2729 ex
1080 2665 1212 2730 Aeliani
1233 2687 1305 2730 ver·

191 2769 241 2833 bis
252 2767 332 2833 XV.
343 2766 395 2830 28.
409 2766 488 2844 τοὺς
507 2765 664 2842 τιθέντας
684 2765 724 2830 τό
743 2765 847 2850 σίγμα
866 2760 1069 2849 ἁμαρτάνειν
1086 2771 1146 2853 τῆς
1157 2761 1306 2852 Ὁμήρου

190 2869 272 2951 περὶ
294 2869 351 2933 τὸν
373 2862 465 2952 όρνιν
486 2862 638 2951 γνώσεως
663 2865 905 2949 sequi-videtur
929 2887 1004 2929 cum
1026 2865 1181 2952 scopibus
1210 2866 1307 2929 eliam

191 2969 342 3035 tribuisse
366 2978 513 3033 naturam
537 2976 635 3051 atque
659 2965 812 3051 eopibus,
839 2988 922 3050 quos
945 2989 1041 3032 nemo
1065 2977 1222 3032 memoret
1242 2965 1306 3030 nisi

189 3074 272 3137 forte
293 3071 481 3158 Hesychius
504 3074 536 3134 Γ
532 3067 629 3146 tinne
654 3064 810 3144 κολοιούς
832 3065 1046 3145 Μακεδόνες,
1073 3069 1163 3153 quod
1187 3090 1307 3133 nomen

192 3174 340 3242 Sturzius
363 3177 480 3257 γῶιεας
508 3168 628 3235 scribit.
679 3168 869 3252 Sequuntur
893 3167 963 3242 alii3
993 3168 1144 3234 Photius·
1163 3167 1307 3250 σκόνυζα

195 3272 424 3359 (δερεκράτηςο
450 3271 505 3336 καὶ
529 3271 629 3353 χωρὶς
654 3274 713 3335 τοῦ
729 3256 761 3335 ἀ’
780 3268 919 3350 κόνυζαν
944 3270 1086 3355 λέγουσι.
1130 3270 1306 3336 Erotienus

192 3373 387 3458 Κορδίνιγμα
412 3368 578 3456 γράφεται
607 3366 662 3432 καὶ
685 3366 892 3451 σκορδιίιημα
916 3379 948 3433 et
971 3369 1229 3455 Καρδαμόσοειν
1251 3370 1309 3437 καὶ

192 3469 458 3555 οκαρδαμόσυειν
477 3465 657 3555 γράφεται·
675 3462 746 3531 ἔστι
765 3465 801 3531 δὲ
819 3474 960 3549 συνεχῶς
977 3469 1019 3538 τά
1034 3473 1191 3557 βλέφαρα
1208 3476 1309 3537 κινεῖν

193 3569 248 3633 καὶ
267 3566 315 3644 εἷς
334 3569 490 3651 δαίμοσιν
509 3563 609 3652 άγειν.
643 3569 695 3632 Ac
711 3566 845 3634 verbum
860 3574 1113 3655 σκορδινᾶσθαι,
1130 3573 1183 3637 cui
1202 3573 1309 3658 sigma

192 3690 360 3752 nunquam
378 3668 516 3745 decedit,
540 3688 614 3731 cum
636 3668 830 3755 ακορδάζειν
850 3671 886 3735 id
906 3681 956 3735 cst
978 3677 1135 3740 σπᾶσθαι
1155 3697 1185 3737 v.
1204 3673 1307 3738 Prcll.

192 3770 265 3835 225.
288 3778 322 3832 et
346 3789 420 3832 cum
447 3767 572 3853 κόρδαξ
586 3769 637 3851 ⁴¹)
662 3780 837 3854 cognatum
860 3792 932 3836 esse
954 3772 1113 3858 suspicor.
1157 3773 1309 3838 Alterum

193 4005 303 4059 cadium
320 4020 387 4058 vero
405 4004 446 4070 52,
460 4004 503 4057 30.
524 4001 572 4055 ubi
592 4003 628 4056 de
646 4001 767 4072 propriis
785 4004 886 4073 agitur,
907 4023 959 4075 pro
978 4009 1065 4078 φῇλος
1082 4010 1246 4080 ponendum
1264 4016 1310 4063 est

193 4094 313 4161 Σφῆλος.

194 4185 199 4189 ”
260 4192 305 4257 tt)
322 4189 452 4263 Κόρδοκα
468 4186 579 4245 ἑλκύσαι
591 4187 737 4257 Aristoph.
752 4183 848 4257 σόρειν
859 4207 911 4259 pro
929 4192 1032 4248 saltere
1050 4201 1080 4248 et
1096 4192 1112 4262 ἡ
1127 4197 1181 4249 τῶν
1199 4196 1309 4268 συριῶν

194 4270 304 4349 ὄρχησις
321 4277 493 4333 recentiores
512 4294 538 4329 v.
552 4272 629 4328 Keil.
653 4271 783 4342 Inscript.
799 4272 901 4329 Boeot.
916 4295 945 4347 p.
961 4279 1018 4332 143.
