2736 4778
159 311 224 377 DE
238 310 508 380 PROSTHESI
522 309 584 376 ET
601 309 863 380 APHAERESI.
880 308 1023 379 dvm.
1036 313 1061 398 ξ.
1069 312 1100 378 3·
1126 316 1197 386 161

83 521 102 562 a
125 500 228 587 κανᾷν
256 497 390 561 ductum
419 502 542 579 putans
570 490 795 557 terminatione
823 495 1022 582 paragogica
1050 505 1087 562 ut
1111 500 1201 586 μαᾷν

81 595 288 683 μοιμύλλειν.
332 592 563 661 Mehlhomius
585 592 717 657 veroin
740 591 883 658 Gramm.
905 618 939 679 p.
952 596 1001 662 76.
1025 619 1045 661 a
1066 596 1199 665 κυλίων.

84 700 183 783 Quae
205 707 329 763 restant
350 695 412 758 tria
432 691 531 757 verba
553 695 686 780 stirpem
708 716 827 780 puram
848 693 986 772 habent3
1009 718 1109 761 unum
1131 693 1200 765 (1σό

83 804 146 867 τοῦ
166 804 223 888 φιῦ
247 797 286 863 τὸ
312 793 423 884 φαίνω
450 788 755 884 ἂναδιπλασιασμῷ
781 791 958 885 παφοὶσσω
982 795 1039 862 καὶ
1064 796 1204 862 πλεονα-

86 903 161 987 σμῷ
184 892 373 985 παιφάσσω
396 889 441 972 ὥς
461 891 558 961 πτᾶω
582 894 710 963 πταίνω
742 893 939 970 παπταίνω,
968 895 1092 960 πάσσω
1114 891 1205 984 πάλη

89 995 254 1086 πασπάλη
278 995 387 1065 Schol.
404 995 475 1061 BL.
496 996 540 1060 ad
559 996 598 1061 11.
617 996 664 1061 H.
681 996 755 1062 450.
776 1007 810 1063 et
824 998 866 1063 V.
880 996 952 1062 803.
974 995 1056 1061 ΕΜ.
1069 993 1142 1073 658,
1156 994 1205 1059 16.

90 1097 242 1162 Alterum
264 1108 313 1163 est
332 1096 369 1164 τὸ
391 1098 444 1180 poi
465 1093 691 1181 πρωτόταττον
711 1101 770 1167 τοῦ
790 1102 909 1183 prospici
930 1098 1025 1163 Euat.
1049 1095 1128 1175 661,
1152 1096 1205 1161 25.

92 1209 125 1262 et
147 1202 206 1266 τοῦ
224 1193 403 1282 μαιμάσσω
425 1191 472 1276 ὥς
495 1193 572 1286 σάω
597 1196 785 1287 παιφάσσω
812 1198 922 1285 Epim.
945 1200 973 1264 Ι.
995 1199 1046 1264 80.
1075 1199 1206 1264 tertium

89 1295 243 1364 ποιπνύω
265 1295 360 1383 παρὰ
379 1297 418 1363 τὸ
441 1302 537 1364 πονῶ
559 1295 673 1365 πονύω
696 1296 787 1366 mrito
811 1299 921 1368 Schol.
935 1302 979 1366 A.
996 1301 1040 1365 ad
1053 1300 1093 1365 Il.
1105 1300 1204 1367 XIV.

87 1397 158 1462 155.
183 1397 259 1465 Sch.
279 1397 375 1483 Lips.
396 1397 425 1462 I.
448 1397 522 1462 600.
547 1410 579 1464 et
599 1398 748 1465 breviore
773 1401 895 1467 ambitu
914 1402 1009 1490 παρὰ
1032 1401 1069 1469 τὸ
1093 1403 1206 1470 πνέειν

86 1497 143 1564 καὶ
171 1497 286 1566 maiiiv
316 1498 398 1564 ΕΜ.
426 1498 504 1577 679,
534 1501 583 1565 15.
616 1501 706 1586 quod
732 1503 807 1586 jure
837 1502 957 1589 probat
987 1491 1206 1568 Buttmaimua

84 1599 192 1664 Lexil.
212 1600 240 1664 I.
264 1599 337 1664 177.
359 1600 500 1667 auctoris
521 1601 699 1680 immemor,
723 1604 905 1690 eodemque
926 1605 1000 1669 loco
1023 1601 1206 1693 ποιφύσσω

87 1699 252 1790 οφοσάω
283 1700 419 1767 arcessit
448 1713 626 1787 praeeunte
650 1705 826 1771 Eustathio
853 1730 886 1794 p.
912 1706 988 1784 160,
1012 1706 1064 1772 30.
1094 1727 1205 1790 aquo

86 1803 156 1867 sine
179 1824 278 1868 causa
300 1802 451 1868 dissentit
465 1804 690 1871 Blomfieldius
714 1807 758 1872 ad
775 1807 867 1894 Sept.
880 1807 952 1872 280.
973 1807 1032 1872 sed
1054 1806 1205 1872 thematis

85 1904 159 1969 loco
194 1904 450 1992 supponendum
486 1916 537 1973 est
567 1906 701 1972 verbum
736 1908 891 1973 oblivium
926 1909 1014 1972 unde
1049 1912 1140 1994 φῦσα
1174 1916 1208 1969 et

85 2003 208 2091 βύκτης
223 2008 276 2091 ¹⁸)
298 2016 376 2070 nata
397 2017 473 2072 sunt
494 2017 526 2072 et
547 2008 727 2092 interjectio
750 2012 799 2092 φῦ
819 2013 876 2095 φῦ,
900 2030 965 2092 qua
982 2003 1013 2072 oi
1037 2010 1208 2092 φυσῶντες

85 2115 222 2170 utuntur
229 2105 320 2175 ‘Sola
331 2107 434 2173 Arist.
448 2108 530 2192 Lys.
541 2108 615 2173 304.
636 2107 777 2174 Philem.
790 2107 934 2173 Gramm.
946 2107 974 2172 Ι.
993 2106 1064 2170 171.
1085 2128 1119 2191 p.
1133 2105 1205 2170 101.

87 2206 270 2274 Δαδαίνειν
296 2210 349 2275 vel
375 2208 486 2296 potius
515 2207 716 2286 δανδαίνειν,
745 2208 835 2293 quod
856 2207 1043 2295 Hesychius
1071 2207 1207 2293 exponit

89 2302 248 2390 ἀτενίζων
270 2311 459 2398 φροντίζειν
481 2313 653 2398 μερνμνᾷν,
677 2310 704 2374 si
728 2332 793 2395 qua
815 2331 888 2376 cum
910 2311 1030 2397 δαῆναι
1052 2309 1207 2376 cohaeret

87 2408 288 2497 proprieque
307 2414 466 2478 noscitare
494 2409 673 2496 significat,
702 2410 807 2477 eidem
828 2411 941 2499 generi
966 2411 1207 2497 duplicatorum

89 2510 369 2577 adnumerandum
391 2511 460 2577 erit.
481 2549 523 2560 -
552 2514 646 2578 Haec
671 2522 778 2579 autem
803 2523 835 2578 et
863 2511 1033 2599 superiora
1058 2511 1220 2596 exempla·

88 2612 324 2706 perlustrantes
346 2621 487 2697 quatuor
509 2622 634 2678 tantum
655 2615 691 2679 in
713 2614 837 2701 syllaba
857 2613 1058 2702 prosthctica
1075 2612 1207 2679 vocales

89 2712 383 2799 deprehendimus:
406 2713 602 2804 παμφαίνω,
624 2712 801 2805 βαβριόθω,
823 2715 1012 2806 βτβρώσκω,
1033 2711 1208 2803 μορμύρω.

86 2815 153 2879 Eta
179 2813 271 2878 addit
296 2814 489 2881 Eustathius
512 2815 591 2895 641,
618 2815 670 2881 54.
699 2818 800 2906 νηνέω
827 2818 1012 2905 προςθέσει
1039 2818 1209 2904 συλλαβῆς

87 2913 124 2980 ἐν
146 2919 294 3005 κατορχῇ
321 2925 353 2980 et
378 2914 456 2993 680,
477 2915 529 2982 25.
554 2909 658 3004 κηκίω
681 2913 749 2984 ἀπὸ
774 2921 834 2984 τοῦ
858 2917 918 2983 uico
943 2917 999 2984 καὶ
1021 2910 1209 2982 drudewin-

87 3017 225 3100 σιασμῷ
249 3013 353 3082 κακίω
376 3013 433 3081 ναὶ
454 3022 582 3104 τροπῇ·
607 3011 717 3094 ἄλλως
739 3014 801 3100 γὰρ
829 3011 889 3081 οὖν
915 3013 1004 3080 ἔστιν
1026 3011 1208 3101 εὑρεθῆναι

87 3110 406 3197 ἄναδτττλασιασμὸν
435 3114 665 3198 ἐντεταμένον·
695 3117 848 3181 τοιοῦτον
877 3113 914 3181 δέ
939 3138 972 3180 τι
999 3113 1122 3198 γίνεται
1151 3111 1210 3179 καὶ

88 3213 148 3281 ἐπὶ
168 3217 229 3281 τοῦ
251 3220 339 3303 spui
361 3216 418 3284 καὶ
440 3215 500 3284 ἐπὶ
520 3219 579 3281 τοῦ
603 3210 779 3302 ἐπενήνεον
801 3213 857 3281 καὶ
877 3217 937 3281 τοῦ
957 3211 1097 3299 κηνάζω.
1131 3213 1206 3277 Ho-

87 3337 161 3379 rum
184 3337 285 3380 unum
306 3317 417 3405 τητάω
446 3340 466 3382 a
491 3313 572 3403 τὴτη
599 3314 667 3380 sive
688 3318 787 3402 τῆτος
809 3309 828 3402 ἡ
852 3315 1007 3403 στέρησις
1029 3312 1208 3379 derivatum
1265 3366 1268 3371 .

90 3423 157 3493 est,
190 3414 326 3481 alterum
355 3419 471 3506 νηνέω,
504 3417 597 3505 cujus
626 3439 727 3482 unum
754 3417 853 3481 modo
885 3426 1014 3502 tempus
1045 3414 1209 3480 invenitur

88 3512 294 3605 (ἕαενήνοον,
316 3516 539 3608 παρενήνεον)
563 3541 584 3584 a
604 3519 689 3607 νηέω
711 3516 905 3605 interposito
927 3521 964 3584 νῦ
986 3514 1111 3581 Techn.
1134 3518 1205 3584 149.

90 3616 230 3681 duorum
245 3617 444 3703 reliquorum
461 3619 553 3707 origo
570 3618 819 3705 inexplicabilis,
837 3616 1039 3705 diplasiasmi
1055 3618 1206 3705 probatio

87 3717 124 3781 in
146 3739 271 3783 summa
295 3719 395 3785 nulla.
445 3719 517 3787 Nec
544 3720 707 3787 invenitur
734 3719 882 3808 ypsilon3
913 3741 990 3784 nam
1018 3722 1109 3806 quod
1133 3724 1206 3786 He-

89 3817 222 3904 sychius
252 3821 377 3909 profert
403 3819 601 3911 Μορμύρων
633 3818 654 3910 ἢ
686 3820 867 3909 μορμύρων
898 3819 1091 3907 ταράσσων,
1124 3821 1159 3882 id
1189 3842 1208 3883 e

88 3931 245 4009 corrupto
276 3921 453 4010 exemplari
484 3922 619 3989 fluxisse
650 3921 911 4010 glossographus
945 3923 1018 4009 ipse
1050 3928 1208 3985 consueto

160 4157 206 4224 16)
224 4156 288 4212 Hoc
309 4165 353 4212 ost
371 4155 563 4228 gauronicam
582 4154 710 4215 Puerier
729 4156 760 4212 id
781 4163 826 4209 est
848 4148 972 4227 φυσητῆς
992 4161 1021 4207 et
1039 4146 1211 4228 φασητὴρων

88 4240 127 4294 cl.
143 4239 253 4296 Techn.
270 4243 327 4296 100.
341 4251 370 4296 et
386 4244 444 4297 101.

144 4327 278 4377 habear,
294 4329 382 4369 Pathol.
964 4325 1002 4390 11
