2736 4778
200 403 258 468 DE
281 401 525 486 sumundum,
549 403 750 482 olenus-Sl
770 409 829 472 etc
862 404 896 470 Ρ.
908 404 949 470 Π.
972 404 1006 471 O.
1017 405 1059 472 11.
1082 407 1109 492 5.
1122 407 1150 472 5.
1187 407 1246 474 111

134 565 218 633 λοέω
240 585 298 648 per
320 567 506 649 epenthesin
520 573 565 636 ‚ut
586 565 652 635 ado
675 569 756 635 ιιοέιο
770 569 807 651 ⁴),
842 573 874 633 et
905 568 978 634 hine
998 569 1139 634 nonnulli
1161 565 1248 637 λοὺιο

131 675 327 736 contractum
349 677 488 751 censent,
522 670 607 754 quod
637 677 711 752 post
732 670 905 737 Homerum
933 673 967 736 in
990 673 1248 739 consuetudinem

130 773 232 851 venit,
255 773 326 838 aliis
349 773 540 838 contrarium
563 772 782 839 suadentibus:
816 774 855 841 ιὸ
889 773 1056 844 λοέσσαι
1089 776 1182 844 δοκεῖ
1201 774 1248 862 μὴ

131 873 167 941 da
195 878 255 941 τοῦ
289 877 544 964 περισπωμένου
576 875 754 955 ἐνεστῶτος
785 879 936 963 γενέσθαι
959 883 1019 944 τοῦ
1041 878 1130 953 λοῶ,
1166 871 1248 943 ἀλλὰ

131 976 216 1042 κατὰ
239 973 389 1045 διάλυσιν
412 979 447 1045 ἐκ
470 988 528 1046 τοῦ
551 983 704 1047 λοῦσαι·
728 980 904 1068 κιρναμέιη
928 981 990 1068 γὰρ
1012 974 1089 1067 ἦῆ
1104 976 1248 1069 diodor·

131 1104 187 1165 γος
210 1075 246 1146 ἐκ
267 1084 328 1146 ιοῖ
350 1083 365 1151 ξ
393 1080 449 1147 καὶ
471 1088 486 1154 ι’
513 1077 560 1161 εἷς
588 1078 689 1169 αὐτὴν
711 1080 766 1148 καὶ
789 1075 980 1149 ἀναλύεται·
1013 1080 1102 1149 ἔστιν
1130 1074 1247 1149 οὖντὸ

131 1181 458 1265 πρωτότυιτοιλούω
481 1183 537 1250 καὶ
559 1183 593 1251 ἐν
616 1183 762 1251 διαλύσει
786 1185 886 1251 λοέαι
909 1179 932 1273 ἢ
953 1181 1122 1251 ἀνάπαλιν
1144 1181 1248 1264 καὶἒξ

130 1281 240 1351 adum
254 1284 289 1352 cd
305 1285 469 1370 λοστρόν
485 1286 540 1353 καὶ
552 1284 786 1372 τὸλοιισρόν,
797 1286 835 1352 τὸ
852 1285 1030 1354 λόεσθαι
1044 1286 1096 1354 καὶ
1108 1311 1146 1353 co
1159 1289 1245 1354 λοῦ·
1302 1318 1304 1322 “

129 1379 231 1454 odoi
251 1387 340 1453 Eust
355 1387 446 1453 1300.
462 1386 513 1454 60.
523 1427 558 1437 -
574 1390 808 1472 Apracscripto
831 1391 939 1456 ordine
957 1390 1091 1456 discedit
1105 1387 1246 1456 futurum

129 1489 269 1576 ὀμεῖται,
288 1511 418 1574 proquo
431 1487 570 1576 ὀμοῦιοι
589 1492 755 1558 dicendum
766 1498 837 1557 erat
857 1492 1018 1558 vocalibus
1042 1498 1123 1580 {let
1140 1493 1157 1564 ἒ
1174 1498 1247 1575 post

128 1596 495 1662 exemtionemconsonae
507 1595 804 1677 interpositaeinii
816 1595 1059 1675 contractis‚sed
1070 1595 1246 1677 analogiam

130 1699 292 1779 superavit
308 1699 419 1764 similis
442 1717 537 1764 sonus
559 1697 727 1763 verborum
747 1698 938 1781 liquidorum
961 1702 1244 1782 κομοῡμοι-ιια·

127 1807 251 1887 μεῖῑαι,
276 1803 686 1888 δραμοῦμαι-δραμεῖται
710 1806 778 1881 ete,
800 1821 829 1866 v.
843 1800 955 1866 Rhem.
969 1799 1039 1867 163.
1053 1839 1089 1849 -
1108 1801 1246 1869 Dorismi

128 1904 265 1985 speciem
298 1904 485 1970 assimulant
518 1904 580 1968 duo
601 1904 714 1984 verba,
747 1923 844 1970 unum
867 1903 1083 1985 Homericum,
1117 1904 1246 1987 dequo

126 2006 228 2088 Epim.
251 2007 267 2071 I
293 2004 365 2072 402.
388 2004 445 2087 24,
479 2005 551 2071 EM.
575 2006 646 2072 708.
670 2005 711 2071 38
745 2005 866 2072 lodov
901 2007 956 2097 καὶ
989 2013 1097 2094 τροπῇ
1120 2008 1246 2096 dropace&

126 2113 186 2197 τῆς
198 2112 230 2181 ο““ο
243 2106 288 2187 εἷς
298 2112 324 2179 οἱ
335 2106 440 2176 &odeo
452 2108 507 2175 nol
520 2104 553 2193 (ὁ
567 2106 817 2196 προστακτικὸς)
831 2104 878 2174 σά
887 2133 929 2189 ιο,
953 2128 981 2173 v.
993 2108 1035 2174 ad
1045 2107 1245 2191 Buttmtsit

126 2213 261 2278 alterum
272 2212 427 2278 Atticum:
450 2212 488 2277 cd
512 2214 636 2300 ῥιγῶν
660 2207 730 2276 ἀντὶ
744 2217 802 2276 τοῦ
817 2212 956 2300 ῥιγοῦν
978 2207 1130 2297 δωρικόν·
1147 2216 1245 2278 τοῦτο

127 2320 379 2403 κατακραιῆσαα
402 2314 495 2403 παρὰ
518 2311 757 2393 ιοῖςἈτιικσῖς
778 2313 873 2379 schol.
885 2314 980 2395 Vesp.
993 2311 1065 2394 446,
1082 2314 1159 2380 Avv.
1170 2311 1243 2380 935.

126 2420 172 2485 Ac
204 2419 310 2484 nescio
343 2438 384 2484 an
417 2417 642 2500 bibliographi,
675 2417 730 2499 qui
759 2416 843 2498 apud
865 2417 1037 2482 Hesiodum
1060 2436 1117 2499 pro
1140 2412 1243 2504 ἀρόμ-

124 2547 233 2603 μιιοι,
254 2526 292 2587 ut
311 2521 406 2603 vulgo
428 2521 551 2603 legitur,
576 2515 743 2608 deriperas
766 2520 974 2601 scripserim,
1007 2511 1040 2584 id
1061 2539 1119 2602 pro
1142 2516 1244 2609 ἆροὺ-

124 2649 221 2707 μενοι
244 2625 382 2706 positum
405 2643 475 2690 esse
497 2623 699 2703 crediderint,
721 2643 748 2689 v.
771 2622 902 2687 Elemm.
925 2621 1035 2687 1268.

211 2726 275 2793 Sed
296 2726 449 2793 latissime
470 2726 550 2791 haec
571 2724 711 2807 syllabae
733 2722 837 2790 finalis
860 2725 1017 2806 corruptio
1033 2731 1166 2807 vagatur
1186 2745 1244 2809 per

125 2830 280 2896 adiectiva
301 2830 334 2894 in
355 2832 424 2912 ff,
446 2847 579 2911 quorum
601 2827 751 2892 nonnulla
767 2828 1108 2909 substantivorumvim
1128 2830 1245 2911 adepta

125 2939 211 2997 sunt:
247 2933 410 3011 πλακοῦς,
446 2934 600 3018 πυραμαῐ
602 2954 628 3008 ς,
660 2925 849 3012 Ἀμαθοῦς,
884 2952 1021 2993 certasse.
1080 2932 1244 2998 Adiectiva

125 3036 304 3101 huiusmodi
326 3035 492 3100 Florianus
514 3032 642 3098 Lobcck
664 3032 697 3097 in
720 3030 860 3108 Quaeso.
883 3031 953 3096 lon.
976 3033 993 3096 Ι
1013 3053 1043 3115 p.
1055 3033 1159 3099 alex
1180 3054 1243 3100 uno

125 3139 263 3204 Homero
285 3137 495 3221 quadraginta
517 3135 601 3200 eruit
621 3135 733 3217 hisque
756 3134 896 3216 aggessit
917 3134 1052 3217 plurima
1075 3153 1113 3200 ex
1128 3136 1242 3202 ceteris
1338 3156 1341 3162 ·

124 3243 221 3323 epicis
253 3247 509 3324 praetergressus
542 3238 684 3320 propria,
718 3255 776 3302 nec
797 3237 988 3302 mentionem
1010 3237 1122 3303 habuit
1143 3239 1241 3304 crosis

124 3349 176 3436 σῖ,
189 3345 350 3428 syninesis.
393 3344 482 3409 Illius
504 3343 632 3426 quidem
664 3341 698 3405 in
723 3339 899 3406 Homericis
931 3341 1053 3406 nullum
1075 3342 1242 3423 vestigium

124 3449 270 3529 emergit,
305 3447 362 3511 sed
383 3446 541 3527 Hesiodus
575 3447 608 3510 iu
635 3445 722 3509 exitu
743 3463 855 3509 versus
882 3445 988 3526 posuit
1012 3442 1106 3511 θεῖόν
1129 3469 1163 3512 ιε
1185 3449 1239 3511 Σι-

122 3554 265 3634 μοῦιιο,
298 3549 382 3632 quod
405 3551 567 3616 doctorum
588 3547 729 3614 nonnulli
751 3548 793 3612 ad
813 3546 1014 3613 Homericam
1036 3546 1169 3615 formam
1190 3568 1241 3615 re·

123 3652 293 3735 digendum
325 3658 496 3734 putarunt,
531 3653 588 3718 sed
621 3650 763 3718 defendit
802 3650 943 3716 oodicum
976 3670 1164 3734 consensus,
1203 3651 1240 3719 cf.

124 3756 284 3821 Muetzell.
318 3774 347 3836 p.
370 3753 421 3820 96.
475 3744 864 3836 Feminiuum'lluripides
896 3759 997 3821 metro
1025 3757 1241 3823 accommodat
1329 3813 1347 3832 ,

122 3859 296 3941 §prosarie
317 3864 350 3959 et
372 3856 558 3941 Σιμσοισλς,
591 3878 653 3942 quo
675 3857 729 3924 alii
750 3877 874 3941 quoque
896 3864 1037 3925 utuntur.
1083 3859 1240 3941 Synizesis

122 3962 300 4044 opinionem
333 3961 442 4027 attulit
474 3962 663 4028 adiectioum
697 3958 914 4048 φοινικόεσσα
941 3962 974 4026 in
997 3962 1106 4026 eodem
1128 3978 1240 4026 versus

121 4064 189 4131 loco
212 4067 364 4147 scriptum
386 4063 423 4129 ll.
444 4062 475 4129 X
500 4063 569 4146 133,
592 4065 632 4130 de
654 4082 717 4146 quo
737 4063 879 4148 Heynius
902 4064 947 4127 sic
968 4063 1121 4144 loquitur:
1152 4060 1241 4127 Olar-

191 4308 219 4374 ⁴)
237 4309 496 4362 Hoeollnttmennns
513 4306 615 4360 confert
631 4323 685 4360 non
701 4308 827 4375 ignorans
845 4301 921 4360 κύειν
928 4309 1059 4361 nocentius
1074 4323 1134 4360 esse
1148 4308 1239 4374 altero,

123 4393 155 4446 de
173 4411 224 4462 quo
242 4395 297 4480 dixi
314 4397 342 4447 in
359 4395 456 4450 Porcll.
475 4391 536 4448 556.
