2736 4778
160 382 225 448 nn
246 380 515 450 1100110101
535 381 598 449 nr
621 381 884 451 1111111101.
910 381 948 450 0.
962 382 1004 453 v.
1027 386 1052 471 s.
1065 383 1096 450 a
1145 386 1195 459 at

84 564 304 633 Schneiderus
332 565 458 632 indicat
485 565 630 633 Hutta'a
659 558 847 654 ἢἈθηνᾶ·
872 567 1009 648 mli-oue
1032 568 1094 658 γὰρ
1120 567 1198 639 {xoi-

84 668 163 734 lovv
175 668 255 747 τοὺς
270 662 482 755 ὀφθαλμούς,
495 665 702 732 scribendum
714 678 764 734 est
776 662 936 746 ὀπτίλους
945 681 979 735 et
985 665 1142 739 Ὀπτιλία
1151 673 1197 758 ὅ).

85 768 188 850 Quod
210 779 371 856 superest,
392 767 582 834 Eustathius
608 769 701 848 1485,
723 770 776 835 48.
799 768 986 857 exemplum
1007 771 1127 858 promit
1146 795 1197 855 ar-¹

84 871 175 937 ticuli
207 894 283 938 cum
314 869 445 936 nomine
470 871 516 935 ita
545 871 653 937 coaliti
675 883 712 937 ut
733 870 877 958 speciem
899 872 1082 958 pleonasmi
1103 896 1199 960 pras?

84 972 179 1038 beate
209 968 228 1038 ὁ
259 975 323 1055 μῦς
344 970 618 1060 παραφθείρειαι
639 979 711 1054 τοῖς
732 975 874 1050 πολλοῖς
895 970 945 1053 εἰς
966 970 1116 1059 ὁμύδιον.
1157 972 1201 1047 Id

83 1074 145 1139 Du
164 1071 310 1158 Cangius
326 1072 551 1158 corrigendum
574 1086 667 1161 putat
687 1071 737 1154 εἷς
757 1073 794 1140 τὸ
818 1071 946 1158 pridem,
967 1075 1027 1141 sed
1048 1074 1130 1141 haec
1151 1086 1202 1142 est

86 1174 232 1259 legitima
254 1173 439 1239 deminutivi
457 1173 561 1240 forma
577 1187 613 1240 ut
629 1172 790 1257 ἰχθύδιον,
812 1198 880 1241 101
897 1178 1081 1263 corruptela
1098 1177 1199 1269 vulgi,

85 1287 121 1339 ut
143 1276 199 1340 ille
222 1275 315 1352 dicit,
340 1286 374 1342 et
393 1276 527 1363 spiritus
548 1277 705 1343 indicium
724 1275 863 1366 'praebet
879 1277 1005 1346 articuli
1026 1279 1200 1346 masculini

84 1400 158 1443 cum
172 1446 181 1463 Ι
196 1377 326 1442 nomine
364 1376 500 1444 licenter
534 1380 747 1466 conglutinati
780 1391 817 1444 ut
844 1402 949 1448 sermo
977 1382 1126 1469 plebejus
1157 1381 1198 1450 ab

83 1476 198 1546 ὁδεῖνα
237 1479 412 1545 declinavit
445 1481 504 1548 τὸν
538 1476 661 1548 ludelau.
713 1481 875 1568 Neglecta
905 1495 957 1548 est
983 1484 1138 1570 aspiratio
1165 1484 1200 1550 in

83 1580 197 1649 Schol.
226 1580 382 1670 Oppian.¹
404 1583 480 1648 Hal.
509 1582 537 1649 I.
569 1583 640 1648 138.
669 1577 979 1674 χήμῃσι-ὀμυόίοις
996 1576 1039 1650 ¹et
1064 1607 1095 1650 a
1124 1584 1199 1653 316.

83 1679 331 1768 μύες-(11160100.
1191 1745 1194 1750 .

168 1788 194 1870 1.
217 1786 248 1851 2.
291 1786 326 1850 Α
350 1784 534 1863 vocabulis,
569 1807 653 1871 quae
678 1785 833 1852 hactenus
864 1785 1016 1865 dissensi,
1046 1785 1200 1853 differunt

85 1909 224 1973 eaquae
241 1910 261 1951 a
276 1888 438 1975 principio
456 1899 549 1952 aucta
568 1887 705 1952 formam
727 1888 836 1974 aliqua
856 1888 1028 1952 immutant
1048 1898 1086 1952 ut
1107 1889 1198 1954 tino

84 1986 237 2067 ὀλόπτω,
265 1989 353 2054 unde
382 1985 516 2075 ὄλόψας
545 1982 618 2055 ἀντὶ
645 1994 706 2054 τοῦ
735 1989 876 2065 lenione
904 1988 1016 2055 Schol.
1037 1988 1112 2052 Nic.
1134 1986 1198 2052 Th.

84 2089 158 2155 595.
203 2092 342 2157 Homeri
365 2092 557 2175 interpretes
578 2089 743 2166 nonnulli,
772 2088 849 2172 quia
875 2088 964 2152 idem
995 2097 1094 2175 poeta
1112 2108 1201 2167 nunc

86 2190 215 2273 κύματα
238 2193 384 2281 ῥοχθεῖν,
403 2213 491 2256 nuno
514 2184 632 2272 κύματ’
658 2184 815 2288 [10οχ2010
836 2188 923 2268 dicit,
945 2190 1074 2276 utrique
1095 2189 1199 2278 signi·

84 2293 270 2359 ficationem
295 2293 464 2380 mugiendi
491 2303 523 2357 et
551 2290 641 2356 elteri
663 2316 681 2356 o
701 2288 925 2379 prostheticon
953 2292 1115 2370 tribuunt3
1143 2292 1199 2359 alii

84 2417 161 2462 vero
186 2394 250 2461 hoe
272 2394 313 2460 ab
336 2392 464 2483 ὀρέγειν
487 2393 682 2482 productum
704 2403 853 2471 censent,
882 2393 923 2460 de
945 2416 1010 2479 quo
1032 2393 1107 2481 ipso
1131 2394 1199 2458 dis·

85 2498 209 2583 ceptari
235 2496 320 2562 solet
343 2508 451 2562 utrum
472 2496 573 2560 latino
598 2515 712 2579 repere,
731 2499 914 2579 porrioere,
944 2495 1138 2561 successerit
1157 2516 1200 2562 an

85 2599 305 2665 antecesserit.
354 2595 456 2680 Παρὰ
484 2596 522 2664 ed
550 2602 609 2680 βρῖ
629 2596 741 2680 γέγονε
762 2597 853 2684 ῥῆμα
878 2592 990 2683 doddo)
1014 2596 1071 2663 aul
1091 2589 1200 2678 droun

85 2699 189 2785 βρΙμη
215 2701 295 2766 ΕΜ.
317 2699 398 2776 214,
433 2698 484 2763 12.
513 2696 601 2762 unde
627 2695 725 2761 etiam
751 2691 891 2783 ὄβριμος
912 2696 1032 2784 repetit
1052 2697 1125 2776 612,
1146 2698 1199 2765 23.

84 2800 207 2866 voculis
229 2812 398 2887 correptae
422 2822 554 2869 caueam
577 2798 784 2886 praeteriens.
823 2793 921 2879 Ὀξὺς
941 2799 1030 2881 idem
1051 2799 1124 2878 626,
1144 2800 1198 2866 49.

85 2900 183 2987 παρὰ
206 2901 243 2969 cri
267 2901 331 2982 ξὲω
351 2899 447 2985 (griso)
469 2924 553 2987 quae
570 2899 728 2967 voeabula
749 2896 810 2962 etsi
828 2897 1020 2986 plerumque
1037 2901 1200 2968 diversum

85 3001 211 3080 valent,
250 3012 356 3068 tamen
386 3003 549 3069 nonnullis
580 3002 662 3068 locis
695 2998 869 3083 ambigitur
896 3010 1003 3065 utrum
1034 2997 1201 3082 ἀποξῦναι

86 3103 295 3171 scribendum
325 3105 367 3171 sit
400 3128 441 3172 an
474 3103 644 3184 ἀποξῦσαι
672 3122 703 3165 v.
735 3100 923 3164 Buttmann.
957 3099 1041 3166 Lex.
1071 3101 1118 3166 11.
1150 3102 1200 3167 70.

87 3206 213 3272 Techn.
246 3209 316 3273 131.
352 3202 474 3284 ’Ότλος
501 3224 706 3270 communem
735 3222 809 3265 cum
834 3194 939 3280 dialog
961 3201 1120 3287 originem
1140 3199 1200 3268 hu·

86 3307 164 3373 bere
186 3308 280 3391 παρὰ
301 3308 339 3372 τὸ
363 3308 438 3373 old
463 3305 581 3373 Orioni
604 3303 797 3370 assentimur
816 3327 850 3392 p.
877 3303 948 3383 119,
969 3305 1018 3370 12.
1039 3298 1199 3391 Ὄμβρος,

87 3433 153 3494 quo
179 3421 296 3496 poetae
318 3419 451 3473 utuntur
473 3431 532 3495 pro
557 3407 648 3490 ὕδωρ
670 3430 700 3471 v.
720 3405 863 3471 Ellendt.
883 3405 968 3472 Lex.
991 3404 1095 3493 Soph.
1119 3404 1151 3474 h.
1169 3428 1200 3474 v.

87 3511 129 3573 ad
150 3511 242 3596 βρύω
264 3510 359 3575 retuli
382 3511 416 3574 in
440 3510 564 3575 Techn.
588 3510 639 3573 69.
664 3509 754 3594 quod
776 3507 913 3573 suadent
934 3509 1064 3594 glossae
1082 3504 1201 3595 Ἀνομ-

84 3616 229 3696 βροιῖσαι
259 3606 501 3694 &codicilorum
530 3611 623 3678 Suid.
649 3606 870 3695 Ἀναπηγάζει
893 3605 1054 3700 ἆνομβρεῖ
1083 3611 1199 3680 Zonar.

85 3737 116 3778 v.
135 3712 179 3778 ed
199 3713 254 3798 Aj.
274 3739 307 3802 p.
326 3713 378 3780 96.
398 3712 508 3780 adnot
529 3715 580 3781 13.
607 3709 763 3781 Absurde
780 3708 1008 3781 Cheroboscus
1027 3713 1062 3782 in
1076 3715 1199 3785 Psalm

156 3985 185 4055 5)
199 3983 379 4042 Praetermisi
397 3984 427 4039 in
444 3986 501 4041 hoc
519 4001 648 4040 sermone
669 3984 809 4055 quaedam
824 3982 906 4039 nimis
923 3981 1009 4039 dubia
1027 3979 1201 4052 11Ηοογοῂἰί

87 4072 209 4143 glossam
217 4066 334 4144 'Opiane
347 4074 392 4139 τῆς
403 4073 543 4142 αἶμασιᾶς,
562 4073 639 4143 quod
652 4070 700 4125 ulii
723 4066 820 4146 pae'pgou,
831 4069 878 4124 alii
891 4070 1011 4140 θριγχοῦ
1022 4065 1201 4150 scribendum
1312 4096 1326 4125 x

90 4167 201 4229 putant.
228 4158 322 4215 Schol.
341 4157 403 4213 Nic.
423 4156 510 4214 Ther.
529 4159 588 4213 868.
611 4152 729 4232 cippum
747 4152 804 4210 ἀπὸ
820 4156 868 4211 rori
884 4154 1039 4209 1111010106
1056 4175 1075 4209 α
1090 4155 1137 4208 καὶ
1154 4157 1203 4213 τοῦ

86 4247 169 4316 dilue
182 4242 196 4298 ὁ
210 4243 341 4316 propper
358 4262 373 4298 e
392 4245 455 4300 eod.
476 4243 599 4300 correxit
611 4241 810 4298 Schneiderus.
827 4233 946 4310 Ἐροχος
963 4235 992 4295 τὸ
1004 4237 1118 4314 δράγμα
1130 4239 1200 4299 Hes.

87 4331 205 4384 sortasse
217 4330 258 4386 sic
268 4329 403 4403 scriptum
414 4329 468 4387 suit
479 4332 563 4408 ῥᾶχος
578 4328 607 4386 τὸ
616 4323 749 4404 φράγμα,
762 4323 871 4382 aeolice
882 4321 1000 4441 Ὲριῐχοξ.

947 4409 967 4476 6
