2736 4778
198 365 255 432 DE
277 363 521 448 SYNAERESI,
543 363 744 433 DIAERESI
764 369 824 433 eto.
855 365 890 432 P.
901 364 926 432 1.
950 364 983 432 c.
996 367 1020 432 1.
1043 365 1111 452 §.2
1179 365 1218 432 13

100 546 179 612 opus
200 535 259 610 est,
284 526 391 617 Κῄϊος
412 529 604 612 producitur,
627 535 664 595 ut
687 526 802 618 Τὴΐος,
826 529 876 595 cui
898 527 1077 611 Stephanus
1098 478 1241 612 altingit

100 637 291 715 prototypon
318 634 417 711 Τέιος
443 632 496 698 κατ’
522 637 628 710 Teios.
672 631 824 700 Eiusdem
845 633 940 716 pretii
962 636 1037 698 sunt
1059 633 1161 712 Κέῖος
1187 636 1222 698 et
1326 676 1329 680 -

99 737 209 817 θεῖος,
242 735 326 800 unde
356 734 441 801 idem
466 733 535 800 192.
558 732 579 800 4
605 734 732 802 11219.
757 735 797 802 18
822 734 978 820 bisyllaba
1008 739 1086 801 nats
1116 740 1218 817 putet

99 837 167 904 Nec
179 836 274 905 fidem
284 836 362 905 lacis
372 838 425 903 ille
436 838 630 920 pronominis
642 836 731 904 Orth.
739 838 811 905 ilo.
825 837 866 904 10
878 832 1056 927 εὑρεθῆναι
1069 838 1124 906 καί
1136 836 1220 904 κατὰ

101 939 275 1009 διάστασιν
298 942 389 1011 δέῖνα
418 939 473 1007 καί
496 940 579 1007 κατὰ
597 939 793 1031 ’συναίρεσιν
816 935 835 1008 δ
858 944 966 1023 δεῖνα,
999 942 1039 1007 de
1061 960 1123 1024 quo
1145 941 1221 1007 alibi

101 1043 237 1110 dissensi
259 1041 419 1110 Elemm.l
441 1042 503 1108 576
526 1062 572 1128 sq.
616 1044 844 1113 AnomInibus
865 1044 980 1111 tertiae
1003 1043 1220 1111 declinationis

99 1149 184 1225 Δίας
211 1152 245 1212 01
274 1146 377 1226 Θείας
398 1145 470 1212 ΕΜ
492 1146 608 1214 tite
642 1147 793 1215 discernit
817 1147 938 1229 primae
970 1146 1008 1212 ιδ
1035 1145 1138 1227 Λιλας
1164 1147 1219 1214 καί

103 1247 205 1329 Θείας
226 1245 453 1334 ίσοσυλλιίβιος
474 1249 647 1334 ιιλίνονιαι,
670 1252 728 1319 sed
739 1256 855 1318 testem
866 1269 928 1316 000
940 1248 1077 1317 adhibet.
1099 1248 1220 1315 Iterum
1246 1274 1262 1309 a

99 1350 336 1419 choeroboecus
357 1351 377 1417 l.
400 1370 426 1418 c.
449 1369 479 1434 p.
500 1350 614 1419 268.1
652 1349 817 1423 οὐδέποτε
849 1353 888 1421 ιδ
921 1356 956 1427 αἶι
989 1351 1023 1421 λν
1052 1350 1220 1446 συλλήψει

98 1449 178 1520 δντα
201 1453 312 1538 ἔχουσι
342 1457 401 1545 τὴν
428 1455 451 1528 ἶ,
484 1459 730 1546 προηγουμένην
762 1455 862 1547 γιορὶς
895 1459 976 1540 μιᾶς
1010 1456 1128 1536 λέξεως
1164 1455 1220 1523 καὶ

98 1547 219 1646 curiana
253 1553 564 1647 ἀμφιβαλλομένης,
589 1556 842 1648 Ἡρακλελοκος,
869 1555 1117 1647 Ἦρανλεῖσιιος.
1172 1556 1221 1624 De

100 1661 206 1727 verbis
226 1661 288 1728 huc
310 1659 453 1727 referunt
481 1658 553 1741 είιο,
587 1653 659 1728 εἶτα
681 1662 765 1728 κατὰ
788 1660 960 1750 διαίρεσιν·
976 1661 1035 1729 ἔίω
1058 1660 1113 1728 καὶ
1136 1660 1220 1728 κατὰ

99 1760 278 1855 ἇφαίρεσιν
299 1768 360 1832 τοῦ
378 1762 464 1837 ἐ’ίω
486 1763 558 1830 Eli
580 1762 653 1830 475.
675 1765 726 1831 55.
769 1765 893 1832 Horum
914 1765 1053 1831 omnium
1076 1769 1220 1833 00010108
1308 1821 1317 1828 .

97 1869 250 1951 perleves,
273 1886 370 1934 cansa
390 1867 551 1935 levissima
573 1873 631 1934 cst
676 1866 740 1934 Sed
761 1868 825 1933 iam
846 1868 1015 1935 intervenit
1025 1868 1157 1935 verbum
1179 1865 1219 1933 ab
1318 1870 1326 1883 ⁴

97 1958 292 2037 Herodiano
309 1971 359 2038 bis
392 1971 589 2054 disputatum
616 1971 653 2038 11.
673 1969 721 2037 XI
744 1969 808 2037 ’198
840 1969 1038 2038 ccxviii
1073 1966 1221 2047 ἴσκοντες

94 2068 305 2162 Ἀρίσταρχος
332 2070 424 2153 δξιοῖ
450 2074 505 2141 διὰ
533 2078 593 2159 τῆς
612 2075 648 2145 ἐἶ
671 2070 862 2162 διφθόγγου
884 2070 1042 2163 γράφειν,
1076 2071 1151 2141 insi
1184 2072 1220 2140 λν

97 2178 221 2262 λείροις
248 2177 286 2244 td
314 2177 396 2244 κατὰ
424 2175 588 2263 διαίρεσιν
621 2171 724 2244 αδτοῦ
753 2171 875 2263 δρᾶται
906 2173 1005 2244 ἐΐσκω
1028 2172 1217 2262 λεγόμενον·

93 2275 250 2361 >rariter
280 2281 317 2348 δί
339 2279 396 2349 διὰ
418 2286 478 2349 τοῦ
497 2285 531 2351 ἰ’
544 2277 648 2364 μόνου
671 2280 943 2363 συνεσταλμένου·
966 2274 1057 2366 1ιοῖγώ
1079 2280 1117 2348 δὲ
1139 2276 1217 2347 τοδ-

97 2408 168 2463 τοις
189 2382 473 2471 συγκατατίθεμαι
499 2383 541 2451 τὰ
569 2383 626 2450 δεδι
654 2385 714 2449 τοῦ
737 2385 794 2454 oar—o
816 2377 948 2471 ῥήματα
974 2383 1020 2473 μὴ
1048 2379 1219 2452 δύνασθαι

97 2486 182 2571 ἔχειν
209 2487 277 2576 πρὸ
299 2487 423 2566 θίλοος
450 2484 639 2575 δίφθογγον
660 2484 915 2575 ἐκφαινουμίνην
936 2482 990 2553 δτι
1011 2484 1057 2575 μὴ
1080 2488 1139 2574 τὴν
1162 2483 1218 2553 διὰ

97 2588 211 2676 rodi]
240 2584 430 2679 πιφαύσκω.
474 2589 578 2656 Huius
605 2589 766 2672 praecepti
799 2587 871 2671 plus
902 2588 1218 2656 semel-mentionem

97 2693 194 2760 habui
221 2692 296 2759 alibi
328 2693 369 2759 ob
395 2694 474 2760 alias
502 2693 656 2774 ratIonas,
683 2711 713 2758 v.
734 2691 867 2758 Elemm.
889 2691 914 2758 L
935 2710 966 2774 p.
988 2692 1030 2757 57
1053 2711 1135 2777 sqq.,
1167 2691 1219 2758 hic

98 2802 205 2864 autem
227 2797 435 2878 repetendum
456 2797 531 2863 duxi
551 2814 614 2861 non
635 2800 702 2861 tam
716 2800 846 2878 propter
866 2794 909 2876 id,
931 2796 1015 2877 quod
1032 2796 1072 2863 de
1083 2795 1218 2863 diaeresi

97 2899 184 2966 verbi
211 2898 367 2982 trisyllabi
396 2899 523 2980 dicitur,
556 2917 653 2981 qnam
684 2899 761 2980 qcria
781 2898 923 2965 nonnulli
943 2898 1131 2978 Homerum,
1164 2897 1219 2964 ubi

95 3001 249 3087 bisyllabo
270 3002 436 3084 indigeret
458 3020 520 3067 non
541 2998 625 3069 ἴακω
649 3001 814 3083 scripsisse
836 3003 1025 3080 statuerunt,
1048 3000 1106 3066 sed
1120 2997 1219 3066 ἐΐσκω

50 3099 51 3104 ’
96 3125 154 3188 per
174 3105 339 3189 synizesin,
361 3100 584 3186 quaeffugitur
599 3103 768 3170 insolentia
778 3102 962 3186 diphthongi
984 3103 1024 3169 ab
1037 3102 1218 3169 Herodiano

95 3213 213 3274 notata.
256 3207 377 3275 Verum
397 3205 459 3272 lruc
485 3206 540 3272 ille
562 3207 701 3274 animum
728 3226 791 3273 non
812 3205 958 3273 advertit
994 3242 1031 3255 -
1067 3203 1112 3271 Os
1134 3204 1217 3271 chri·

97 3311 234 3377 edanum
260 3309 417 3392 resipiunt
444 3309 643 3377 substantiva
673 3328 745 3377 cum
776 3306 861 3390 θεός
898 3309 1071 3393 composita
1104 3301 1237 3379 dorla..

97 3413 229 3496 δεθεία,
263 3412 450 3497 πολυθεία,
484 3411 667 3503 φιλαθεΐα,1
698 3432 780 3497 quae
807 3414 882 3497 quia
908 3429 1070 3495 nunquam
1091 3416 1216 3479 0011111·

96 3515 224 3600 huntur,
247 3522 397 3584 anostra
418 3535 515 3584 causa
535 3522 657 3585 remota
679 3523 762 3597 sunt,
784 3535 887 3600 neque
906 3516 972 3582 -huc
981 3515 1119 3599 pertinet
1140 3516 1215 3584 sim-

96 3618 169 3704 plex
190 3620 306 3699 θέϊνος
326 3621 360 3687 in
380 3620 478 3686 Inscr.
501 3618 586 3686 Cret
607 3620 781 3702 inventum,-
800 3639 828 3686 v.
851 3619 927 3686 Ahr.
949 3618 1024 3686 Dor.
1046 3619 1103 3701 87,
1127 3620 1216 3687 cuius

99 3742 195 3790 sonus
228 3723 342 3790 recinit
376 3742 416 3789 ex
448 3723 672 3790 metusiasticis
705 3720 849 3815 irdi'aop,
879 3721 1031 3807 μιλέϊνος
1053 3728 1122 3804 etc,
1156 3722 1217 3789 Pa·

96 3827 165 3893 rall.
188 3825 261 3908 338,
285 3820 420 3917 ἇριῖνός
441 3825 592 3893 Tlemist
615 3824 669 3892 Or.
691 3824 771 3893 XIII
796 3825 857 3893 165
878 3826 930 3907 Β.,
958 3845 1020 3910 quo
1042 3825 1240 3908 elegantius·

98 3935 190 3996 sonat
218 3922 357 4019 ἇρηυιός
379 3927 493 4012 Georg.
514 3928 679 4013 Progymn.
712 3946 742 4011 p.
764 3928 827 3995 565
850 3928 885 3995 Τ.
907 3928 924 3995 1
950 3929 1049 3994 Walz.
1099 3927 1218 3996 Verum

96 4032 148 4099 hic
170 4033 233 4098 iam
254 4051 306 4098 me
329 4033 370 4099 ad
392 4032 529 4116 syllabas
550 4032 755 4116 paragogicas
777 4033 916 4099 delatum
938 4049 1009 4098 esse
1030 4031 1130 4098 video.
1152 4031 1217 4098 Ad·

97 4137 282 4203 iectivorum
309 4122 559 4218 possessivorum
586 4136 762 4217 distractio,
795 4153 877 4216 quae
909 4133 1035 4215 proprie
1068 4133 1218 4200 uibratur
1251 4152 1255 4158 ·

98 4239 233 4308 dlalecto
255 4239 416 4320 Aeolicae,
451 4255 674 4321 nonnunquam
696 4239 792 4305 etiam
819 4237 852 4302 in
873 4236 1004 4302 canticis
1025 4236 1216 4318 trogloorum
1342 4263 1347 4274 ·

97 4344 148 4409 vel
170 4343 344 4426 antiquitus
365 4346 495 4425 recepta
528 4342 579 4409 vel
612 4361 632 4408 a
660 4341 777 4408 criticis
805 4339 956 4423 adoptata
987 4345 1038 4407 est
1069 4358 1217 4417 numeros
1273 4322 1281 4333 ⁸
