2736 4778
188 334 255 409 DE
271 341 544 411 PARATHESI
559 342 622 409 ΕΤ
640 342 916 413 SCRIPTURA.
940 345 1051 415 c.1v.
1074 352 1100 434 ξ.
1111 348 1143 414 6.
1175 354 1247 427 621
1354 386 1363 399 “

135 548 205 615 que
230 526 331 596 m'odo
361 525 429 613 πρὸ
456 526 542 609 χθές
565 527 677 615 potius
709 550 817 615 qnam·
839 539 874 593 ut
903 530 1101 615 Apollonius
1130 553 1158 599 c.
1185 534 1251 611 Xl.

133 628 211 697 340.
234 638 268 695 et
286 626 388 693 bodie
406 626 528 695 Graeci
549 629 657 695 solent
674 629 827 715 προχθές
847 628 1055 696 scribendum
1077 653 1150 699 esse
1172 655 1250 720 pro·

95 792 99 805 ,
134 728 196 797 bat
214 728 317 795 altera
335 728 441 794 tom·
462 750 504 795 ex
525 729 652 797 duabus
674 729 820 819 partibus
841 732 982 795 conflata
1005 732 1177 816 προυχθές
1199 736 1250 819 (nt

133 820 335 919 προῦργου)
351 842 424 915 qno.
448 852 516 896 non
538 828 677 918 simplex
698 829 798 913 ἐχθές
830 832 1007 917 significari
1035 832 1163 899 videtnr
1190 837 1250 902 sed

131 932 257 999 nudius
277 930 409 1009 tertius3
430 927 555 997 veteres
582 954 659 998 vero
688 943 837 997 neutrum
865 945 1058 1019 receperunt
1087 934 1148 999 sed
1167 935 1251 1017 χθὲς

125 1032 196 1101 ’καὶ
216 1028 381 1123 naitono
404 1030 517 1098 dicunt
543 1034 595 1098 vel
621 1031 705 1115 χθὲς
725 1033 784 1100 καὶ
816 1030 942 1121 πρώην.
984 1034 1037 1100 Illi
1064 1034 1168 1102 simile
1189 1036 1249 1102 sed

132 1134 238 1203 multo
265 1132 422 1199 illustrius
449 1144 500 1198 est
527 1134 731 1217 προπέρυσι,
769 1134 861 1220 quod
888 1134 1067 1201 distrahere
1102 1158 1250 1203 veremur

133 1234 297 1323 obsequio
324 1234 424 1300 moris
451 1234 620 1300 inveterati
641 1270 683 1282 —-
709 1238 749 1322 τῇ
772 1236 838 1320 γὰρ
869 1240 983 1323 μακρᾷ
1013 1236 1178 1328 σννηθείᾳ
1207 1234 1245 1308 οὗ

131 1332 310 1421 δυνάμεθα
332 1328 580 1415 ἀντιτάξασθαι
606 1333 718 1416 Schol.
740 1336 841 1402 Dion.
865 1337 937 1414 718,
961 1337 1011 1401 10.
1056 1340 1108 1404 Ea
1137 1340 1247 1405 omnia

112 1436 334 1526 ”Apollonius
350 1434 588 1502 inconstantiae
605 1435 778 1523 impatiens
796 1438 943 1525 exceptis
963 1437 1159 1524 quibusdam
1176 1462 1245 1505 am·

130 1538 278 1628 plribolis
299 1536 343 1603 ad
362 1560 463 1603 unam
483 1536 612 1623 redegit
632 1537 776 1623 speciem
802 1538 914 1603 addita
934 1538 1073 1604 fortasse
1096 1539 1246 1607 uberiore

131 1638 341 1729 expositione
361 1660 460 1724 quam
480 1650 536 1704 aut
557 1637 689 1717 librarii,
709 1649 745 1704 ut
758 1638 869 1717 multa,
890 1639 1076 1705 reciderunt
1096 1650 1153 1706 aut
1172 1640 1245 1729 ipse

129 1740 167 1807 in
192 1740 292 1807 alium
312 1738 422 1806 locum
441 1740 576 1826 rejicere
593 1740 715 1806 maluit.
1110 1732 1113 1737 ’

214 1844 243 1929 ς.
263 1840 295 1907 6.
337 1842 463 1909 Verum
483 1840 610 1907 abhoc
638 1841 730 1919 loco,
760 1842 816 1926 qui
836 1862 923 1906 nunc
951 1851 1002 1907 est
1027 1841 1063 1908 in
1084 1840 1244 1920 manibus,

129 1944 253 2033 pedem
274 1941 394 2009 reterre
412 1964 479 2009 non
502 1962 637 2029 possum
665 1943 744 2029 quin
773 1942 897 2028 aliquid
925 1941 967 2007 de
1000 1941 1161 2008 adverbiis
1182 1966 1244 2008 nu·

119 2042 305 2125 ⁴moralibus
327 2040 494 2128 adjiciam,
523 2064 662 2127 quorum
683 2044 881 2109 mentionem
906 2042 1003 2108 infert
1033 2044 1243 2130 Apollonius.

122 2134 270 2224 uuella
289 2155 323 2211 et
342 2144 435 2229 quod
454 2144 489 2209 in
511 2142 552 2211 0.
573 2144 634 2210 Xl.
657 2144 730 2210 339.
754 2144 888 2210 strictim
907 2145 1007 2210 modo
1028 2144 1136 2231 attigit
1156 2138 1244 2213 ἀπο-

127 2242 218 2333 τρίς,
259 2268 325 2331 quo
353 2245 427 2312 loeo
460 2244 665 2331 reperiantur
693 2246 881 2332 ignoramus
910 2245 971 2310 sed
996 2244 1135 2331 legimus
1163 2268 1243 2312 sane

127 2344 180 2427 εἷς
204 2343 259 2427 δίς
279 2344 646 2433 (χειμώνὲπιγίγνεται)
663 2348 810 2434 Appian.
833 2344 947 2411 Mithr.
971 2369 999 2412 c.
1012 2347 1063 2412 78.
1087 2358 1119 2412 ct
1139 2348 1243 2414 multo

128 2446 274 2515 crebrius
295 2443 345 2525 εἷς
363 2446 435 2529 τρίς
455 2446 544 2513 Xen.
565 2448 675 2514 Anab.
700 2450 761 2515 lv.
783 2449 814 2514 2.
845 2448 906 2532 (4.)
932 2448 981 2512 16.
1005 2447 1174 2534 Theophr.
1195 2450 1240 2514 H.

127 2548 180 2615 Pl.
201 2548 268 2615 lx.
290 2548 321 2626 8,
343 2548 373 2612 7.
395 2547 496 2614 Paus.
507 2548 572 2614 IX.
598 2550 650 2615 34.
671 2550 811 2615 Lucian.
833 2548 984 2635 Philops.
999 2571 1027 2614 c.
1044 2550 1094 2615 12.
1118 2551 1240 2617 Athen.

124 2648 208 2718 XV.
230 2648 303 2714 701.
324 2648 366 2713 Ε.
387 2671 550 2733 nusquam
568 2672 647 2716 vero
668 2649 790 2737 ἐςτρίς,
820 2651 910 2736 quod
932 2650 1091 2717 in-Pind.
1115 2649 1171 2718 Ol.
1193 2653 1240 2720 11.

109 2750 179 2831 ,tta
204 2750 307 2835 (124.)
330 2748 428 2834 Pyth.
441 2750 501 2817 Iv.
517 2750 569 2815 61.
593 2751 697 2837 (109.)
721 2752 930 2817 aBoeckhio
953 2753 1089 2838 ejusque
1110 2774 1241 2820 sncces-

127 2850 257 2919 soribus
279 2849 402 2916 editum
430 2862 480 2917 est
508 2849 634 2920 sublato
659 2852 857 2938 syllabarum
884 2853 1051 2919 intervallo
1080 2877 1146 2939 quo
1169 2855 1240 2922 solo

126 2952 316 3042 appositum
338 2974 359 3016 a
381 2951 563 3040 composito
587 2954 727 3019 discerni
748 2966 873 3040 potest,
903 2977 977 3017 nam
1000 2965 1152 3021 accentus
1174 2978 1241 3021 non

125 3054 262 3143 migrat3
283 3053 343 3119 sed
363 3053 582 3141 appositionis
604 3053 734 3139 signum
756 3054 811 3118 dat
835 3066 929 3119 tenor
952 3054 1075 3141 duplex
1096 3055 1241 3121 adverbii

126 3154 187 3223 tat
204 3152 279 3241 τρίς
298 3154 413 3220 Diosc.
434 3154 522 3241 Eup.
545 3156 590 3221 ll.
612 3156 670 3233 20,
700 3156 774 3221 233.
796 3156 879 3220 Mat.
900 3156 942 3223 V.
968 3178 996 3221 c.
1023 3156 1080 3234 87,
1115 3155 1187 3222 750.
1210 3178 1239 3222 c.

125 3254 200 3334 102,
222 3254 294 3320 766.
337 3255 401 3321 His
424 3255 574 3321 omnibus
597 3256 664 3323 iere
685 3255 766 3322 locis
789 3257 817 3321 si
839 3256 978 3344 simplex
993 3255 1066 3342 τρίς
1083 3257 1239 3344 scriptum

126 3367 230 3437 esset,
260 3377 357 3422 nemo
379 3356 561 3442 quidquam
583 3358 624 3423 de
646 3356 831 3444 integritate
852 3358 1032 3424 sententiae
1062 3356 1241 3424 delibatum

125 3468 272 3546 putaret,
299 3458 442 3544 ideoque
467 3459 684 3547 Apollonium
712 3458 792 3524 haec
822 3481 954 3544 quoquc
986 3458 1133 3543 synthesi
1161 3458 1238 3525 snb-

120 3560 242 3647 jecisse
263 3560 430 3647 suspicor,
462 3581 519 3625 eos
540 3583 617 3627 vero
648 3561 705 3647 qui
734 3560 996 3649 praepositiones
1027 3582 1095 3625 non
1119 3571 1240 3629 temere

125 3662 268 3748 adjectas
289 3656 365 3727 'esse
386 3659 445 3727 sed
462 3662 727 3748 progressionem
748 3662 896 3747 adusque
915 3661 1046 3727 tertium
1056 3661 1240 3750 significare

124 3774 312 3842 censerent,
340 3762 397 3828 illa
424 3784 491 3829 non
512 3763 605 3829 aliter
631 3775 664 3828 et
685 3763 871 3830 enuntiasse
893 3775 926 3830 et
947 3764 1118 3852 scripsisse
1140 3788 1238 3851 quam

123 3861 174 3944 εἷς
194 3860 278 3942 ἕως,
300 3860 351 3942 εἷς
369 3862 464 3942 τέλος
482 3876 543 3931 etc.
565 3888 632 3932 non
654 3866 761 3931 solum
783 3863 932 3931 librarios
961 3866 1019 3931 sed
1043 3866 1139 3932 etiam
1166 3886 1237 3929 ma-

121 3988 221 4055 gnam
243 3976 370 4053 partem
402 3964 597 4053 scriptorum
624 3966 681 4052 qui
712 3988 868 4033 canonem
894 3968 1152 4055 Apollonianum
1179 3976 1237 4029 ant

121 4067 313 4155 ignorarent
337 4077 394 4131 aut
426 4066 559 4132 scholae
594 4068 844 4153 relinquendum
878 4068 1041 4133 ducerent.
1084 4068 1164 4133 Duo
1195 4065 1237 4131 ab

120 4168 173 4235 bis
210 4166 431 4234 numeralibus
472 4168 616 4233 derivata
653 4170 831 4257 scripturae
865 4180 1030 4234 momento
1066 4167 1238 4255 distinguit

121 4272 272 4340 Joannes
294 4293 328 4356 p.
341 4269 393 4334 23.
413 4267 472 4336 διὰ
494 4267 590 4356 τρίχα
612 4263 651 4336 oe‘·
674 4269 842 4347 συνθέτως
866 4262 911 4349 ὥς
936 4264 1103 4351 διάνδιχα.
1137 4267 1238 4337 Com·
